2373 2980
136 106 212 143 417

187 192 308 237 „Spes
336 190 499 223 nondum
537 189 789 230 obdormiunt,
826 188 954 234 quibus
987 190 1127 222 confido

555 254 634 274 cum
659 241 750 280 Diis,

187 293 295 338 Quod
319 290 415 325 hunc
439 292 671 333 interficiens,
696 291 876 336 potiturus
901 290 968 324 sim
993 288 1061 323 hac

186 344 300 377 Terra
326 341 513 378 Thebana.

185 397 277 430 Eteo.
300 394 450 428 Discede
469 407 511 428 ex
527 400 634 428 terra.
677 393 786 426 Recte
803 405 889 427 vero
907 404 1041 426 nomen
1058 392 1129 426 Po-

551 444 677 490 lynicis
701 450 806 489 pater

134 495 209 532 640
239 496 373 530 Indidit
405 496 471 530 tibi
503 496 624 530 divina
664 495 892 540 providentia
928 507 1128 539 cognomen

547 546 856 592 contentionis⁵⁶).

519 595 750 646 [Stropha]

185 649 284 683 Gkor.
314 647 470 683 Cadmus
494 649 592 682 venit
614 650 653 682 in
674 647 767 682 hanc
791 655 925 681 terram
952 659 994 680 ex
1015 646 1129 692 Tyro,

549 700 606 734 cui
630 701 835 745 quadrupes

184 749 306 783 Vitula
329 755 457 793 sponte
482 762 611 795 corpus
638 751 845 795 prostravit,

133 798 209 836 645
238 800 434 834 Oraculum
461 801 550 835 dans
571 808 711 841 ratum,
735 801 799 835 ubi
823 798 1014 834 habitaret.

186 851 342 896 Campos
366 851 461 884 enim
486 852 684 892 oraculum,

182 902 353 936 Ferentes
377 902 556 943 triticum,
578 904 655 936 loca
671 902 813 936 aedium
837 903 913 940 sore
929 901 1127 946 respondit,

546 954 608 987 ubi
633 952 783 999 pulcher
807 965 921 999 aquae

133 1002 208 1039 650
235 1004 382 1038 Fluvius
406 1004 530 1039 Dirces
550 1005 628 1038 fluit
653 1017 717 1050 per
738 1011 842 1050 prata
866 1003 1008 1042 florida,

182 1054 230 1088 Et
270 1067 335 1100 per
370 1067 494 1099 agros,
546 1054 719 1090 habentes
759 1056 959 1101 profundos
995 1055 1127 1091 sulcos;

544 1105 726 1141 Bacchum
748 1107 811 1141 ubi
838 1106 979 1151 peperit

184 1156 303 1190 Mater
326 1164 539 1202 conceptum
565 1170 606 1191 ex
630 1157 733 1199 love,
775 1171 882 1204 quem
905 1155 1037 1190 hedera
1062 1156 1129 1189 cir-

550 1210 717 1242 cumdata

134 1255 210 1292 655
239 1257 285 1290 Et
308 1258 469 1292 involuta
493 1260 613 1293 statim
631 1257 747 1293 adhuc
762 1272 913 1305 puerum
932 1258 1129 1292 virentibus

546 1311 733 1345 frondibus

184 1358 495 1395 obumbrantibus
533 1373 680 1396 servans
714 1362 817 1402 texit,
855 1359 989 1395 Bacchi
1023 1360 1129 1394 salta-

548 1412 686 1445 tionem

133 1459 209 1494 660
224 1460 432 1505 Virginibus
447 1460 660 1498 Thebanis*
671 1470 706 1497 et
722 1463 933 1498 mulieribus
950 1463 1131 1497 celebran-

546 1515 641 1549 tibus
659 1516 747 1549 festa
770 1514 924 1553 Bacchi;

463 1565 805 1611 [Anti-stropha]

185 1613 259 1647 Ubi
293 1626 496 1659 purpureus
532 1623 609 1650 erat
649 1618 778 1657 draco,
812 1616 942 1651 Martis
977 1616 1130 1649 crudelis

549 1674 678 1708 custos,

185 1716 355 1750 Flumina
381 1723 415 1750 et
437 1718 570 1752 fluenta

185 1767 390 1801 Viridantia
414 1770 602 1804 oculorum
629 1770 773 1814 pupulis

134 1817 211 1854 665
233 1819 373 1854 Passim
398 1822 601 1856 errantibus
625 1822 849 1861 custodiens,

187 1871 306 1916 Quem
337 1871 493 1908 Cadmus
523 1875 568 1906 ad
602 1873 746 1906 lavacra
778 1874 911 1906 vadens
943 1871 1131 1912 interfecit,

549 1936 732 1957 marmore

188 1973 380 2014 Sternens,
416 1987 561 2008 saevum
587 1981 695 2019 caput
719 1975 838 2008 cubito
856 1974 988 2007 iaciens
1006 1974 1130 2007 beluae

550 2025 690 2069 magnis
715 2026 877 2059 iactibus.
932 2056 937 2061 .

137 2073 213 2108 670
228 2074 358 2108 Postea
376 2076 525 2110 consilio
543 2077 701 2111 Palladis
713 2104 722 2118 ‚
749 2075 871 2123 *quae
889 2082 940 2110 est
956 2082 1038 2108 nata
1057 2075 1132 2108 sine

550 2135 677 2168 matre,

189 2175 329 2221 Sparsit
356 2179 498 2220 dentes,
531 2180 684 2214 iacentes
710 2178 748 2212 in
774 2185 889 2219 terra,
914 2179 951 2212 in
983 2179 1132 2223 profun-

551 2232 615 2265 dos
640 2232 767 2270 sulcos,

138 2277 215 2313 675
231 2278 316 2312 Inde
335 2281 456 2314 eduxit
471 2281 558 2316 tibia
570 2281 764 2316 *homines
781 2289 938 2316 armatos
954 2281 992 2314 in
1009 2293 1134 2326 super-

554 2334 670 2368 ficiem

192 2381 348 2423 Terrae,
371 2390 405 2416 et
431 2385 555 2418 caedes
576 2387 691 2419 ferrea
716 2386 795 2420 illos
818 2398 942 2419 rursus
966 2384 1123 2418 reddidit

194 2430 330 2467 Charae
349 2440 485 2473 terrae;
510 2436 640 2480 rigavit
659 2444 778 2472 autem
794 2444 929 2471 terram
947 2436 1132 2481 sanguine,

195 2482 294 2527 Quae
318 2485 432 2530 ipsam
456 2487 584 2522 lucidis

178 2632 226 2665 56)
247 2633 298 2656 nis
324 2634 417 2658 verbis
441 2635 470 2659 iu
493 2642 580 2667 marg.
600 2638 684 2662 Editt.
706 2638 798 2669 1558„
824 2638 899 2663 ¹562.
925 2637 1065 2667 adscripta
1093 2638 1136 2660 est

212 2669 281 2691 haec
304 2669 462 2694 annotatio:
496 2671 645 2701 Polynices
675 2673 867 2698 contentiosus
892 2674 954 2704 est,
986 2670 1073 2699 πολύς
1100 2671 1137 2698 εἰς

213 2709 286 2727 vetto
303 2722 309 2727 .

143 2711 326 2777 Μειᾼκτςιι.
351 2746 456 2777 oman.
481 2748 564 2778 Vm..
589 2749 711 2795 XVlII.

542 103 648 139 LVII.
694 101 1093 139 INTERPRETATIO
1119 101 1497 138 PHOENISSARUM
1521 100 1772 137 EURIPIDIS.

2103 104 2177 140 418

1183 238 1258 272 680
1289 238 1457 272 Ostendit
1478 240 1567 272 coeli
1577 186 1794 279 [ZZZ-2⁴⁸3}
1818 239 1863 273 Et
1888 246 1933 279 te,
1957 240 2018 286 qui
2041 253 2082 273 ex
2098 241 2177 274 avia

1234 287 1271 321 Io
1304 295 1409 323 natus
1442 302 1477 323 es
1502 291 1719 336 aliquando,
1764 303 1785 324 o
1814 289 1984 336 Epaphe,
2027 297 2104 325 orte
2137 305 2178 326 ex

1183 388 1259 424 685
1283 390 1440 430 Vocavi,
1465 340 1813 424 vocavilssxiiiffhara
1837 404 1923 425 voce

1234 440 1272 474 Io
1287 468 1296 481 ,
1323 441 1486 475 barbaris
1509 441 1673 486 precibus
1697 444 1842 483 accede,
1864 444 1990 477 accede
2017 445 2060 477 ad
2085 443 2178 478 hanc

1597 499 1751 530 terram;

1235 543 1319 576 Tibi
1336 555 1415 577 earn
1432 543 1567 588 posteri
1585 543 1842 583 condiderunt,
1868 544 1930 577 ubi
1945 545 2061 587 Deae,
2087 558 2178 591 quae

1598 592 1733 627 habent
1758 595 1829 628 duo
1852 596 2015 637 nomina,

1182 644 1258 679 690
1283 645 1524 691 Proserpina,
1550 652 1584 678 et
1611 645 1724 678 amica
1753 645 1877 685 Ceres,
1902 646 1976 679 Dea
2005 649 2167 682 omnium

1235 723 1257 738 ‚,
1267 696 1447 738 Domina,
1475 696 1655 741 (omnium
1675 696 1769 729 enim
1788 703 1882 730 terra
1902 700 2033 745 mater)
2057 701 2178 733 condi-

1599 749 1743 787 derunt,

1234 798 1338 832 Mitte
1361 798 1455 833 Deas
1479 799 1631 832 serentes
1655 799 1768 843 signa,

1183 848 1257 884 695
1286 850 1336 883 Ut
1361 851 1584 895 opitulentur
1607 848 1691 883 huic
1716 856 1845 883 terrae.
1892 850 2056 890 „Omnia
2083 852 2178 886 enim

1601 901 1680 935 Diis
1706 900 1822 934 facilia
1852 908 1946 935 sunt.

1229 951 1470 1000 [Eteocles‚
1502 954 1664 991 creon,
1698 954 1877 994 Chorus,
1916 955 2138 995 Tiresias,

1535 1000 1830 1049 Menoeceus]

1235 1055 1327 1087 Eteo.
1352 1053 1451 1087 Vade
1468 1060 1525 1093 tu,
1553 1059 1588 1086 et
1604 1051 1719 1087 adhuc
1735 1053 1922 1087 Menoecei
1942 1055 2068 1095 filium,

1236 1104 1448 1145 Creontem,
1471 1106 1619 1138 fratrem
1643 1116 1744 1138 meae
1770 1105 1895 1139 matris
1918 1104 2087 1146 locastae,

1236 1155 1284 1188 Ita
1306 1157 1446 1196 dicens,
1479 1157 1577 1202 quod
1602 1156 1645 1188 de
1672 1157 1813 1200 privata
1842 1162 1876 1189 et
1900 1157 2041 1202 publica
2067 1158 2179 1192 salute

1599 1213 1716 1240 terrae

1184 1259 1258 1293 700
1280 1257 1398 1291 Velim
1423 1271 1502 1292 cum
1526 1257 1604 1302 ipso
1629 1259 1792 1291 conferre
1815 1258 1976 1299 consilia,

1235 1310 1452 1355 Priusquam
1472 1309 1658 1343 veniamus
1678 1310 1715 1342 in
1733 1321 1891 1354 pugnam
1904 1336 1913 1349 ‚
1941 1316 1976 1343 et
1993 1312 2037 1343 ad
2056 1311 2181 1346 aciem.

1234 1361 1347 1406 Atqui
1362 1373 1530 1405 praesens
1545 1360 1697 1394 remittit
1705 1361 1865 1394 laborem
1876 1367 2020 1395 tuorum
2031 1363 2161 1407 pedum
2174 1377 2182 1402 ;

1235 1411 1349 1445 Video
1369 1413 1462 1445 enim
1483 1413 1600 1457 ipsum
1610 1412 1813 1445 venientem
1831 1413 1876 1445 ad
1886 1413 2034 1446 domum
2051 1426 2182 1449 meam.

1237 1465 1309 1498 Cre.
1337 1463 1513 1504 Accessi,
1528 1463 1573 1495 ob
1596 1463 1727 1496 multas
1753 1475 1874 1497 causas
1897 1470 1930 1497 te
1946 1464 2070 1498 videre
2091 1478 2181 1510 opus

1215 1548 1220 1553 Ι
1601 1511 1757 1554 habens,
1785 1527 1806 1547 o
1832 1526 1895 1547 rex

1186 1562 1260 1598 705
1284 1563 1458 1599 Eteocles.
1512 1564 1683 1610 Undique
1710 1572 1834 1609 portas
1859 1565 2122 1601 Cadmaeorum

1236 1615 1283 1649 Et
1310 1617 1473 1650 custodes
1497 1616 1645 1655 accessi,
1670 1622 1703 1648 te
1727 1628 1914 1661 quaerens.

1236 1669 1328 1701 Eleo.
1352 1666 1465 1713 Atqui
1488 1679 1552 1711 ego
1578 1667 1745 1700 volebam
1772 1674 1805 1701 te
1829 1667 1972 1709 videre,
2000 1681 2020 1702 o
2039 1669 2170 1704 Creon.

1236 1718 1398 1752 Omnino
1424 1719 1519 1752 enim
1544 1718 1667 1751 inveni
1692 1718 1836 1752 inutiles
1860 1720 2183 1761 reconciliationes,

1236 1770 1435 1816 Postquam
1461 1771 1506 1803 ad
1533 1782 1735 1811 sermonem
1763 1771 1846 1804 veni
1872 1783 1952 1804 cum
1979 1771 2162 1817 Polynice.

1186 1822 1261 1856 710
1285 1824 1358 1856 Cre.
1384 1821 1518 1855 Audivi
1534 1821 1651 1866 ipsum
1677 1821 1793 1856 maius
1818 1822 1991 1868 quiddam
2015 1824 2184 1868 cogitare,

1601 1885 1708 1918 quam
1735 1871 1891 1914 Thebas,

1237 1924 1416 1958 Affinitati
1438 1924 1586 1958 Adrasti
1610 1930 1644 1957 et
1667 1925 1837 1958 exercitui
1861 1926 2111 1961 confidentem.

1238 1975 1406 2017 „Verum
1439 1982 1583 2020 oportet
1614 1975 1681 2009 ista
1714 1978 1990 2021 suspendentem
2023 1978 2060 2011 in
2090 1978 2185 2012 Deos

1600 2026 1648 2059 ita
1678 2027 1901 2073 relinquere;

1237 2077 1340 2122 Quae
1356 2090 1442 2111 vero
1461 2077 1498 2110 in
1515 2078 1719 2122 praesentia
1738 2082 1873 2123 agenda
1894 2086 1987 2121 sunt,
2004 2080 2063 2113 illa
2078 2080 2184 2114 venio

1601 2129 1772 2164 dicturus.

1240 2183 1332 2215 Eteo.
1373 2180 1503 2225 Qualia
1535 2186 1620 2213 sunt
1649 2180 1740 2213 ista?
1782 2194 1856 2214 non
1891 2181 2051 2226 intelligo
2082 2188 2183 2216 tuum

1606 2231 1753 2265 dictum.

1188 2281 1263 2317 715
1289 2285 1362 2317 Cre.
1389 2282 1498 2315 Venit
1524 2283 1684 2326 captivus
1709 2283 1886 2327 quispiam
1912 2284 1956 2316 ab
1981 2283 2134 2328 Argivis.

1240 2337 1333 2369 Eteo.
1365 2334 1510 2367 Dicitne
1536 2333 1672 2378 aliquid
1697 2334 1783 2366 novi
1810 2335 1852 2367 de
1874 2335 1995 2380 rebus,
2021 2347 2113 2381 quae
2136 2336 2186 2369 ibi

1602 2383 1710 2418 sunt?

1242 2439 1314 2472 Cre.
1346 2436 1453 2482 Quod
1483 2436 1642 2481 undique
1674 2435 1806 2468 circum
1833 2442 1948 2471 turres
1974 2435 2184 2470 Thebanam

1607 2486 1787 2519 civitatem

1241 2538 1367 2572 Statim
1412 2537 1522 2571 armis
1565 2537 1849 2572 circumdaturus
1887 2539 1931 2572 sit
1967 2538 2183 2583 Argivorum

1605 2590 1789 2623 exercitus.

1241 2641 1332 2673 Eleo.
1356 2639 1492 2673 Suntne
1518 2640 1627 2685 igitur
1643 2641 1724 2674 urbi
1741 2639 1980 2675 Cadmeorum
2000 2642 2179 2676 efferenda

1607 2691 1732 2725 arma?

1618 2744 1668 2779 27
