2373 2980
0 123 46 180 52}
81 124 132 161 53

261 119 399 156 XLVII.

184 205 408 243 Observandi
434 211 516 238 sunt
539 211 573 238 et
598 208 777 241 cornetae,
821 201 894 235 sive
926 200 962 232 iu
992 199 1077 232 deli-

0 292 2 297 .
44 263 45 286 ἶ
83 261 194 308 quiis‚
221 259 294 293 sive
314 258 384 290 alio
402 256 529 302 quovis
546 262 706 299 tempore
732 253 928 285 effulserint
948 251 984 283 in
1000 250 1079 283 uni-

44 458 45 502 ἶ
83 465 201 499 Marte
229 464 385 502 cientur,

42 988 43 991 ¹
89 973 189 1008 sione
201 998 210 1012 ‚

81 311 273 348 vers-alium
291 316 483 342 eventuum
503 305 805 340 consideratione:
842 303 963 348 quales
985 307 1079 340 suut,

44 372 45 380 ¹
83 375 175 409 quae
201 366 376 395 vocantur
402 359 538 398 trabes,
576 358 700 396 tubae,
736 355 850 394 dolia,
896 366 936 387 ac
958 351 1080 386 huius-

82 414 194 448 modi.
263 411 406 446 Etenim
439 411 580 443 effectus
610 408 676 441 hae
708 407 873 451 pariunt,
909 405 1032 450 quales
1061 415 1078 435 a

427 474 467 494 ac
490 460 688 493 Mercurio:
733 464 773 491 ut
795 457 907 496 bella,
953 461 1081 493 aestus,

84 522 204 550 motus
222 514 464 552 turbulentos,
491 518 525 544 et
546 511 635 549 alia,
663 521 754 555 quae
780 508 844 542 ista
871 507 971 552 sequi
999 517 1081 538 con-

85 572 292 602 sueverunt.
345 563 532 597 Caeterum
549 562 678 606 quibus
704 560 790 593 locis
813 559 1025 591 minitentur
1049 563 1082 589 et

88 619 265 651 intentent
282 615 423 648 effectus
444 626 544 653 suos,
573 613 766 645 ostendunt
782 610 927 654 Zodiaci
953 614 1083 652 partes,

86 670 152 703 sub
174 667 301 712 quibus
326 665 491 698 collectae
517 664 612 707 ipsae
641 670 675 696 et
699 663 882 700 incensae,
924 660 1082 704 primum

87 718 300 754 exarserint;
343 723 418 749 tum
453 715 703 748 inclinationes
728 725 912 745 comarum
936 711 1083 744 crinitae

86 782 153 814 pro
170 768 309 801 ratione
325 768 473 800 formae.
522 765 574 798 Ex
592 765 667 810 ipsa
688 776 772 797 vero
793 762 1011 797 collectionis
1030 773 1085 794 ar-

42 850 43 855 ,
88 820 202 854 dentis
218 819 314 852 velut
329 818 417 851 sacie
438 830 477 850 ac
499 817 636 857 forma,
674 815 871 848 affectionis
895 813 1028 857 species
1053 818 1086 844 et

87 883 164 911 res,
192 870 228 902 in
251 882 358 915 quam
380 869 437 901 illa
456 880 647 913 pervasura
666 873 735 905 est,
764 866 973 899 innotescet.
1011 864 1086 897 Du-

88 922 183 956 ratio
197 921 362 953 flammae
379 921 420 953 de
438 926 628 952 eventuum
655 917 856 951 intensione
879 922 939 949 aut
964 915 1087 948 remis-

250 970 422 1004 liabitudo
457 972 502 1003 ad
528 970 646 1003 Solem
682 970 724 1002 de
750 969 852 1002 initio
877 968 1088 1005 eorundem,

92 1022 236 1070 quando
262 1023 417 1067 primum
441 1022 630 1061 invadent,
667 1020 819 1053 docebit.
888 1019 981 1053 Nam
1008 1030 1088 1051 cum

91 1074 290 1108 matutinae
314 1074 465 1113 fuerint,
494 1073 626 1118 diuque
649 1071 855 1115 flagrarint‚
885 1070 1089 1107 celeriores;

92 1126 149 1161 sin
164 1125 386 1169 vespertinae
398 1151 407 1165 ,
435 1124 610 1157 tardiores
627 1130 773 1156 eventus
791 1128 956 1166 arguunt.

409 1211 462 1242 De
490 1210 660 1242 novilunio
684 1209 780 1240 anni.

197 1277 393 1321 Postquam
413 1275 571 1319 exposita
587 1276 690 1308 nobis
706 1281 755 1308 est
773 1273 864 1306 ratio
882 1271 1093 1305 universalis

97 1327 395 1362 considerationis
417 1339 563 1366 eorum,
592 1338 683 1371 quae
708 1324 914 1368 regionibus
940 1331 973 1356 et
998 1324 1094 1356 urbi-

95 1380 161 1413 bus
180 1379 461 1423 portenduntur:
490 1377 651 1421 sequitur
677 1389 771 1408 nunc
796 1375 962 1408 subtilior
988 1386 1095 1419 quae-

96 1431 180 1463 dam
200 1428 388 1474 exquisitio
406 1439 529 1460 eorum
542 1454 550 1467 ‚
579 1439 671 1472 quae
688 1427 835 1470 singulis
856 1426 940 1458 anni
958 1432 1096 1468 tempo-

95 1480 194 1514 ribus
212 1485 381 1513 eventura
400 1479 481 1512 sint.
537 1478 645 1512 Cuius
661 1478 711 1511 rei
728 1476 895 1511 tractatio
913 1477 1094 1522 quandam

95 1531 249 1577 requirit
263 1532 306 1564 de
325 1530 512 1564 novilunio
531 1529 617 1562 anni
641 1529 933 1574 disputationem.
988 1527 1096 1572 Quod

95 1583 205 1627 igitur
236 1582 324 1616 illud
346 1582 562 1626 principium
587 1582 665 1626 capi
689 1576 855 1625 dporteat
876 1580 913 1612 in
939 1579 1097 1624 qualibet

98 1632 191 1668 Solis
209 1634 461 1674 conversione,
490 1645 507 1665 a
526 1633 642 1666 reditu
662 1634 707 1665 ad
724 1633 841 1665 locum
854 1658 863 1671 ‚
896 1632 989 1664 unde
1007 1630 1097 1663 exie·

97 1692 174 1725 rat,
201 1685 277 1729 ipsa
296 1697 350 1718 res
366 1686 491 1724 docet,
520 1697 598 1717 cum
618 1684 744 1716 effectu
762 1685 858 1727 ipso,
887 1688 962 1715 tum
987 1682 1095 1714 etiam

97 1735 258 1770 nomine.
312 1736 426 1780 Quale
445 1736 523 1781 quis
540 1741 656 1768 autem
677 1734 893 1778 principium
913 1733 948 1765 in
966 1733 1096 1765 circulo

96 1787 306 1831 simpliciter
338 1788 550 1825 constituat,
595 1787 743 1818 omnino
777 1785 992 1828 cogitatione
1024 1796 1098 1816 non

99 1837 318 1883 deprehendi
334 1851 436 1882 posse
455 1838 607 1870 videtur.
667 1836 706 1869 Iu
729 1849 770 1869 eo
790 1836 934 1881 quidem
954 1836 1099 1875 circulo,

97 1890 162 1936 qui
176 1902 241 1934 per
259 1891 416 1922 medium
440 1889 624 1933 signorum
648 1888 809 1927 ducitur,
842 1886 1020 1930 probabili
1044 1898 1100 1919 ra-

99 1941 197 1974 tione
215 1941 474 1985 principiorum
494 1941 573 1972 loco
592 1940 723 1973 assumi
742 1945 889 1983 possunt
906 1944 1036 1982 puncta
1055 1938 1100 1970 ab

101 1992 376 2037 aequinoctiali,
403 1999 436 2025 et
452 1992 590 2024 duobus
607 1991 742 2035 signata
762 1990 919 2028 Coluris,
948 1987 1014 2021 hoc
1038 1994 1101 2028 est,

100 2043 184 2076 bina
205 2043 479 2088 aequinoctialia
499 2049 532 2075 et
548 2042 630 2074 bina
649 2042 798 2086 tropica.
843 2041 911 2073 Sed
929 2052 1051 2073 rursus
1067 2046 1102 2072 et

99 2092 160 2128 hic
185 2095 349 2127 dubitare
373 2094 451 2139 quis
475 2094 625 2138 poterit,
668 2106 739 2138 quo
765 2098 897 2136 puncto
928 2098 1100 2136 tanquam

102 2145 276 2190 primario
295 2151 328 2178 et
345 2145 506 2189 principe
524 2151 655 2177 utatur.
705 2143 753 2176 Et
771 2143 914 2189 quidem
933 2141 1103 2186 simplicis

104 2209 145 2230 ac
161 2196 343 2230 circularis
360 2203 509 2229 naturae
526 2195 746 2240 proprietate
764 2195 1000 2233 considerata,
1025 2193 1104 2226 nul-

103 2248 179 2281 lum
211 2246 341 2280 horum
376 2254 547 2293 tanquam
574 2247 683 2280 totius
709 2247 862 2279 ambitus
888 2244 1103 2289 principium

105 2300 184 2332 erit.
237 2300 404 2331 Attamen
423 2299 485 2344 qui
503 2300 544 2331 de
561 2296 615 2331 his
632 2299 738 2331 rebus
756 2296 989 2330 commentati
1009 2302 1105 2335 sunt,

105 2362 179 2384 uno
202 2350 324 2395 aliquo
350 2348 480 2383 horum
505 2356 661 2395 quatuor
687 2355 901 2392 punctorum
928 2347 981 2380 usi
1012 2353 1106 2386 sunt,

107 2402 178 2434 alio
197 2413 282 2434 sane
300 2401 410 2441 alius,
444 2408 552 2445 prout
574 2401 724 2446 quisque
749 2400 805 2432 vel
826 2399 1026 2431 rationibus
1051 2399 1107 2430 vel

104 2459 258 2486 naturae
287 2465 372 2486 suae
403 2453 530 2485 affectu
554 2454 597 2485 ad
625 2450 692 2484 hoc
719 2451 851 2483 illudve
877 2451 1106 2484 statuendum

105 2505 235 2537 ductus
251 2510 313 2537 est.
364 2503 508 2537 Etenim
527 2501 594 2536 hae
610 2509 730 2547 partes
752 2502 912 2546 singulae
938 2500 1106 2534 eximium

180 2594 225 2617 vet
244 2589 313 2616 καθ’
334 2589 348 2615 3
368 2589 435 2620 «hog
466 2592 516 2615 Ed.
534 2591 607 2617 1553.
628 2591 713 2614 male:
748 2590 821 2621 iltis,
847 2589 876 2612 in
896 2595 974 2618 quam
990 2607 995 2613 .
1012 2608 1018 2614 .
1034 2606 1039 2612 .
1053 2588 1109 2612 Ca-

182 2628 317 2651 merarius
336 2628 405 2650 hune
426 2628 512 2649 locum
531 2626 572 2649 sic
600 2626 800 2655 interpretatus
827 2626 886 2648 est:
918 2625 965 2647 Sin
991 2624 1109 2652 [eoloris

181 2662 352 2692 proprietas]
377 2667 538 2691 quacunque
557 2666 573 2683 a
591 2662 669 2690 parte
688 2659 867 2689 apparuerit,
895 2660 956 2682 illis·
973 2659 1109 2690 partibus

184 2697 216 2719 in
240 2703 313 2726 qaas
341 2702 372 2719 se
397 2695 553 2725 proprietas
579 2695 627 2718 illa
652 2694 811 2724 inclinabit,
837 2693 916 2722 [scu.
942 2693 1036 2716 futura
1062 2692 1111 2715 de-

176 2730 284 2758 cernit]
289 2747 295 2754 .

449 113 850 153 INTERPRETATIO
875 112 1045 149 OPERIS
1073 111 1460 158 QUADRIPARTITI
1482 111 1765 147 PTOLEMAEI
1792 113 1881 148 LIB.
1904 113 1946 147 II.

2077 101 2134 148 54'

1132 199 1301 243 quiddam
1327 198 1480 239 habent,
1523 212 1585 233 cur
1611 199 1827 243 principium
1854 206 1888 232 et
1907 212 2041 232 novum
2066 210 2128 231 an-

1131 262 1217 282 num
1244 250 1424 284 vindicare
1448 251 1515 284 sibi
1539 251 1614 284 iure
1640 251 1840 284 videantur.
1899 250 2130 295 Aequinoctii

1132 300 1233 333 verni
1251 302 1437 344 proprium
1459 309 1527 341 est,
1565 304 1660 347 quod
1678 303 1806 335 diurna
1825 301 1940 345 spatia
1958 308 2042 333 tunc
2057 301 2130 344 pri-

1134 364 1230 385 mum
1249 358 1370 385 noctes
1386 365 1553 396 superare
1573 353 1766 397 incipiunt,
1797 354 1964 398 quodque
1990 359 2130 395 tempus

1134 409 1185 436 est
1204 403 1425 435 affluentium
1444 402 1710 437 liumiditatmu.
1763 405 1810 436 At
1832 402 2054 437 humiditatis
2078 402 2132 436 vis

1134 454 1380 498 potissimum,
1408 461 1447 486 ut
1465 461 1498 486 et
1515 461 1617 486 antea
1634 455 1807 494 diximus,
1834 455 1871 487 in
1896 455 2049 488 exordiis
2075 466 2133 497 ge-

1134 506 1274 538 niturae
1298 511 1434 549 regnat.
1503 505 1722 545 Solstitium,
1762 506 2007 549 longissimum
2038 505 2133 538 diem

1136 557 1291 590 adducit.
1346 557 1450 600 Apud
1461 557 1656 601 Aegyptios
1668 556 1711 601 ¹3)
1731 569 1815 588 vero
1838 564 1871 589 et
1885 557 1957 590 Nili
1978 558 2134 590 e'xunda-

1137 609 1272 641 tionem
1291 609 1417 647 adfert,
1447 614 1481 640 et
1496 609 1537 639 de
1558 614 1638 640 ortu
1651 607 1756 640 Canis
1774 609 2057 641 conunonefacit.
2092 606 2132 639 In

1138 660 1404 705 aequinoctium
1423 659 1630 691 autumnale
1654 659 1779 691 incidit
1807 665 1945 702 tempus
1970 660 2137 702 colligen-

1138 713 1265 744 darum
1298 717 1332 743 et
1365 711 1656 754 reponendarum
1686 711 1854 753 frugum,
1901 716 1934 742 et
1963 710 2064 754 quasi
2094 711 2136 742 de

1138 774 1233 795 novo
1267 768 1383 794 terrae
1415 762 1551 794 semina
1585 762 1814 794 mandantur.
1882 760 2017 793 Bruma
2053 761 2139 800 dies,

1140 813 1203 859 qui
1228 820 1331 846 antea
1358 814 1610 852 decreverant,
1646 824 1774 855 augere
1797 824 1920 845 rursus
1944 824 1984 844 ac
2006 813 2140 856 produ-

1140 877 1218 897 cere
1243 863 1381 908 incipit.

1240 916 1309 949 Sed
1329 914 1416 948 mihi
1438 915 1707 949 convenientius
1727 923 1760 949 (t
1777 914 1977 948 naturalius
1999 926 2070 948 esse
2089 913 2140 945 vi-

1142 970 1266 1008 detur,
1309 968 1353 1000 ad
1379 968 1589 1001 indicandos
1615 974 1761 1000 eventus
1783 979 1945 1007 annuos,
1985 972 2140 1012 quatuor

1144 1031 1322 1053 assumere
1342 1019 1517 1063 principia
1530 1046 1538 1059 ‚
1569 1019 1764 1052 observatis
1782 1019 1840 1058 iis,
1870 1031 1960 1064 quae
1980 1019 2142 1063 proxime

1144 1076 1431 1116 praecesserunt,
1459 1070 1654 1103 noviluniis
1671 1070 1762 1103 Solis
1781 1077 1815 1103 et
1829 1069 1972 1110 Lunae,
2007 1082 2047 1102 ac
2070 1071 2144 1114 ple-

1144 1121 1291 1155 niluniis
1311 1127 1344 1154 et
1361 1121 1513 1154 maxime
1532 1122 1561 1155 si
1576 1122 1613 1153 in
1633 1122 1761 1166 quibus
1777 1120 1907 1154 horum
1932 1123 2145 1155 alterutrum

1145 1173 1322 1206 luminum
1339 1173 1525 1211 defecerit;
1560 1179 1666 1218 atque
1693 1174 1741 1205 ita
1767 1173 1936 1206 iudicium
1961 1174 2075 1206 facere
2102 1174 2145 1206 de

1146 1231 1241 1258 statu
1256 1224 1347 1256 veris
1364 1237 1405 1257 ex
1421 1224 1599 1268 principio
1619 1224 1771 1264 Arietis,
1799 1226 1842 1257 de
1863 1231 1995 1258 aestate
2015 1237 2033 1257 a
2055 1224 2146 1258 Can-

1148 1288 1229 1315 cro,
1270 1276 1313 1307 de
1337 1282 1511 1308 autumno
1540 1288 1557 1307 a
1582 1268 1713 1315 Libra,
1756 1276 1798 1308 de
1832 1273 1949 1309 hieme
1975 1288 1994 1308 a
2021 1275 2145 1320 Capri-

1148 1338 1271 1360 corno·
1324 1326 1417 1360 Nam
1444 1326 1538 1370 ipsas
1565 1326 1708 1371 quidem
1734 1326 1951 1360 universales
1976 1327 2146 1360 constitu-

1149 1378 1264 1410 tiones
1288 1383 1512 1421 temporum,
1554 1384 1587 1409 et
1612 1378 1737 1411 modos
1754 1378 1814 1411 Sol
1840 1378 1950 1422 parit:
1994 1379 2089 1411 unde
2114 1384 2148 1411 et

1149 1429 1291 1474 penitus
1311 1427 1468 1472 imperiti
1487 1426 1743 1461 mathematum
1762 1435 2002 1473 praenoscunt
2015 1429 2148 1464 sutura.

1251 1478 1322 1511 Sed
1337 1485 1371 1512 et
1384 1479 1568 1523 signorum
1588 1480 1825 1524 proprietates
1850 1482 1894 1513 ad
1919 1480 2148 1525 significatio-

1149 1543 1211 1564 nes
1229 1536 1421 1564 ventorum
1439 1538 1473 1564 et
1491 1531 1710 1575 generalium
1733 1531 1947 1577 qualitatum
1966 1543 2149 1566 assumen-

1150 1583 1215 1615 dae
1233 1587 1326 1615 sunt.
1341 1623 1347 1626 .

1252 1633 1299 1665 At
1316 1631 1577 1672 mutationum,
1606 1646 1696 1678 quae
1721 1633 1757 1666 in
1782 1634 1855 1678 ipsa
1882 1641 2045 1679 tempora
2068 1646 2150 1678 par-

1151 1684 1324 1717 ticulatim
1350 1683 1528 1724 incident,
1562 1684 1782 1717 incrementa
1809 1692 1870 1719 aut
1893 1686 2150 1719 diminutiones

1152 1735 1362 1768 indicabunt
1388 1735 1639 1768 universaliter
1666 1737 1809 1782 quidem
1842 1737 1979 1770 vicinae
2010 1738 2151 1781 punctis

1152 1787 1342 1832 praedictis
1372 1786 1548 1819 luminum
1575 1787 1844 1821 coniunctiones
1868 1795 1901 1821 et
1925 1789 2151 1833 planetarum

1153 1851 1231 1871 cum
1256 1836 1310 1871 his
1334 1838 1652 1880 configurationes;
1687 1839 1927 1882 particulatim
1955 1852 2040 1873 vero
2069 1852 2152 1872 con-

1153 1902 1291 1933 gressus
1309 1890 1504 1921 eorundem
1523 1889 1560 1921 in
1583 1889 1730 1933 singulis
1754 1890 1863 1934 signis
1888 1898 1921 1924 et
1943 1891 2152 1935 plenilunio,

1154 1942 1309 1986 itemque
1331 1939 1513 1973 stellarum
1540 1941 1726 1974 transitus:
1763 1954 1870 1986 quam
1898 1942 2153 1976 consideratio-

1154 2004 1236 2024 nem
1256 1997 1475 2024 menstruam
1494 1993 1684 2024 nominare
1701 1992 1793 2026 licet.

1154 2070 1208 2102 De
1239 2069 1445 2112 particulari
1478 2069 1510 2100 υἱ
1544 2073 1575 2101 et
1611 2073 1737 2101 natm-a
1771 2070 1944 2111 signorum
1978 2070 2023 2102 ad
2060 2070 2151 2102 aeris

1419 2120 1671 2153 constitutiones
1698 2121 1895 2154 variandas.

1258 2178 1315 2211 Ad
1345 2189 1480 2210 annuas
1508 2179 1778 2212 constitutiones
1795 2179 2022 2218 iudicandas,
2049 2184 2153 2211 notas

1158 2241 1230 2262 esse
1249 2235 1389 2272 oportet
1410 2228 1514 2260 etiam
1535 2229 1775 2272 particulatim
1798 2230 1976 2263 naturales
1993 2229 2155 2274 proprie-

1158 2286 1246 2313 tates
1261 2280 1459 2323 signorum.
1513 2280 1695 2324 Quantum
1715 2281 1808 2313 enim
1827 2282 1872 2314 ad
1896 2281 1988 2314 aeris
2015 2287 2049 2313 et
2070 2292 2155 2313 ven-

1159 2338 1277 2364 torum
1306 2331 1523 2364 mutationes
1555 2332 1735 2365 stellarum
1766 2332 2008 2376 singularum,
2049 2331 2156 2364 nimi-

1159 2394 1238 2415 rum
1263 2382 1489 2426 planetarum
1515 2389 1548 2414 et
1574 2382 1810 2415 inerrantium
1835 2383 2037 2423 stellarum,
2064 2394 2155 2428 quae

1161 2434 1312 2478 planetis
1346 2433 1465 2465 nativa
1503 2433 1538 2465 vi
1574 2439 1680 2478 atque
1716 2434 1897 2468 effectibus
1942 2440 2156 2478 congruunt,

1162 2492 1335 2530 quantum
1354 2485 1398 2516 ad
1418 2490 1606 2517 ventorum
1628 2491 1659 2516 et
1677 2491 1832 2530 quatuor
1848 2486 1932 2518 anni
1952 2493 2155 2529 temporum

1160 2543 1291 2570 statum
1310 2537 1444 2579 integra
1462 2535 1561 2578 signa
1587 2536 1792 2577 conserant,
1826 2549 1891 2570 nos
1914 2549 2020 2582 supra
2049 2548 2156 2580 expo-

1161 2587 1308 2621 suimus.
1346 2586 1494 2619 'Restat
1517 2598 1632 2627 nunc,
1672 2594 1712 2620 ut
1745 2588 1978 2632 particulares
2011 2598 2154 2632 quoque

1162 2639 1344 2682 signorum
1363 2644 1510 2670 naturas
1526 2650 1796 2683 persequamur.

1199 2723 1246 2750 13)
1265 2721 1436 2752 Aegyptios]
1456 2721 1505 2744 Ed.
1526 2720 1598 2743 1553.
1616 2721 1770 2750 Aegyptos.

1472 2754 1535 2789 4.
