2373 2980
114 87 188 124 789
629 85 736 120 LXV.

162 173 338 207 Excubias
368 183 492 216 agere,
534 171 737 216 vigilando,
783 179 818 207 et
849 172 1111 217 exploratorem

522 235 670 257 n'dVlUssi

114 274 188 312 525
214 275 403 319 Excipere;
431 286 516 308 nam
534 275 565 309 si
582 282 634 309 est
649 276 788 316 salvus,

161 327 237 361 Iam
255 326 527 372 appropinquat
545 327 727 362 exercitui.

485 401 741 452 [Sta-opha]

163 473 260 508 chor.
290 470 399 505 Cuius
414 470 486 504 iam
505 478 557 505 est
572 472 692 516 vigilia
705 499 715 514 ‚
744 472 823 518 quis
839 484 904 517 per
921 471 1014 505 vices
1035 483 1112 505 suc-

526 523 620 556 cedit

160 572 251 621 Mihi
270 573 454 619 primum?

161 625 233 658 Iam
253 625 420 659 occidunt
435 625 535 670 signa
554 631 588 658 et
604 625 874 670 septemgradae

110 675 185 710 530
212 677 378 711 Pleiades
399 674 596 715 aetheriam

160 728 269 762 Volat
287 729 406 775 aquila
425 728 461 761 in
478 728 596 761 medio
613 726 714 760 coeli.

158 779 456 825 Expergiscimini
473 779 577 825 (quid
592 776 851 823 cuuctaminff)
870 790 887 810 e
907 777 1022 818 lectis,

158 831 457 875 Expergiscimini
474 832 518 864 ad
536 829 706 874 vigiliam.

159 882 242 916 Non
262 883 391 916 videtis
408 883 514 915 lunae
529 878 783 926 splendorem?

108 929 182 968 535
210 935 352 967 Aurora
370 946 482 979 prope
502 939 572 973 est,
603 944 733 965 aurora

157 985 232 1019 lam
253 986 311 1026 fit,
339 992 373 1018 et
390 985 468 1031 quis
487 997 553 1030 pro
569 982 730 1017 foribus?

157 1037 298 1082 Aliquis
314 1037 409 1069 enim
428 1036 483 1069 vir
499 1038 608 1069 adest.

156 1089 385 1124 semia-horus.
415 1087 504 1133 Quis
520 1087 703 1120 renuntiat
720 1085 855 1130 primas
873 1083 1063 1118 excubias?

156 1141 304 1174 Semich.
334 1139 538 1172 Coroebum
549 1138 609 1185 23),
632 1137 825 1183 Mygdonis
844 1136 955 1170 filium
974 1136 1108 1170 dicunt.

106 1189 182 1225 540
210 1191 357 1225 Semiclz.
386 1190 475 1235 Quis
493 1196 574 1234 post
592 1188 698 1223 eum?

158 1243 305 1276 Semich.
335 1240 460 1275 Cilices
478 1240 642 1274 excitavit
658 1239 831 1273 exercitus
851 1237 1074 1272 Pannonius.

156 1294 304 1328 Semiclt.
332 1293 445 1326 Nobis
461 1298 705 1326 successerunt
723 1291 827 1336 Mysi.

156 1345 303 1379 Semich.
331 1343 460 1389 Lycios
479 1344 587 1388 igitur
604 1345 649 1376 ad
666 1343 830 1388 quintam
847 1341 1005 1385 vigiliam

156 1395 231 1428 Nos
246 1396 422 1439 digressos
440 1395 613 1434 excitare,

105 1443 180 1480 545
208 1446 369 1491 Tempus
386 1452 437 1480 est
454 1459 521 1491 pro
542 1445 668 1479 ordine
685 1443 804 1478 sortis.

427 1527 782 1579 [Antistroplza]

157 1601 304 1635 Semich.
331 1599 443 1646 Atqui
463 1600 590 1634 audio:
619 1601 665 1633 ad
681 1598 875 1636 Simoentis

157 1652 291 1685 Sedens
310 1651 416 1685 nidos

155 1702 315 1744 Letales,
343 1703 441 1736 cauit
459 1702 650 1747 multiplici

155 1754 252 1788 Voce
270 1754 408 1788 amissis
423 1753 529 1798 pullis

49 1797 51 1799 ¹
105 1803 181 1840 550
209 1806 345 1841 Musica
365 1805 511 1840 luscinia
532 1816 619 1849 prae
636 1805 745 1838 luctu.

153 1857 228 1890 Iam
247 1864 444 1903 pascuntur
462 1857 499 1889 in
518 1855 580 1889 Ida

156 1909 308 1953 Greges;
343 1915 541 1942 nocturnae

154 1960 311 1994 Fistulae
328 1972 451 1993 vocem
468 1959 589 1993 audio.

155 2012 345 2045 Demulcet
362 2011 484 2045 oculos

104 2061 179 2098 555
206 2064 378 2102 Somnus;
407 2062 631 2096 dulcissimus
648 2060 743 2093 enim
761 2060 790 2095 is
807 2058 905 2093 venit

153 2115 340 2160 Palpebris
357 2115 448 2148 circa
466 2126 648 2147 auroram.

151 2169 299 2204 Semick.
325 2166 398 2200 Cur
422 2167 566 2199 taudem
592 2176 666 2198 uon
691 2161 961 2208 appropinquat
985 2173 1106 2206 specu-

515 2217 630 2258 lator,
658 2227 765 2262 quem
782 2214 930 2249 navium

155 2271 287 2304 Hector
304 2269 402 2304 misit
420 2266 709 2315 exploratorem?

154 2323 301 2358 Semick.
330 2321 473 2359 Metuo;
508 2322 570 2355 diu
589 2320 683 2354 enim
701 2319 811 2353 abest.

105 2372 180 2419 560
206 2373 410 2419 Semich.²²)
445 2373 550 2419 Quod
576 2372 605 2407 si
631 2372 668 2405 in
695 2371 850 2405 occultas
874 2368 1022 2405 insidias
1053 2370 1105 2403 iu-

519 2424 639 2459 cidens

155 2476 288 2517 Periit,
314 2477 384 2511 cito
403 2476 471 2510 erit
488 2476 692 2521 trepidatio.

139 2596 187 2624 23)
207 2596 375 2624 Coroebum]
395 2595 436 2618 sic
454 2594 555 2624 scripsi
575 2594 622 2621 (=
641 2594 724 2619 Editt.
750 2595 854 2617 recent.
873 2591 1028 2625 Κόροιβονς
1053 2593 1102 2618 Ed.

172 2630 258 2656 Basit.
279 2630 353 2653 1551.
373 2627 531 2661 Κόρυβον);
556 2630 640 2653 Editt.
662 2629 752 2659 1558.‚
781 2629 856 2653 1562.
876 2629 1055 2653 Chol-ochum.

138 2673 186 2705 24)
208 2673 345 2702 Semich]
364 2673 404 2696 sie
419 2674 503 2697 Editt.
524 2675 626 2698 recent.
645 2678 733 2702 aeque
750 2678 782 2696 ac
796 2672 845 2698 1⁴:01,
857 2672 943 2697 Basil.
964 2672 1056 2702 1551.;
1075 2671 1102 2695 in

172 2709 257 2733 Editt.
279 2709 370 2739 1558„
394 2708 468 2732 1562.
487 2708 513 2731 h.
530 2708 549 2732 Ι,
569 2707 656 2732 deest.

795 84 1196 121 INTERPRETATIO
1228 86 1369 121 RHESI
1401 86 1651 123 EURIPIDIS.

2093 94 2166 129 790

1219 175 1364 208 Semich.
1393 173 1500 207 lubeo
1518 174 1647 220 Lycios
1663 176 1708 209 ad
1725 175 1886 222 quintam
1906 178 2063 223 vigiliam

1219 224 1405 269 Digressos
1431 226 1584 259 excitare

1138 239 1142 312 l
1216 276 1290 309 Ros
1309 283 1448 317 euntes,
1476 290 1543 321 pro
1562 277 1687 310 ordine
1703 279 1822 313 sortis.

1193 366 1474 415 [Diomedes,
1507 372 1701 415 Ulysses,
1735 375 1958 418 Minerva,
1986 378 2139 417 Paris,

1564 421 1766 470 Chorus]

1164 487 1240 523 565
1273 491 1384 534 Ulyss.
1412 489 1626 530 Diomedes,
1660 502 1735 523 non
1761 494 1928 528 audivisti
1951 493 2030 540 (aut
2049 496 2167 531 inanis

1578 541 1747 585 strepitus

1217 591 1334 625 Stillat
1378 604 1442 636 per
1484 591 1629 636 aures?)
1668 604 1853 627 armorum
1896 599 2076 641 quendam
2111 605 2166 633 tu-

1583 643 1762 678 multum?

1215 696 1331 728 Diom.
1358 693 1462 734 Non,
1487 694 1549 728 sed
1564 694 1706 728 vincula
1725 708 1766 729 ex
1781 696 1870 731 rotis
1884 699 2107 743 equestribus

1218 746 1396 789 Claugunt
1414 746 1517 786 ferri,
1545 752 1579 778 et
1595 758 1672 787 me,
1698 747 1909 794 priusquam
1924 750 2018 783 sensi

1215 797 1447 831 Collisionem
1491 797 1719 831 vinculorum
1763 801 1982 845 equestrium
1999 828 2008 841 ‚
2059 802 2168 836 subiit

1134 883 1137 890 1
1578 856 1705 883 metus.

1135 892 1137 908 ³
1163 899 1238 934 570
1270 902 1381 945 Ulyss.
1410 900 1522 939 Vide,
1557 912 1602 933 ne
1626 913 1691 945 per
1714 908 1858 935 noctem
1883 903 2019 937 incidas
2043 903 2081 936 in
2110 916 2167 937 ex-

1578 952 1769 987 cubitores.

1214 1005 1329 1037 Diom.
1347 1003 1503 1043 Cavebo,
1520 1003 1659 1037 etiamsi
1678 1016 1741 1048 per
1758 1005 1923 1039 tenebras
1941 1005 2009 1038 iter
2025 1005 2166 1041 faciam.

1216 1056 1327 1099 Ulyss.
1356 1055 1393 1088 Si
1415 1067 1500 1088 vero
1525 1055 1692 1088 excitabis
1719 1056 1897 1102 aliquem,
1938 1057 2034 1091 nosti
2062 1063 2166 1092 tesse-

1581 1118 1660 1139 ram
1681 1107 1881 1141 exercitus?

1212 1159 1327 1191 Diom.
1352 1155 1541 1191 Phoebum
1560 1157 1632 1191 scio
1651 1170 1724 1191 esse
1743 1165 1932 1201 tesseram,
1967 1172 2009 1193 ex
2023 1159 2165 1194 Dolone

1574 1209 1736 1243 audiens.

1218 1262 1329 1304 Ulyss.
1356 1260 1431 1304 Age
1448 1260 1553 1293 video
1571 1258 1667 1294 hunc
1686 1259 1885 1296 thalamum
1903 1275 1977 1297 esse
2000 1263 2077 1297 sine
2101 1261 2166 1297 ho-

1578 1312 1702 1347 stibus.

1162 1362 1237 1398 575
1263 1366 1379 1397 Diam.
1408 1363 1519 1409 Atqui
1537 1363 1658 1396 Dolon
1676 1362 1762 1397 haec
1779 1364 1867 1399 dixit
1884 1364 2049 1401 Hectoris

1214 1416 1373 1455 Cubilia,
1401 1416 1571 1449 adversus
1590 1428 1696 1461 quem
1718 1414 1816 1449 hasta
1836 1418 1941 1450 allata
1962 1425 2012 1451 est
2028 1416 2127 1452 haec.

1217 1467 1327 1510 Ulyss.
1357 1466 1453 1511 Quid
1471 1467 1521 1499 rei
1540 1473 1589 1500 est
1600 1466 1615 1499 't'
1642 1480 1728 1500 num
1747 1466 1875 1502 cohors
1894 1469 1981 1501 abiit
1997 1469 2144 1515 aliquo?

1211 1521 1327 1552 Diom.
1353 1518 1520 1551 Fortasse
1539 1519 1708 1552 adversus
1725 1531 1790 1553 nos
1805 1526 1982 1554 structura
2007 1520 2165 1556 insidias.

1216 1571 1327 1615 Ulyss.
1358 1570 1507 1609 Hector,
1536 1576 1769 1616 posteaquam
1788 1572 1918 1612 vincit,
1947 1573 2064 1606 audax
2081 1580 2145 1608 est.

1162 1618 1237 1655 580
1264 1625 1381 1656 Diom.
1409 1622 1506 1667 Quid
1531 1621 1639 1665 igitur
1663 1623 1857 1657 faciemus?
1891 1635 1966 1656 non
1992 1624 2086 1657 enim
2111 1625 2165 1658 in-

1577 1685 1739 1708 venimus

1213 1727 1318 1759 Hunc
1334 1725 1450 1758 virum
1470 1724 1507 1757 in
1525 1724 1662 1763 stratis;
1690 1737 1751 1769 spe
1768 1724 1930 1757 frustrati
1945 1738 2079 1761 sumus.

1218 1779 1328 1822 Ulyss.
1356 1775 1488 1810 Ibimus
1507 1776 1690 1809 celerrime
1708 1778 1752 1809 ad
1771 1776 1961 1809 stationem
1979 1778 2145 1817 navium;

1215 1830 1374 1871 „Servat
1391 1828 1487 1861 euim
1506 1840 1585 1861 eum
1603 1827 1720 1868 Deus,
1749 1828 1809 1874 qui
1827 1834 1860 1861 et
1876 1829 2098 1863 fortunatum

1214 1881 1365 1922 „Facit;
1393 1892 1468 1912 non
1491 1886 1542 1913 est
1559 1879 1736 1913 violenter
1753 1881 1930 1923 agendum
1949 1888 2073 1914 contra
2092 1882 2164 1915 for-

1576 1938 1700 1965 tunam
1713 1931 1772 1977 ²⁵).

1161 1983 1236 2019 585
1263 1986 1378 2019 Diam.
1411 1982 1508 2017 Num
1532 1983 1578 2016 ad
1603 1985 1782 2024 Aeneam,
1821 1989 1883 2016 aut
1907 1982 2161 2018 invisissimum

1572 2033 1757 2080 Phrygum

1210 2087 1333 2121 Parim
1352 2093 1493 2127 euntes,
1522 2093 1666 2131 oportet
1687 2093 1793 2131 caput
1810 2093 1998 2131 amputare
2019 2087 2164 2132 gladio?

1215 2141 1327 2184 Ulyss.
1363 2139 1558 2184 Quomodo
1592 2139 1630 2171 in
1657 2145 1760 2172 nocte
1790 2150 1854 2183 per
1879 2139 2072 2173 exercitum
2099 2138 2163 2174 ho-

1576 2191 1683 2224 stium

1212 2243 1411 2287 Quaerens,
1437 2242 1572 2286 poteris
1588 2240 1652 2276 hos
1672 2242 1869 2275 interficere
1887 2242 1962 2276 sine
1977 2242 2161 2288 periculo?

1211 2297 1327 2329 Diom.
1355 2294 1478 2338 Turpe
1498 2300 1549 2327 est
1566 2294 1683 2327 redire
1701 2294 1746 2326 ad
1762 2306 1890 2334 naves,

1159 2344 1235 2381 590
1264 2344 1362 2380 Nihil
1381 2346 1570 2379 efficientes
1592 2345 1762 2379 audacius
1780 2347 1951 2380 adversus
1964 2343 2095 2381 hostes.

1214 2399 1325 2442 Ulyss.
1346 2396 1540 2442 Quomodo
1559 2409 1644 2430 vero
1663 2395 1753 2430 nihil
1768 2397 1940 2431 effecisti?
1961 2398 2057 2432 Num
2074 2398 2160 2445 quid

1574 2449 1814 2484 interfecimus
1833 2450 1982 2483 navium

1209 2499 1484 2544 Exploratorem
1504 2498 1709 2535 Dolonem?
1736 2501 1957 2536 servavimus
1974 2499 2067 2536 hanc

1188 2668 1238 2696 25)
1259 2668 1290 2690 Η.
1304 2667 1323 2691 1.
1342 2667 1369 2691 iu
1381 2667 1464 2692 Editt.
1478 2667 1570 2700 ¹553„
1590 2668 1665 2693 ¹562.
1686 2669 1751 2693 nota
1770 2673 1873 2700 marg.:
1893 2669 2016 2694 Fortuna
2035 2676 2088 2695 uon
2107 2677 2156 2696 co-

1225 2703 1307 2733 gitur.

1497 2738 1547 2772 50
1567 2737 1584 2752 ²⁵
