2373 2980
11 647 17 659 ,-
9 629 17 636 ›
8 429 18 618 r.-.--„—-=-·—ae-

316 293 441 352 [AX.v
489 292 663 333 PHIL.
711 291 869 334 MEL.
906 289 1488 332 INTERPRETATIO
1529 291 1957 337 ALCES'HDIS

949 362 1323 407 EURIPIDIS.

123 473 242 530 Huius
269 500 437 539 tragoediae
463 500 665 537 interpretatio
691 499 781 526 latina
800 498 996 527 Melanthonis
1024 499 1170 527 invenitur
1192 499 1221 525 in
1247 504 1370 535 utraque
1395 495 1599 537 Xylandrea
1622 500 1676 528 Ed.
1702 499 1812 538 1558„
1836 500 1944 538 1562„
1976 503 2145 540 quibuscum

122 544 272 572 Editiones
296 543 472 572 recentiores
494 539 670 577 Βανπεείὶ,
694 539 894 578 Musgravii
915 548 945 569 et
968 538 1070 569 Fixit·
1091 541 1210 568 contuli.
1235 555 1275 561 —
1315 540 1461 569 Versuum
1483 551 1636 578 numeros,
1660 543 1841 580 stropharum
1864 545 2034 581 partitiones
2059 546 2145 573 alias-

123 596 180 625 que
204 586 342 624 quasdam
364 585 566 622 inscriptiones
591 593 629 612 ex
650 584 705 612 Ed.
730 584 849 612 Barnes.
872 584 971 611 addidi
995 583 1074 611 uncis
1097 583 1232 612 inclusas.

817 740 1118 777 EURIPIDIS
1151 739 1450 777 ALCESTIS

656 809 877 839 PH1L1PP0
905 807 1239 838 MELANTHONE
1274 807 1598 839 INTERPRETE.

449 887 480 919 A
489 899 507 920 r
517 898 568 931 gu
578 899 614 920 m
625 899 643 920 e
652 898 676 919 n
685 893 786 921 tum.

221 939 350 984 Apollo
378 938 480 983 petiit
496 950 515 971 a
533 938 655 972 Parcis
666 965 675 979 ,
694 945 733 972 ut
748 939 922 973 Admetus
938 937 1012 970 iam
1029 949 1106 970 mo-

119 992 271 1031 riturus,
289 990 398 1023 alium
417 990 616 1034 praeheret,
633 989 696 1035 qui
711 1002 778 1035 pro
797 989 874 1034 ipso
892 994 1105 1028 moreretur,

119 1049 153 1076 et
176 1043 250 1088 ipse
272 1042 403 1075 iterum
418 1041 554 1074 viveret
569 1041 726 1081 tamdiu,
751 1053 859 1087 quam
877 1047 980 1073 antea
1000 1039 1104 1072 vixis-

118 1100 181 1128 set.
241 1092 388 1127 Alcestis
411 1098 531 1126 autem
554 1092 710 1126 coniunx
729 1104 764 1126 se
794 1092 908 1136 ipsam
932 1091 1029 1124 dedit
1052 1090 1103 1123 illi

118 1144 298 1190 periculo,
321 1150 450 1178 neutro
474 1149 622 1187 parente
645 1143 787 1176 volente
808 1155 874 1187 pro
900 1143 973 1175 filio
997 1141 1101 1175 mori.

117 1196 202 1231 Non
226 1195 337 1229 multo
360 1200 441 1238 post
463 1206 570 1238 quam
594 1192 652 1227 hie
676 1206 775 1228 casus
801 1194 944 1234 accidit,
969 1193 1102 1226 Hercu-

1156 885 1205 919 les
1223 884 1482 926 interveniens,
1500 899 1579 920 cum
1593 899 1611 920 a
1630 888 1765 921 famulo
1783 887 1962 922 didicisset
1977 900 2015 921 ea
2027 913 2036 928 ,
2054 899 2143 933 quae

1156 936 1379 977 acciderant,
1397 938 1549 979 accedit,
1566 939 1611 972 ad
1627 937 1865 984 sepulchrum,
1882 946 1916 973 et
1935 940 2028 984 cogit
2045 951 2142 972 mor-

1156 993 1226 1021 tem
1252 987 1450 1029 discedere,
1484 990 1548 1022 sub
1574 997 1668 1024 veste
1693 997 1811 1024 autem
1841 991 1993 1025 occultat
2016 990 2142 1024 mulie-

1154 1051 1248 1078 rem;
1281 1040 1475 1072 Admetum
1497 1052 1582 1074 vero
1606 1048 1730 1086 rogat,
1753 1048 1793 1075 ut
1814 1054 1891 1075 eam
1918 1043 1963 1076 ad
1985 1054 2021 1076 se
2054 1042 2142 1075 reci-

1154 1090 1229 1134 piat
1253 1095 1287 1123 et
1309 1090 1502 1131 custodiat,
1524 1104 1560 1125 se
1584 1092 1678 1126 enim
1694 1093 1826 1138 cepisse
1845 1105 1922 1127 eam
1939 1093 2140 1138 praemium

1154 1141 1191 1174 in
1208 1153 1344 1185 pugna;
1359 1153 1434 1174 non
1453 1142 1594 1176 volente
1611 1150 1728 1178 autem
1746 1145 1806 1178 illo
1819 1171 1828 1185 ,
1844 1151 2003 1189 retegens
2025 1151 2139 1179 osten-

1153 1191 1204 1225 dit
1227 1192 1278 1233 ei,
1304 1204 1409 1238 quam
1433 1193 1626 1239 lugebatl).

814 1295 1043 1329 Personae
1078 1292 1213 1327 huius
1251 1294 1448 1329 fabulae.

525 1369 655 1414 Apollo

528 1418 673 1453 Charon
681 1420 712 1466 ⁶²)

526 1468 665 1505 Chorus
675 1470 706 1517 3)

521 1520 748 1555 Semichorus

521 1573 659 1606 Ancilla
677 1572 863 1607 Alcestidis

1359 1370 1506 1405 Alcestis

1357 1421 1487 1455 Servus

1358 1473 1530 1506 Admetus

1358 1522 1527 1557 Eumelus
1535 1524 1565 1569 ⁴)

1357 1573 1526 1608 Hercules

1024 1622 1158 1658 Pheres
1168 1623 1210 1668 ⁵).

955 1723 1298 1755 ALCESTIS.

149 1784 335 1829 [Apollo‚
369 1782 597 1830 Charonss),
631 1785 815 1825 Chorus,
848 1787 1058 1831 Ancilla]

428 1841 596 1889 Incipit⁷)
625 1845 793 1887 Apollo.

161 1902 194 1936 O
220 1903 347 1936 domus
372 1902 536 1942 Admeti,
560 1901 598 1935 in
624 1915 694 1949 qua
719 1903 869 1938 sustinui
896 1916 960 1948 ego

161 1953 333 1988 Servilem
357 1965 517 1988 mensam
542 1953 630 1987 boni
653 1955 855 1996 consulere,
876 1967 1094 2001 quamquam

518 2003 627 2040 Deus.

161 2053 295 2100 Iupiter
312 2053 406 2088 enim
417 2080 427 2095 ,
458 2054 672 2091 interficiens
692 2056 804 2091 filium
820 2069 937 2091 meum
950 2083 959 2097 ,
990 2069 1091 2093 causa

520 2107 600 2147 fuit,

140 2202 168 2233 1)
185 2204 260 2229 Haec
273 2206 377 2229 veteris
390 2207 544 2236 argumenti
563 2207 754 2237 interpretatio
767 2209 948 2232 Melanthonis
966 2209 991 2233 iu
1009 2210 1091 2235 Editt.

173 2238 260 2270 1558„
280 2239 355 2263 1562.
375 2242 484 2271 exstat3
503 2241 530 2264 in
550 2242 597 2266 Ed.
611 2243 692 2267 Barn.
712 2249 772 2267 cum
790 2244 867 2267 textu
887 2249 989 2274 graeco
1009 2251 1090 2274 repe-

173 2272 225 2296 tita
242 2273 301 2303 est,
319 2274 407 2298 altero
426 2278 588 2306 argumento
607 2281 648 2307 gr.
668 2277 696 2300 et
713 2277 761 2303 lat.
780 2278 894 2302 adiecto.
926 2279 1018 2309 Eurip.
1039 2280 1088 2305 Ed.

171 2306 255 2330 Basil.
281 2307 356 2332 1551.
380 2309 468 2332 solum
496 2309 563 2333 illud
588 2316 688 2341 graece
711 2311 835 2343 exhibet,
868 2318 920 2343 qua
944 2313 977 2337 de
1003 2319 1089 2337 causa

172 2340 329 2365 Melanthea
346 2342 397 2366 hoo
416 2349 495 2367 unum
514 2345 606 2370 vertit.

136 2371 166 2404 2)
185 2374 310 2404 Charon]
340 2376 381 2400 sic
404 2377 488 2400 Editt.
512 2378 603 2409 1558,
632 2379 706 2403 1562.
738 2379 787 2411 (--·
808 2380 902 2411 Eurip.
928 2381 976 2406 Ed.
1002 2382 1085 2406 Basil.

171 2408 246 2432 1551.
266 2407 400 2441 Χάρων),
420 2411 577 2440 quibuscum
593 2413 642 2437 Ed.
663 2414 690 2437 et
708 2414 855 2445 lutei-pret.
875 2415 983 2439 Stihlini
1001 2422 1086 2446 supra

170 2449 195 2471 p.
214 2442 263 2466 281
287 2449 328 2474 sq.
347 2444 451 2473 notass)
472 2446 592 2470 breviter
609 2447 749 2479 descripta
766 2450 911 2480 congruit3
934 2450 1017 2475 Editt.
1037 2457 1084 2474 re-

171 2477 243 2501 cent.
261 2476 289 2501 in
308 2479 383 2503 textu
401 2485 444 2510 gr.
461 2480 561 2504 habent
575 2480 711 2513 Θάνατος,
729 2482 758 2507 in
775 2484 825 2509 lat.
842 2484 986 2514 interpret.
1000 2486 1082 2510 Barn.

169 2511 197 2534 et
213 2512 335 2542 Musgr.:
354 2513 459 2544 0rcus;
483 2514 557 2538 Fixa
580 2516 666 2541 Mors.
685 2516 784 2548 (Bothe
802 2518 830 2542 in
851 2518 995 2549 interpret.
1015 2525 1082 2550 ger-

168 2550 239 2568 man.
255 2546 368 2571 retinuit
383 2554 474 2579 graec.
488 2554 584 2573 vocem
597 2550 750 2581 Thammes,
769 2558 849 2583 quam
860 2553 888 2577 in
902 2559 1082 2583 personarum

167 2580 293 2611 catalogo
310 2581 523 2612 interpretatur:
545 2583 630 2608 Deum
651 2585 772 2618 mortis.)
810 2587 888 2612 conf.
908 2590 974 2612 nota
994 2589 1033 2613 10.

132 2612 163 2643 ³)
184 2613 305 2653 Chorus]
319 2615 358 2640 sic
376 2617 460 2642 Editt.
470 2617 562 2648 1558„
585 2619 659 2643 1562.
673 2622 721 2650 (=
734 2621 828 2652 Eurip.
846 2622 895 2646 Ed.
908 2623 991 2647 Basil.
1005 2623 1078 2646 1551.

166 2649 290 2680 Χορος-Β
308 2650 390 2675 Editt.
408 2653 509 2675 recent.
527 2652 642 2677 habent:
662 2651 755 2686 Χόρος
771 2655 934 2687 πρεσβυτῶν
951 2657 1078 2688 Φεραίων

167 2696 198 2700 -
218 2682 323 2707 Chorus
344 2685 442 2710 Senum
462 2685 654 2713 Pheraeorum.

1199 1784 1470 1830 Aesculapium,
1495 1785 1691 1820 immittens
1711 1786 1847 1820 fulmen
1870 1789 2018 1832 pectori,

1149 1832 1173 1869 5
1197 1834 1251 1869 Eo
1275 1837 1372 1882 quod
1397 1849 1461 1882 ego
1486 1837 1598 1871 iratus
1620 1838 1740 1872 fabros
1761 1838 1919 1873 fulminis
1943 1838 2085 1873 Iovialis

1200 1886 1324 1921 Occidi
1348 1887 1540 1933 Cyclopas:
1563 1888 1684 1935 itaque
1701 1902 1757 1922 me
1779 1890 1912 1924 servire

1197 1939 1305 1983 Apud
1329 1940 1499 1974 mortales
1522 1952 1589 1985 pro
1612 1941 1744 1975 mulcta
1768 1941 1892 1986 coegit.

1197 1988 1287 2024 Cum
1328 1991 1504 2026 venissem
1534 1992 1571 2025 in
1603 1989 1695 2026 hanc
1729 1998 1882 2031 terram,
1925 1991 1977 2026 sui
2010 1998 2129 2036 pastor

1562 2041 1725 2088 hospitis,

1194 2091 1240 2124 Et
1254 2094 1394 2126 servavi
1410 2092 1504 2128 hanc
1520 2095 1667 2128 domum
1689 2107 1801 2140 usque
1819 2095 1854 2127 in
1873 2093 1967 2128 hunc
1983 2093 2094 2127 diem:

1174 2216 1203 2248 4)
1223 2217 1368 2248 Eumelus]
1386 2218 1447 2242 huic
1465 2219 1566 2243 nomini
1587 2220 1612 2244 iu
1633 2220 1715 2244 Editt.
1735 2220 1827 2249 Bam„
1845 2219 1950 2250 Musgr.
1969 2224 2010 2249 gr.
2031 2220 2057 2242 et
2077 2219 2122 2241 iat.

1209 2252 1351 2283 adscripta
1369 2254 1433 2276 sunt
1450 2255 1548 2278 verba:
1568 2254 1675 2278 Admeti
1694 2254 1776 2278 filius.

1173 2285 1202 2315 5)
1224 2285 1341 2316 Pheres]
1360 2287 1421 2311 huic
1440 2288 1541 2311 nomini
1559 2289 1585 2312 in
1606 2289 1699 2312 iisdem
1717 2288 1734 2311 2
1753 2287 1834 2311 Editt.
1855 2293 1896 2318 gr.
1917 2289 1944 2310 et
1962 2287 2009 2310 lat.
2030 2286 2123 2310 addita

1206 2322 1269 2343 sunt
1293 2323 1394 2346 verba:
1425 2322 1531 2346 Admeti
1558 2324 1644 2352 pater.
1670 2336 1703 2339 —
1740 2322 1842 2345 Harum
1872 2321 1954 2346 Editt.
1978 2322 2122 2353 catalogus

1206 2360 1386 2383 personarum
1410 2356 1444 2379 ab
1462 2356 1545 2380 Editt.
1567 2357 1660 2388 1558„
1686 2356 1760 2380 1562.
1785 2358 1812 2379 et
1832 2356 1902 2379 Fixit
1925 2359 2069 2386 praeterea
2089 2363 2120 2380 eo

1204 2388 1309 2419 differt,
1341 2389 1412 2419 quod
1444 2392 1505 2420 post
1531 2391 1647 2414 Chorum
1673 2391 1774 2414 Senum
1798 2390 1981 2414 Pheraeorum
2007 2390 2122 2414 affertur

1204 2422 1431 2451 „Semiuhorus”
1459 2425 1485 2447 et
1511 2426 1574 2454 post
1599 2425 1711 2448 Pherem
1731 2424 1837 2448 Admeti
1861 2426 1984 2454 patrem:
2015 2426 2119 2453 „Muta

1201 2463 1334 2487 persona,
1354 2458 1461 2482 Admeti
1480 2458 1608 2482 videlicet
1627 2461 1654 2482 et
1672 2459 1823 2483 Alcestidis
1843 2457 1927 2483 filia.’'

1165 2488 1196 2521 6)
1217 2490 1346 2523 Charon]
1373 2491 1414 2515 sic
1438 2492 1610 2517 Editionibus
1634 2494 1724 2524 1558„
1745 2494 1818 2518 1562.
1845 2496 2029 2522 congruenter
2054 2495 2079 2519 h.
2102 2494 2118 2516 l⁴

1201 2525 1302 2555 scripsi
1325 2531 1375 2555 pro
1394 2526 1501 2558 Orcus,
1529 2533 1580 2557 quo
1607 2528 1714 2552 nomine
1731 2528 1881 2552 Barnesius
1908 2529 1935 2552 in
1960 2527 2006 2551 lat.
2031 2528 2119 2551 inter-

1199 2560 1268 2588 pret.
1287 2559 1373 2583 utitur
1390 2561 1476 2588 (conf.
1496 2563 1562 2585 nota
1581 2562 1606 2587 2.
1629 2564 1656 2586 et
1677 2563 1741 2591 10.).

1163 2590 1192 2623 7)
1212 2593 1322 2623 Incipit]
1346 2594 1388 2618 sic
1408 2595 1491 2619 Editt.
1514 2596 1605 2624 1558„
1633 2597 1726 2626 1562.;
1751 2596 1833 2621 Editt.
1856 2597 1935 2621 Barn.
1962 2598 1988 2619 et
2012 2597 2118 2625 Mnsgr.

1198 2633 1248 2657 pro
1266 2628 1317 2652 hac
1338 2634 1422 2658 voce,
1444 2636 1622 2659 personarum
1641 2633 1768 2662 catalogo
1788 2631 1814 2654 in
1833 2631 1886 2655 fine
1904 2629 2020 2655 addunt:
2042 2631 2119 2661 Προ-

1198 2660 1295 2693 λογίζει
1315 2659 1344 2687 δὲ
1363 2661 1376 2686 ὁ
1392 2660 1536 2688 Ἀπόλλων
1556 2664 1612 2696 (sio
1632 2667 1713 2690 etiarn
1729 2665 1777 2690 Ed.
1794 2666 1876 2688 Basil.
1894 2664 1981 2694 1551.)
1993 2676 2027 2681 —
2046 2665 2116 2689 Pro-

1196 2695 1286 2727 logum
1305 2698 1395 2722 autem
1413 2698 1472 2729 agit
1488 2700 1597 2729 Apollo.
