2373 2980
115 93 188 128 461

116 175 264 213 350Et
288 185 383 208 nunc
407 173 532 206 videor
547 171 639 206 mihi
660 184 793 214 errare,
819 173 960 214 mulier,

165 229 332 262 Attamen
359 224 587 270 consequeris
608 222 689 258 hoc.
743 225 810 258 Sed
834 225 1000 270 praedico
1021 225 1102 258 tibi:

132 311 135 313 .
168 280 206 314 si
227 285 260 311 te
282 282 423 321 postera
447 276 507 309 lux
528 275 597 308 Dei
618 275 765 316 viderit,

165 330 211 364 Et
232 328 363 362 liberos
386 334 467 361 tuos
491 327 587 360 intra
612 327 699 360 fines
722 325 827 361 huius
851 333 985 360 terrae:

165 379 350 417 Morieris;
383 378 498 413 dictus
525 385 577 412 est
598 390 716 412 sermo
740 376 817 419 hic,
842 391 958 424 neque
982 377 1103 411 irritus

524 429 603 463 erit.

72 479 79 483 ’
114 480 188 521 355
210 482 316 516 Nunc
341 480 370 514 si
396 486 539 524 oportet
560 492 726 520 manere,
750 492 855 514 mane
876 492 949 514 uno
976 480 1043 514 die.

162 534 246 568 Non
280 532 374 566 enim
412 531 520 565 facies
552 531 689 577 aliquid
715 532 801 565 mali
831 544 975 572 eorum,
1012 543 1103 577 quae

158 615 160 617 .
526 588 672 622 metuo.⁴

171 637 269 670 Ghor.
292 632 415 666 Infelix
439 633 581 674 mulier,

167 685 264 725 Heu,
289 697 310 718 o
336 685 481 718 acerbos
507 685 664 718 dolores!

164 736 247 781 Quo
274 743 308 770 te
331 735 472 770 vertes?
502 736 599 781 quod
621 734 817 779 hospitium

114 788 188 822 360
219 788 293 821 Aut
315 799 423 832 quam
450 788 598 820 domum
628 793 826 826 terramve,
861 796 952 831 quae
976 785 1102 818 liberet

521 844 554 870 te
577 836 632 871 his
655 837 769 878 malis,

164 888 351 922 Invenies?

163 940 283 985 Quam
307 946 340 973 te
364 939 461 974 Deus
486 940 523 972 in
547 939 726 972 difficilem
751 944 998 982 tempestatem

160 991 344 1026 Malorum
369 991 488 1030 duxit,
512 990 656 1024 Medea!

161 1045 256 1077 Med.
295 1042 435 1088 Ubique
459 1042 551 1075 male
574 1054 714 1075 mecum
740 1041 873 1085 agitur:
912 1040 990 1085 quis
1019 1052 1099 1073 con-

520 1092 696 1126 tradicet?

110 1143 185 1179 365
208 1145 276 1178 Sed
297 1145 460 1178 nondum
477 1142 564 1177 haec
589 1151 672 1178 sunt
698 1143 867 1183 omnino,
889 1155 933 1175 ne
959 1142 1100 1187 putetis.

161 1196 313 1230 Restant
337 1196 407 1229 alia
432 1196 626 1228 certamina
651 1194 753 1227 novis
778 1194 929 1238 spons1s‚

160 1246 209 1280 Et
231 1259 307 1280 non
333 1246 457 1289 exigua
487 1246 579 1278 mala
606 1246 781 1278 affinibus.

158 1297 251 1332 Nam
280 1303 382 1341 putas
406 1309 462 1330 me
486 1295 567 1330 huic
601 1303 671 1329 tam
698 1296 854 1329 molliter
883 1296 1100 1339 respondere

522 1347 690 1391 potuisse,
1067 1344 1070 1346 ’

158 1398 236 1432 Nisi
262 1397 396 1443 aliquid
422 1404 602 1442 captarem
629 1405 690 1431 aut
715 1395 964 1430 machinarer?

110 1449 184 1482 370
227 1449 352 1494 Neque
384 1449 536 1483 allocuta
573 1461 705 1488 essem,
752 1461 867 1494 neque
906 1447 1097 1491 attigissem

522 1501 698 1534 manibus.

157 1550 218 1584 Ille
244 1563 329 1584 vero
347 1563 388 1584 eo
413 1551 583 1584 stultitiae
606 1551 781 1595 pervenit,

157 1602 226 1641 Ut,
251 1614 331 1636 cum
358 1609 479 1646 posset
502 1602 575 1646 ipse
601 1602 774 1647 impedire
802 1614 879 1635 mea
907 1600 1066 1639 consilia,

157 1653 194 1686 Si
212 1665 268 1686 me
287 1653 443 1688 eiecisset
460 1665 501 1687 ex
518 1651 585 1686 hac
604 1659 710 1693 terra,
727 1654 938 1687 concesserit
954 1651 1022 1686 hoc
1041 1651 1096 1684 die

158 1704 217 1737 Me
242 1716 409 1744 manere,
435 1717 506 1750 quo
531 1711 602 1738 tres
628 1717 669 1738 ex
695 1705 783 1738 meis
806 1704 959 1738 inimicis

107 1754 180 1790 375
217 1754 452 1796 Interficiain,
489 1762 649 1800 patrem,
688 1756 862 1800 puellam,
903 1762 937 1788 et
976 1766 1095 1788 meum

516 1807 698 1840 maritum.
762 1802 769 1806 ,

156 1859 226 1892 Sed
251 1870 331 1892 cum
354 1856 505 1891 habeam
522 1858 652 1891 multas
677 1858 752 1889 vias
768 1856 1006 1889 interficiendi
1024 1868 1095 1895 eos,

154 1909 239 1944 Non
263 1909 355 1950 scio,
383 1920 489 1953 quain
519 1908 677 1952 primum
702 1908 909 1952 aggrediar,
933 1907 1078 1941 amicae.

153 1961 285 1994 Utrum
311 1960 502 1993 accendam
527 1960 676 1993 domum
703 1971 854 2003 sponsae
881 1958 966 2002 igni,

152 2013 212 2046 An
232 2011 375 2056 adigam
399 2016 542 2044 acutum
569 2023 689 2044 ensem
716 2023 780 2055 per
798 2008 922 2054 hepar,

102 2063 177 2097 380
203 2063 304 2097 Clam
322 2062 478 2108 ingressa
492 2063 662 2102 domum,
679 2062 741 2095 ubi
759 2063 867 2096 lectus
886 2067 936 2094 est
951 2066 1092 2094 stratus.

149 2114 219 2149 Sed
250 2126 362 2149 unum
397 2120 448 2148 est
477 2110 569 2147 mihi
603 2113 861 2157 periculosum:
906 2112 935 2145 si
969 2112 1092 2155 depre-

520 2162 673 2203 hendar,

147 2217 307 2262 Ingressa
336 2218 504 2255 domum,
530 2215 683 2249 moliens
711 2213 789 2253 ista,

148 2269 267 2303 Morte
293 2279 371 2303 mea
395 2267 506 2303 risum
529 2266 708 2311 praebebo
734 2265 822 2298 meis
850 2264 1013 2297 inimicis.

118 2354 123 2359 ,
148 2321 337 2364 Optimum
363 2325 414 2353 est
437 2324 532 2350 recta
557 2317 614 2350 via
640 2316 797 2360 ingredi,
825 2328 894 2361 qua

99 2369 172 2405 385
196 2369 327 2412 Valeo,
352 2376 386 2403 et
412 2368 558 2403 venenis
583 2380 643 2402 eos
669 2368 877 2401 interficere.

147 2421 255 2463 Esto,
281 2429 316 2456 et
343 2421 414 2456 sint
446 2431 530 2454 sane
561 2419 714 2453 mortui:
753 2430 844 2464 quae
877 2430 933 2451 me
966 2417 1088 2450 civitas

511 2469 681 2515 excipiet?

505 2585 611 2607 missa

145 2623 325 2659 Praebens
348 2622 476 2669 hospes
499 2624 666 2659 liberabit
689 2635 809 2657 meum
836 2620 988 2666 corpus?

143 2675 258 2710 Nemo
270 2682 331 2710 est.
359 2674 469 2720 Igitur
477 2687 624 2710 manens
641 2673 757 2709 adhuc
767 2674 893 2718 exiguo
908 2680 1082 2717 tempore,

590 85 711 122 LVIII.
761 85 1161 122 INTERPRETATIO
1196 87 1398 124 MEDEAE
1431 90 1682 126 EURIPIDIS.

147 2522 237 2568 Quis
258 2530 390 2557 terram
414 2529 528 2557 tutam
556 2528 590 2555 et
608 2523 757 2555 domum
783 2526 985 2554 servantem
1003 2532 1086 2564 pro·
1113 2551 1114 2554 ,

2076 92 2150 127 462

1157 176 1231 209 390
1259 176 1295 210 Si
1319 188 1409 221 quae
1433 178 1542 212 turris
1564 176 1653 211 mihi
1678 178 1840 212 videatur
1863 190 1998 217 secura,

1206 226 1405 271 Aggrediar
1429 226 1521 262 hanc
1546 231 1690 263 caedem
1717 230 1801 264 dolo
1826 236 1860 263 et
1885 231 1988 263 clam.

1206 277 1312 321 Quod
1336 279 1364 311 si
1390 292 1445 312 me
1471 280 1577 313 etiam
1606 281 1790 316 calamitas
1813 280 2060 326 inseparabilis
2079 280 2144 313 cir-

1571 333 1802 373 cumveniret,

1205 377 1280 422 Ego
1322 386 1466 423 accepto
1509 381 1646 424 gladio,
1687 384 1824 417 etiamsi
1860 382 1949 417 mihi
1989 383 2145 416 morien-

1573 433 1658 465 dum
1683 435 1740 474 sit,

1205 480 1373 514 Occidam
1397 493 1474 520 eos;
1502 483 1593 515 vado
1617 484 1662 516 ad
1687 491 1880 518 extremam
1907 486 2105 519 audaciam.

1155 529 1228 565 395
1251 532 1352 571 Non,
1378 544 1441 576 per
1467 533 1673 575 dominam,
1706 548 1812 580 quam
1836 549 1898 580 ego
1924 538 2001 569 colo

1205 583 1378 616 Omnium
1407 584 1581 624 maxime,
1607 591 1641 618 et
1669 586 1879 619 adiutricem
1903 588 2056 631 elegiffl),

1204 633 1380 674 Hecaten,
1408 646 1498 680 quae
1524 634 1662 669 habitat
1680 636 1717 669 in
1734 638 1872 682 angulis
1893 638 2022 670 larium
2049 650 2143 669 meo-

1566 699 1659 727 rum,

1205 735 1343 780 Aliquis
1376 748 1416 769 ex
1440 737 1488 770 eis
1516 740 1692 781 gaudens,
1721 740 1845 773 dolore
1875 740 2003 772 afficiet
2026 750 2143 771 meum

1568 790 1742 825 animum.

1204 836 1280 881 Ego
1304 838 1433 871 faciam
1455 839 1540 883 ipsis
1564 841 1708 885 nuptias
1734 842 1879 875 acerbas
1905 848 1936 873 et
1966 841 2094 877 tristes,

1154 888 1228 921 400
1266 887 1313 921 Et
1340 890 1503 923 acerbam
1532 892 1761 933 affinitatem,
1801 900 1834 926 et
1866 893 1985 936 fugam
2011 904 2049 923 ex
2081 889 2145 923 hac

1562 949 1670 978 terra.

1204 990 1278 1033 Age
1296 1003 1400 1031 vero,
1422 993 1511 1025 nulli
1528 995 1596 1027 arti
1614 1007 1758 1034 eorum,
1783 1006 1873 1040 quae
1895 995 1978 1033 scis,
2004 1006 2141 1038 parcas,

1205 1041 1349 1081 Medea,
1376 1043 1576 1078 deliberans
1602 1052 1635 1078 et
1659 1044 1881 1079 machinans.

1203 1091 1303 1125 Vade
1323 1094 1367 1125 ad
1393 1094 1546 1128 facinus:
1576 1108 1670 1130 nunc
1689 1103 1739 1131 est
1755 1104 1934 1130 certamen
1959 1097 2140 1130 audaciae.

1205 1142 1322 1182 Vides,
1341 1156 1431 1189 quae
1450 1146 1621 1189 patiaris?
1638 1160 1712 1181 non
1731 1154 1872 1192 oportet
1890 1154 1922 1181 te
1939 1148 2092 1181 derideri

1154 1193 1228 1228 405
1249 1195 1281 1227 A
1304 1206 1431 1238 genere
1455 1196 1617 1242 Sisyphi,
1644 1206 1677 1232 et
1700 1199 1833 1244 nuptiis
1854 1198 2002 1239 Iasonis,

1205 1246 1305 1290 Quae
1331 1252 1414 1278 nata
1440 1259 1474 1281 es
1500 1260 1540 1282 ex
1564 1251 1759 1294 praestanti
1786 1257 1888 1295 patre
1915 1257 1949 1284 et
1972 1263 1989 1283 a
2017 1250 2109 1285 Sole,

1201 1297 1247 1330 Et
1271 1297 1372 1331 calles
1397 1298 1544 1344 aliquid.
1600 1302 1821 1342 „Praeterea
1849 1309 1977 1336 natura
2006 1313 2127 1335 sumus

1204 1347 1306 1387 „Nos
1332 1348 1499 1384 mulieres
1522 1351 1663 1397 ineptae
1692 1355 1734 1387 ad
1759 1354 1866 1393 bona,

1205 1399 1295 1439 „Sed
1307 1400 1540 1444 peritissimae
1560 1405 1709 1438 artifices
1722 1405 1884 1438 omnium
1894 1405 2072 1438 malorum
2082 1402 2140 1445 3⁸).

1506 1452 1712 1501 [Strophe
1740 1455 1792 1503 1.]
1862 1492 1870 1497 ,

1153 1499 1226 1534 410
1254 1502 1350 1535 δὴον.
1377 1502 1526 1537 Sursum
1543 1518 1664 1540 versus
1688 1519 1871 1540 sacrorum
1898 1505 2087 1540 fluminum

1201 1550 1348 1585 Vadunt
1363 1554 1491 1595 sontes,
1512 1563 1545 1589 et
1561 1557 1614 1591 ius
1635 1565 1669 1591 et
1686 1559 1805 1591 omnia
1825 1564 1921 1591 retro
1940 1560 2139 1590 vertuntur.

1203 1602 1278 1635 Viri
1305 1613 1467 1639 exercent
1492 1608 1652 1649 fraudes,
1672 1609 1832 1643 Deorum

1201 1653 1360 1701 Fide837)
1386 1669 1458 1690 non
1486 1660 1639 1703 amplius
1665 1668 1715 1694 est
1737 1668 1826 1694 rata.

1151 1704 1224 1739 415
1249 1705 1328 1738 Mea
1358 1708 1500 1752 quidem
1527 1712 1596 1744 vita
1624 1719 1661 1745 ut
1684 1725 1759 1745 non
1785 1711 1914 1745 habeat
1936 1710 2089 1745 laudeni,

1199 1756 1309 1790 Fama
1334 1759 1462 1793 obstat.

1199 1808 1322 1842 Honos
1346 1811 1443 1843 venit

1199 1859 1368 1892 Muliebri
1397 1863 1529 1903 generi.

1197 1908 1281 1943 Non
1307 1912 1460 1955 amplius
1487 1914 1648 1947 odiosam
1807 1947 1815 1949 ,

1147 1959 1220 1994 420
1245 1960 1393 1995 Famam
1418 1960 1600 1997 habebunt
1625 1965 1803 2005 mulieres,

1437 2012 1752 2059 sAntistroplee
1783 2015 1842 2063 1.]

1198 2062 1320 2096 Musae
1345 2045 1500 2098 veter-Lem

1196 2113 1408 2148 Cantionem
1433 2117 1607 2156 desinent,

1196 2164 1274 2207 Qua
1301 2166 1481 2201 celebrant
1506 2168 1697 2202 mulierum
1725 2169 1981 2202 infidelitatem.

1118 2258 1120 2263 ᾗ
1194 2214 1318 2260 Neque
1344 2218 1437 2251 enim
1462 2219 1498 2252 in
1522 2220 1702 2253 mentibus
1728 2220 1859 2253 nostris
1884 2219 1980 2262 lyrae

1116 2266 1119 2307 l
1143 2263 1217 2300 425
1243 2265 1414 2302 Divinum
1435 2282 1579 2303 carmen
1597 2271 1694 2304 dedit

1114 2310 1119 2403 J
1193 2315 1377 2359 Phoebus,
1403 2322 1473 2354 dux
1497 2320 1770 2365 cariiii11111113⁸):
1799 2320 1934 2364 alioqui

1174 2459 1221 2491 35)
1251 2445 1337 2492 elegi]
1369 2461 1410 2485 sic
1436 2463 1484 2490 (z
1504 2461 1597 2491 Eun-ip.
1628 2459 1755 2493 εἱλόμην]
1786 2462 1870 2485 Editt.
1898 2463 2017 2490 receut.;
2048 2461 2130 2485 Editt.

1211 2495 1303 2523 1558,
1325 2496 1399 2519 1562.
1420 2496 1505 2519 male:
1527 2496 1619 2526 elegit.

1174 2536 1222 2568 36)
1243 2537 1275 2562 H.
1290 2538 1308 2561 1.
1328 2537 1356 2560 in
1369 2537 1454 2562 Editt.
1471 2538 1565 2564 ¹558„
1586 2538 1659 2562 1562.
1679 2540 1745 2562 nota
1764 2544 1864 2569 marga
1884 2537 2029 2561 Mulierum
2047 2540 2133 2560 artes.

1173 2579 1220 2611 ³7)
1243 2581 1361 2604 Deorum
1381 2580 1465 2608 fides]
1490 2581 1556 2605 haec
1582 2581 1609 2604 iu
1634 2587 1722 2613 marg.
1743 2583 1837 2606 harum
1857 2581 1940 2605 Editt.
1963 2580 2132 2610 explicantur

1210 2620 1296 2638 voce:
1317 2613 1519 2638 Iusiurandum.

1170 2656 1218 2686 38)
1238 2656 1286 2680 His
1308 2656 1335 2679 in
1354 2661 1441 2687 marg.
1461 2657 1556 2681 harum
1576 2657 1661 2682 Editt.
1681 2659 1823 2689 adscripta
1843 2660 1886 2682 est
1912 2657 2071 2682 annotatio:

1204 2692 1261 2722 est,
1282 2696 1332 2714 nos
1351 2696 1405 2714 non
1425 2691 1587 2722 scn'psimus
1607 2695 1742 2722 poemata.

2105 2656 2133 2679 Id
