2373 2980
139 67 232 101 1081
456 69 593 105 LXXII.
641 68 1037 105 INTERPRETATIO
1059 68 1296 105 EURIPIDIS
1323 69 1558 105 HERCULIS
1583 70 1611 104 F
1615 70 1831 105 URENTIS.
2059 73 2158 108 1082

186 151 358 185 Iniuriam
380 154 529 195 faceret,
554 155 655 188 facile
675 162 849 190 cessasset.
1227 155 1417 189 Ornemini
1433 156 1653 190 introeuntes
1666 184 1674 197 ,
1699 170 1773 190 non
1790 158 1933 190 invideo
1951 158 2154 204 peplisaess).

187 202 289 235 Nunc
306 202 396 236 nihil
413 217 551 246 snmus,
568 212 669 239 tuum
686 213 737 241 est
752 219 862 251 porro
883 206 1121 247 considerare,
1227 207 1296 239 Ubi
1314 214 1480 240 ornatum
1499 208 1707 252 corporibus
1725 209 1999 253 applicaveritis,

137 251 210 286 315
241 253 476 300 Amphitryo,
500 268 569 302 qua
588 257 728 291 ratione
746 259 855 302 pellas
870 255 963 291 hanc
980 257 1122 291 calami·
1175 256 1248 290 335
1279 256 1427 291 Veniam
1451 261 1496 291 ad
1521 271 1602 299 vos,
1623 271 1802 293 mersurus
1827 261 1890 293 sub
1916 266 2048 292 terram
2070 260 2157 292 infe-

551 314 672 342 tatem.
1581 322 1718 344 rorum.

186 358 264 389 Am.
290 355 372 389 Non
389 357 560 391 timiditas
579 370 694 404 neque
712 359 925 392 desiderium
944 359 1037 391 vitae
1228 360 1320 401 Mey.
1347 358 1379 391 O
1398 359 1519 400 liberi,
1544 361 1735 406 sequimini
1752 369 1903 395 matrem
1921 362 2051 396 inisero
2069 362 2157 406 pede

187 405 360 440 Prohibet
372 434 380 447 ‚
403 408 490 454 quin
506 409 660 449 moriar,
683 411 742 443 sed
759 411 840 443 volo
858 410 921 443 filii
1227 407 1267 440 ln
1286 410 1431 442 domum
1450 417 1656 454 paternam,
1682 412 1719 445 in
1735 426 1803 459 qua
1822 414 2003 447 facultates

187 456 335 491 Liberos
365 471 526 499 servare,
560 460 695 505 alioqui
726 461 960 505 impossibilia
984 460 1123 493 viderer
1227 459 1297 492 Alii
1317 466 1458 500 tenent,
1483 474 1615 495 nomen
1633 463 1736 498 nobis
1753 463 1867 498 adhuc
1882 470 2003 498 restat.

549 522 682 545 amare.
1227 513 1305 543 Am.
1330 510 1362 543 O
1380 510 1531 554 Iupiter,
1556 514 1685 547 frustra
1702 526 1785 559 ergo
1803 522 1835 548 te
1850 516 1999 548 rivalem
2018 512 2138 551 habui,

186 557 274 591 Ecce
293 560 390 592 adest
408 561 538 593 collum
556 559 624 594 hoc
644 561 731 601 ensi,
1178 560 1252 595 340
1274 561 1419 594 Frustra
1441 563 1548 595 etiam
1564 564 1626 596 filii
1642 567 1814 609 templum
1833 567 2059 598 vocabamus.

137 608 211 644 320
240 610 288 643 Ut
305 618 485 655 pungatur
497 639 504 652 ,
537 612 793 659 occidaturffl),
823 621 968 658 paratus
993 625 1068 647 sum
1088 612 1123 644 in
1229 611 1285 644 Tu
1302 624 1387 644 vero
1406 612 1524 644 minor
1543 626 1578 646 es
1595 615 1727 650 amicus
1739 643 1747 655 ‚
1773 629 1878 661 quam
1896 616 2059 649 videaris.

541 663 685 697 exilium
701 663 754 696 ire
763 664 827 710 32);
1227 662 1367 696 Virtute
1383 668 1416 695 te
1433 675 1561 706 supero
1578 664 1693 698 Deum
1713 680 1881 711 magnum
1907 679 1971 711 ego
1989 664 2161 699 mortalis.

188 711 305 744 Unam
324 712 428 745 nobis
444 719 483 746 nt
501 711 592 747 hanc
609 714 759 758 gratiam
773 742 782 755 ‚
806 728 826 747 o
844 727 921 754 rex,
945 716 1024 753 des,
1046 726 1125 758 pre·
1228 713 1351 758 Neque
1369 714 1462 746 enim
1481 715 1625 758 prodidi
1643 716 1773 751 liberos
1792 719 1964 752 Herculis.

551 778 686 806 camur,
1230 765 1287 797 Tu
1311 765 1400 797 clam
1419 777 1571 798 noveras
1588 767 1709 800 venire
1728 768 1763 800 in
1784 781 1900 801 meum
1919 767 2129 804 thalamum,

188 811 402 847 interficiens
422 827 476 847 me
494 822 529 848 et
544 816 711 849 miseram
726 814 817 849 lianc
836 821 917 848 ante
933 827 1075 859 pueros,
1180 814 1253 849 345
1284 815 1523 860 Accipiensffl)
1541 817 1696 851 alienum
1725 819 1853 851 lectum
1878 819 2019 851 nemine
2042 828 2163 850 conce-

187 863 239 897 Ne
256 865 387 898 liberos
405 865 627 907 intueamur,
648 867 887 910 spectaculum
906 866 1069 910 impium,
1593 870 1715 907 dente;

187 914 384 949 Morientes
402 923 435 949 et
452 923 618 950 vocantes
638 923 803 957 matrem,
1231 917 1277 949 At
1293 929 1366 949 non
1382 917 1513 951 novisti
1533 929 1671 952 servare
1689 928 1768 953 tuos
1785 920 1930 959 amicos,

136 963 213 1001 325
240 965 285 999 Et
299 973 436 1010 patrem
454 967 583 1011 patris;
610 968 746 1013 reliqua
767 979 872 1007 vero,
897 968 924 1001 si
943 968 1052 1007 lubet,
1232 969 1302 1000 Aut
1323 967 1418 1000 Deus
1435 980 1469 1000 es
1485 969 1610 1003 stultus
1624 997 1631 1010 ‚
1659 977 1719 1004 aut
1737 984 1809 1003 non
1829 984 1863 1004 es
1881 969 2058 1014 iustus-³⁶).

188 1017 327 1051 Facies:
370 1030 443 1050 non
478 1016 650 1052 habemus
678 1019 869 1058 auxilium,
913 1031 984 1064 quo
1010 1018 1128 1051 minus
1518 1043 1727 1091 [strophe
1766 1050 1779 1081 1
1800 1046 1817 1094 ]

549 1081 760 1103 morlamur.

1236 1104 1332 1136 Clior.
1360 1102 1562 1146 Lugubrem
1579 1105 1671 1139 felici

1234 1153 1328 1185 Voce
1346 1152 1510 1188 Phoebus
1527 1163 1631 1189 sonat

1184 1203 1257 1239 350
1282 1204 1456 1237 Sonoram
1477 1205 1648 1239 citharam

1234 1255 1383 1289 Pulsans
1401 1268 1509 1289 aureo
1526 1259 1672 1301 plectro,

1235 1305 1310 1349 Ego
1327 1319 1412 1339 vero
1432 1308 1468 1340 in
1487 1315 1603 1342 terrae
1622 1317 1655 1343 et
1671 1310 1868 1343 inferorum
1890 1310 2076 1353 caliginem

1234 1355 1431 1400 ingressum
1449 1360 1559 1393 filium
1572 1387 1580 1399 ,
1604 1361 1677 1393 sive
1694 1360 1787 1395 Iovis
1805 1362 1920 1405 ipsum
1940 1362 2074 1399 dixero,

1235 1408 1315 1440 Sive
1335 1407 1607 1456 Amphitryonis
1624 1413 1749 1453 filium,

189 1121 281 1164 Mey.
317 1118 361 1152 Et
378 1131 441 1162 ego
463 1126 495 1152 te
514 1121 662 1164 supplex
681 1133 788 1165 rogo,
815 1127 855 1154 ut
870 1121 979 1154 addas
995 1121 1128 1165 gratiae

550 1171 715 1214 gratiam,

189 1219 235 1253 Et
253 1220 426 1253 ambobus
446 1234 538 1254 unus
557 1228 696 1265 gratum
715 1222 822 1256 facias
841 1222 1041 1266 dupliciter.

192 1271 354 1303 Concede
372 1269 480 1311 inihi,
503 1278 541 1305 ut
557 1273 629 1305 filio
655 1274 784 1306 addere
803 1273 934 1317 possim
961 1280 1125 1305 ornatum

553 1330 794 1362 mortuorum,

139 1371 213 1404 330
239 1372 371 1415 Aperta
391 1372 516 1409 ianua;
542 1386 637 1407 nunc
652 1374 745 1406 enim
765 1374 894 1407 exclusi
912 1387 1051 1408 sumus:

188 1421 318 1454 Saltem
339 1421 424 1455 haec
448 1431 712 1469 consequantur
730 1437 771 1458 ex
788 1425 934 1458 aedibus
950 1424 1128 1469 patrisssss).

190 1474 312 1516 Lycus.
367 1473 483 1507 Erunt
506 1472 611 1512 haec;
647 1476 726 1508 dico
758 1475 949 1516 ministris,
978 1482 1018 1509 ut
1049 1488 1129 1520 ape—
1184 1457 1258 1492 355
1283 1458 1650 1516 Gel,el¹¹'³¹reh'b⁰r¹¹¹¹¹
1671 1475 1841 1496 coronam

552 1526 648 1558 fiant
666 1527 831 1565 claustra,
1234 1509 1415 1544 Laudibus
1436 1513 1529 1546 volo.

139 1584 234 1588 „ss-
295 1587 306 1588 Π
336 1587 340 1589 ,
1234 1560 1422 1601 „Virtutes
1439 1563 1585 1597 sortium
1603 1565 1766 1598 laborum

243 1640 408 1669 „Quoniam
429 1641 563 1670 hospitum
584 1642 689 1664 vultum
708 1641 817 1672 fugiunt
836 1641 924 1670 amici,
1235 1611 1354 1669 ”suni
1376 1614 1480 1648 dsscus
1501 1622 1661 1672 mprnns‘
1847 1667 1854 1673 ‚

243 1675 357 1702 „Unum
376 1675 446 1697 diem
466 1677 573 1705 gratum
592 1675 752 1704 adspectum
773 1676 872 1698 babere
890 1675 967 1699 aiunt
986 1677 1083 1700 solum.
1232 1664 1283 1695 AC
1301 1676 1457 1707 psillium
1477 1668 1620 1711 quidem
1638 1679 1762 1701 nemus
1780 1666 1836 1700 on
1848 1680 1873 1699 lS

243 1708 349 1731 Audeto
370 1709 509 1732 nobiscum
531 1710 661 1736 mortem,
681 1715 751 1739 quae
770 1710 861 1732 manet
881 1710 906 1732 te
927 1710 1110 1734 nihilominus.

243 1741 429 1766 Provocamus
450 1743 664 1773 ingenuitatem,
685 1749 700 1766 o
721 1750 820 1774 senex,
841 1745 927 1768 tuam,

244 1776 321 1805 „Qui
348 1782 364 1800 a
389 1777 447 1800 Diis
472 1778 536 1800 sunt
555 1777 672 1808 etenim,
699 1777 851 1807 quicunque
871 1777 996 1807 perferre
1014 1779 1129 1801 conatur
1287 1789 1362 1819 ΜΘΗ,
1383 1790 1418 1812 Et
1437 1795 1487 1817 ego
1507 1790 1534 1813 te
1554 1795 1602 1813 om
1621 1790 1729 1819 gratiae
1749 1790 1850 1813 addere
1869 1789 1997 1820 gratiam,

344 1845 349 1849 ⁹
549 1817 641 1849 t'aS'USv
986 1845 991 1850 .
1288 1824 1322 1845 Ut
1342 1818 1473 1846 ambobus
1494 1826 1521 1846 tu
1541 1831 1610 1847 tinus
1630 1827 1756 1854 praestes
1779 1825 1911 1847 bifariam.

243 1844 365 1873 „FOFUS
387 1848 444 1883 esf?
464 1845 512 1884 ἔθα
533 1845 664 1867 f0f¹¹t¹¹d⁰
685 1845 751 1868 '¹³⁶0
771 1847 847 1868 caret
865 1845 1018 1874 prndentffi·
1104 1879 1109 1884 ,
1286 1857 1418 1881 Oruatum
1439 1859 1557 1881 concede
1578 1860 1639 1881 milii
1658 1860 1713 1882 tilio
1736 1859 1837 1882 addere
1856 1860 2002 1885 funerum3

243 1879 348 1908 „Quod
375 1885 446 1901 emm
466 1880 540 1902 tacto
559 1885 627 1908 opus
648 1880 707 1909 est,
733 1879 823 1902 nullus
844 1879 963 1902 Deorum
988 1885 1042 1902 non
1067 1879 1128 1902 efn-
1284 1891 1370 1914 Domo
1384 1894 1481 1920 aperta
1500 1898 1572 1915 „unc
1591 1893 1662 1916 euim
1681 1894 1866 1923 &emmanu-3

172 1945 219 1976 31)
239 1946 392 1978 occidatur]
414 1947 453 1970 sic
474 1914 758 1977 scripgsitlptiiithigissnss
779 1947 964 1974 occideretur;
986 1946 1068 1970 Editt,
1083 1953 1128 1970 re-
1285 1926 1338 1948 sed
1358 1927 1386 1948 Ut
1406 1927 1473 1949 haec
1491 1928 1646 1950 somantur
1665 1928 1698 1950 de
1716 1928 1849 1951 facultate
1868 1928 1965 1956 pams'

209 1982 294 2004 cent.:
320 1982 459 2005 caedatur.

175 2013 222 2044 32)
249 2018 362 2043 paratus
388 2022 447 2038 sum
473 2015 498 2037 in
520 2014 631 2038 exilium
652 2015 707 2043 ire]
733 2015 773 2037 sic
797 2015 847 2038 Ed.
866 2015 956 2041 1562.;
985 2015 1032 2038 Ed.
1054 2015 1127 2039 1558.

1214 1966 1278 1998 3:3³)
1302 1973 1327 1991 n.
1348 1967 1456 1991 invideo
1477 1967 1589 2000 peplis]
1609 1969 1647 1993 sic
1667 1970 1824 1999 Ed.1562.;
1844 1970 1926 1993 Editt.
1942 1971 2060 1994 recent:
2083 1976 2105 1994 n.
2128 1969 2169 1992 in-

1250 2002 1333 2024 video
1351 2002 1431 2026 roln's
1451 2005 1554 2026 vestes.

210 2048 286 2072 exire
311 2056 344 2072 ex
362 2050 454 2079 patria
474 2049 520 2079 (z
542 2050 589 2072 Ed.
610 2049 692 2073 Basil.
715 2049 788 2072 1551.
815 2048 885 2072 ἱέναι
909 2046 1016 2079 πάτρας
1041 2046 1127 2079 ὅπως
1214 2043 1262 2075 34)
1282 2044 1447 2076 Accipiens]
1478 2045 1518 2069 sic
1547 2046 1597 2071 Ed.
1619 2047 1710 2077 1562.;
1730 2046 1814 2070 Editt.
1833 2048 1951 2071 recent.:
1972 2047 2122 2075 Occupatis.

209 2083 293 2109 Editt.
312 2087 415 2108 recent.
436 2082 506 2106 ἱέναι
523 2082 624 2114 πέτρας
643 2080 699 2106 tino
718 2095 751 2099 -
770 2084 800 2105 ut
820 2084 853 2106 de
872 2088 940 2106 saxo
961 2084 1128 2107 deturbetur.
1215 2085 1262 2117 35)
1283 2086 1350 2115 Isyc.
1370 2087 1459 2111 Erunt
1479 2099 1511 2104 -
1529 2087 1629 2113 iustus.
1657 2087 1714 2119 (vs.
1733 2087 1923 2119 ³32—347.)]
1949 2089 1989 2111 sic
2009 2089 2055 2112 Ed.
2079 2088 2169 2117 1562.;

174 2115 221 2147 33)
242 2117 326 2141 Char.
349 2119 377 2142 si
396 2118 457 2147 quis
474 2129 505 2135 —
520 2118 618 2148 patris.
639 2116 694 2148 (vs.
710 2116 900 2148 3¹2—331.)]
920 2118 959 2141 sie
975 2118 1021 2140 Ed.
1038 2118 1128 2147 ¹5:5⁴2.;
1250 2120 1299 2143 Ed.
1319 2121 1413 2145 1558.:

208 2151 257 2176 Ed.
280 2152 361 2175 1558:
1288 2154 1354 2182 Lyc.
1375 2156 1463 2178 Erunt
1482 2156 1564 2178 haec:
1583 2155 1693 2184 aperire
1713 2157 1837 2180 claustra
1856 2156 1966 2180 famulis
1986 2156 2055 2181 dico.

245 2186 331 2210 chor.
351 2186 380 2210 Si
399 2186 506 2216 quidem
525 2185 681 2209 valentibus
701 2185 769 2209 meis
787 2185 904 2209 brachiis
1154 2216 1155 2221 1
1286 2189 1445 2216 ornamini,
1465 2189 1537 2212 iutro
1560 2191 1695 2219 profecti,
1716 2197 1769 2214 non
1789 2190 1896 2214 invideo
1916 2190 2014 2220 peplis.

245 2221 331 2244 Esset
349 2221 448 2251 aliquis
468 2221 700 2249 contumeliosus,
720 2220 802 2243 facile
820 2223 1050 2249 compesceretur.
1153 2225 1156 2249 γ
1287 2223 1336 2245 Ubi
1355 2229 1422 2246 vero
1442 2225 1568 2246 ornatum
1588 2224 1842 2253 eircumposueritis
1859 2225 2031 2254 corporibus,

244 2255 300 2278 lam
320 2261 388 2279 vero
409 2255 474 2278 nihil
493 2262 605 2279 sumus:
625 2256 699 2277 tuum
718 2259 802 2284 ergo,
821 2255 919 2277 exinde
939 2255 1128 2283 considerare,
1285 2257 1402 2280 Veniam
1422 2257 1457 2279 ad
1476 2263 1526 2280 vos
1545 2258 1652 2281 Inferae
1671 2259 1860 2282 immolaturus
1880 2259 1982 2282 telluri.

245 2290 383 2318 Quomodo
401 2290 547 2319 propulses
564 2290 707 2318 fortunas,
734 2294 748 2312 ο
767 2289 940 2318 Amphitryo.
1014 2302 1018 2307 .
1286 2291 1359 2321 Mey.
1381 2292 1402 2315 Ο
1422 2291 1487 2318 filii,
1507 2292 1651 2320 sequimini
1671 2293 1801 2316 miserum
1820 2293 1918 2317 matris
1938 2293 2031 2322 pedem

245 2324 304 2348 Am.
325 2324 384 2347 Non
403 2324 550 2351 timiditas,
572 2330 659 2353 neque
678 2323 752 2346 vitae
770 2328 846 2346 amor
1286 2325 1432 2348 Paternum
1454 2325 1489 2347 ad
1508 2325 1627 2355 atrium,
1648 2327 1690 2349 ubi
1711 2327 1870 2351 facultatum

244 2358 315 2381 Mori
335 2357 460 2387 prohibet
477 2364 536 2388 me,
555 2358 604 2381 sed
622 2357 678 2381 filio
698 2357 761 2381 volo
1287 2359 1342 2382 Alii
1361 2359 1518 2389 potiuntur,
1537 2365 1635 2383 nomeu
1655 2367 1720 2384 vero
1740 2363 1829 2384 restat
1848 2361 1925 2385 vobis
1944 2361 2038 2384 adhuc.

244 2393 365 2416 Servare
383 2392 474 2421 filios3
493 2392 563 2415 alias
580 2392 760 2421 impossibilia
778 2391 888 2415 viderer
908 2392 1044 2421 expetere.
1286 2394 1346 2417 Am.
1371 2393 1392 2416 Ο
1411 2392 1530 2421 Iupiter,
1553 2394 1658 2418 frustra
1675 2401 1742 2418 sane
1762 2396 1927 2419 corrivalem
1947 2398 1973 2419 te
1995 2395 2082 2419 habui.

243 2427 315 2450 Ecce
333 2426 413 2450 adest
430 2426 480 2449 hoo
499 2426 590 2456 gladio
609 2426 731 2456 iugulum
1285 2427 1405 2450 Frustra
1424 2426 1505 2450 etiam
1524 2427 1573 2450 filii
1592 2434 1659 2452 sane
1680 2430 1806 2459 templum
1828 2430 2034 2453 celebravimus.

243 2461 358 2492 Ferire⁷
377 2460 534 2489 trucidare,
553 2461 630 2483 exire
650 2466 683 2483 ex
702 2460 802 2489 patria.
1283 2461 1321 2484 Tu
1339 2460 1432 2489 utique
1450 2466 1513 2484 eras
1533 2462 1670 2492 deterior,
1696 2470 1775 2493 quam
1794 2465 1949 2488 credebaris
1969 2471 2033 2487 esse
2052 2464 2165 2487 anneus.

243 2496 330 2519 Unam
350 2500 416 2518 vero
436 2494 514 2518 nobis
534 2494 582 2517 des
601 2494 735 2526 gratiam,
755 2500 771 2518 o
790 2501 856 2523 rex,
876 2499 996 2518 oramus,
1153 2490 1155 2503 ⁴
1284 2495 1395 2518 Virtute
1414 2496 1441 2517 te
1460 2501 1578 2527 supero,
1598 2497 1725 2521 mortalis
1743 2499 1884 2526 existens,
1904 2500 1988 2522 Deum
2008 2504 2142 2526 magnum.

243 2530 343 2554 Occide
362 2535 405 2552 me
426 2530 453 2552 et
471 2529 540 2552 hane
557 2528 687 2552 miseram
705 2530 770 2552 aute
788 2529 871 2557 filios,
1282 2528 1369 2553 Filios
1389 2528 1460 2552 enim
1480 2535 1532 2552 non
1547 2531 1652 2559 prodidi
1673 2533 1809 2557 Herculis,
1827 2533 1830 2537 '

243 2565 283 2588 Ne
301 2564 374 2588 filios
392 2562 576 2593 adspiciamus
596 2562 719 2593 (impium
737 2562 935 2593 spectaculum)
1151 2570 1154 2593 5
1283 2564 1322 2587 Tu
1342 2568 1408 2586 vero
1426 2564 1460 2586 ad
1479 2564 1578 2588 cubilia
1596 2565 1703 2595 quidem
1722 2567 1845 2590 occultus
1865 2567 1966 2591 novisti
1985 2567 2090 2590 venire,

240 2599 408 2629 Morientes‚
431 2599 458 2621 et
477 2597 640 2620 invocantes
659 2598 784 2625 matrem,
1151 2599 1154 2626 ς
1283 2597 1382 2621 Aliena
1401 2597 1528 2627 coniugia
1547 2600 1712 2624 concedente
1731 2601 1839 2625 nemine
1860 2602 2012 2631 accipiens;

241 2633 387 2663 Patrisque
404 2633 524 2662 patrem
546 2632 657 2655 caetera
674 2637 758 2659 vero,
777 2632 800 2654 si
821 2631 908 2660 cupis,
1281 2633 1402 2655 Servare
1421 2633 1512 2655 autem
1532 2634 1594 2657 tuos
1613 2635 1705 2658 nescis
1727 2636 1839 2659 amicos.

241 2669 316 2699 Age3
334 2673 389 2692 non
408 2666 479 2691 enim
497 2666 581 2691 robur
598 2665 728 2689 habemus
740 2682 747 2696 ‚
766 2672 818 2695 quo
838 2665 926 2689 minus
946 2665 1101 2688 moriamur.
1279 2665 1396 2697 Rigidus
1416 2666 1549 2696 quispiam
1568 2674 1598 2692 es
1617 2668 1707 2701 Deus,
1730 2671 1778 2693 aut
1794 2670 1901 2700 iniquus
1921 2677 1960 2694 es.
