2373 2980
137 103 211 141 149

134 190 253 237 Atque
269 189 333 223 iste
348 200 426 222 mos
442 193 495 222 est
503 187 677 230 Homero,
703 189 844 223 variare
857 200 998 232 semper
1012 200 1134 221 amoe-
1187 188 1279 222 ficat.

134 243 237 275 niore
257 240 378 286 aliquo
397 240 475 272 loco
500 252 581 274 suas
602 240 879 285 descriptiones,
912 239 986 273 sive
1009 251 1134 272 narra-

136 293 272 332 tiones,
305 291 416 325 veluti
441 291 479 324 in
501 289 570 325 hoe
594 298 771 337 apparatu
793 291 920 324 bellico
947 291 1001 324 vel
1027 302 1132 324 coeco

135 348 318 389 appareat.

237 414 272 436 v.
290 401 376 437 127.
413 401 592 448 θωρήκας
614 401 652 437 δ’
678 400 779 447 εἶχον
804 400 1133 448 καλαμοστεφέων]

132 451 295 487 thoraces
335 452 480 487 calamis
520 453 689 487 culmisve
731 465 910 487 connexos
941 450 1134 487 habebant.

132 504 317 548 Significat
333 504 428 537 enim
445 504 591 538 Graecis
608 503 733 550 στέφω
751 516 826 537 1101ι
846 504 961 537 solum
985 516 1134 544 corono,

133 556 196 590 sed
215 555 322 589 etiam
341 567 495 594 consum
523 555 703 598 coniungo
722 561 756 587 et
774 561 960 587 connecto.

239 625 272 646 v.
297 612 381 648 129.
423 610 533 651 ἀσπὶς
557 610 596 647 δ’
624 608 673 658 ἦν
698 610 853 657 λύχνου]
890 612 1033 656 clypeus
1059 615 1135 642 erat

134 663 251 696 media
270 674 354 707 pars
370 662 603 696 umbilicusve
621 659 781 708 λύχνου,
810 663 988 696 lucernae.
1048 660 1135 694 Cae-

133 719 250 747 terum
274 714 317 746 de
342 711 473 758 lychno
498 713 654 759 disputat
670 712 875 748 Athenaeus
902 713 935 745 iu
958 714 1027 745 sinc
1050 711 1135 744 Dei-

134 762 459 811 pnosophistaeoe).

238 837 271 858 v.
297 824 381 860 132.
426 821 478 863 ὥς
511 822 755 871 ἑνόησαν39)]
798 829 838 857 ut
873 823 1134 856 intellexerunt.

135 874 233 907 Bella
251 880 417 908 constant
432 875 540 908 fama.
594 874 639 919 Q.
655 874 769 908 Curtii
787 887 856 908 vox
877 880 928 908 est
952 874 1013 908 lib.
1033 872 1136 919 32⁴⁰).

135 925 225 958 Vide
242 924 493 969 proverbium:
523 925 636 959 Multa
654 925 691 958 in
707 925 808 959 bellis
826 925 946 958 inania
960 924 1019 970 ⁴¹).

241 997 273 1019 v.
294 985 377 1018 133.
403 983 610 1031 βάτραχοι,
638 982 966 1031 ἐξανέδυσσανΗΠ
983 983 1135 1018 Concio-

135 1047 216 1069 nem
235 1033 295 1068 hie
313 1047 485 1069 ranarum
504 1037 547 1070 de
567 1036 660 1069 bello
677 1037 839 1070 muribus
868 1036 1055 1069 inserendo
1076 1036 1136 1068 de-

136 1086 261 1132 pingit.

240 1158 273 1179 v.
292 1145 376 1180 134.
411 1145 585 1190 πολέμοιο
607 1147 754 1191 κακοῖο]
785 1146 870 1179 belli
895 1145 981 1179 mali
1007 1144 1134 1189 gratia.

136 1196 265 1231 Graeci
284 1209 364 1229 cum
385 1208 527 1229 causam
550 1197 771 1240 significant,
805 1209 910 1241 saepe
936 1197 1134 1241 genitivum

137 1248 212 1282 sine
229 1247 494 1291 praepositione
512 1247 676 1282 efferunt.

243 1319 274 1340 v.
293 1304 376 1339 136.
402 1302 520 1351 κήρυξ
533 1303 570 1340 δ’
590 1303 837 1354 s'yyzfflevwss
861 1305 988 1339 Indicit
1000 1305 1135 1339 bellum

137 1357 233 1390 ranis
258 1354 551 1400 Emhasichytrus
575 1369 713 1389 summa
740 1357 954 1397 autoritate,
994 1363 1134 1400 sceptro

136 1407 233 1450 regio
253 1406 415 1451 symbolo
439 1412 586 1440 ornatus
599 1433 608 1447 ,
636 1413 670 1439 et
687 1406 830 1440 subiicit
847 1419 1002 1440 causam.
1057 1407 1134 1440 Pri-

135 1470 214 1490 mus
229 1469 314 1490 sane
341 1458 437 1501 apud
454 1457 639 1492 Romanos
662 1458 754 1491 bella
782 1457 891 1491 indici
916 1458 1030 1491 voluit
1047 1457 1135 1491 Tul—

135 1509 188 1542 lus
204 1507 376 1542 Hostilius
392 1520 455 1552 per
468 1508 627 1542 fecialem
640 1537 649 1549 ,
686 1509 749 1555 qui
774 1509 931 1542 dicebat:
967 1509 1063 1543 Audi
1079 1508 1135 1543 Iu-

136 1559 247 1604 piter,
274 1559 393 1593 audite
408 1560 513 1600 fines,
540 1560 662 1594 audiat
687 1561 751 1596 fas.
810 1561 880 1594 Sed
906 1567 1040 1594 certam
1063 1561 1135 1594 bel-

135 1611 209 1643 lum
245 1610 426 1643 indicendi
455 1611 647 1644 formulam
678 1625 720 1646 ex
753 1612 872 1657 primo
903 1612 948 1648 T.
970 1611 1065 1645 Livii
1094 1612 1135 1645 li-

135 1660 256 1708 bro⁴³)
280 1668 372 1706 pete.

238 1734 270 1755 v.
291 1721 376 1756 137.
406 1718 675 1769 Τυρογλύφου]
704 1719 777 1757 ἀπὸ
794 1725 861 1758 τοῦ
877 1724 995 1770 τυροῦ
1004 1723 1052 1769 ⁴⁴)
1071 1720 1135 1758 καὶ

133 1768 312 1820 γλύφειν,
355 1773 400 1805 ab
423 1774 636 1807 excavandis
650 1773 696 1821 ⁴⁵)
722 1774 850 1814 caseis,
893 1775 995 1820 quasi
1019 1775 1133 1808 dicas:

136 1823 356 1858 excavatoris
372 1836 572 1859 caseorum.
626 1823 940 1872 Ἐμβασίχυτρος]
964 1827 1061 1871 quod
1078 1838 1134 1860 so-

133 1874 204 1907 leat
229 1874 267 1907 in
295 1875 383 1910 ollas
411 1875 580 1920 irrepere.
641 1874 836 1922 ἐμβαίνειν
866 1877 960 1910 enim
987 1877 1134 1911 Graecis

133 1931 185 1959 est
201 1924 361 1969 ingredi,
389 1927 483 1960 unde
499 1925 675 1973 ἔμβασιςς
713 1933 748 1960 et
760 1926 885 1975 χύτρα
901 1928 1008 1961 ollam
1026 1928 1134 1973 signi-

166 2068 215 2096 88)
236 2067 501 2097 Deipnosophistaej
538 2068 580 2091 sie
617 2068 780 2097 scripsimus
810 2078 844 2090 =
876 2069 1133 2103 Δειπνοσοφισταί;

203 2102 285 2126 Editt.
301 2101 491 2125 1566-1622.
512 2101 753 2131 Dipnosopnistae.
776 2115 803 2119 —
831 2104 992 2127 Athenaeus
1011 2106 1055 2128 lih.
1070 2107 1133 2131 XV.

202 2143 225 2160 c.
238 2136 281 2160 57.
300 2136 378 2164 (Vol.
390 2136 424 2159 V.
444 2143 468 2165 p.
486 2136 546 2160 560.
568 2136 615 2158 Ed.
627 2137 797 2168 schweigh.)
816 2137 972 2168 lampadum
992 2141 1019 2163 et
1038 2140 1131 2165 lucer-

203 2176 300 2194 narum
319 2169 399 2193 varia
419 2170 530 2193 uomina
546 2170 636 2194 affert.

168 2220 217 2248 39)
236 2218 272 2246 ὥς
291 2217 425 2249 ἐνόησαν]
447 2219 489 2242 sic
513 2219 539 2242 in
565 2220 615 2243 hoc
639 2220 742 2244 scholio
762 2221 845 2244 Editt.
867 2222 1072 2253 1566—1622.;
1105 2224 1134 2249 in

204 2255 281 2278 textu
301 2255 393 2278 autem
412 2254 511 2277 habent
529 2259 615 2284 aeque
633 2260 667 2277 ac
687 2255 735 2279 Ed.
757 2256 848 2280 Herm.
868 2254 904 2284 ὠς
923 2253 952 2280 δ’
971 2255 1100 2287 ἐνόησαν.

170 2304 218 2333 40)
236 2304 314 2328 Cui-t.
335 2304 382 2336 ln,
399 2304 441 2328 tt:
467 2304 540 2328 fama
559 2305 631 2328 bella
649 2307 734 2330 stare.

170 2354 217 2387 41)
237 2355 301 2380 Vid.
314 2355 425 2379 Erasini
436 2355 524 2385 Adag.
543 2355 607 2381 chii.
622 2355 654 2380 ΙΙ.
675 2356 745 2379 cent.
762 2356 796 2380 X.
816 2362 893 2387 prov.
911 2359 949 2383 19.
971 2372 1001 2375 »κ
1024 2360 1133 2386 Verba:

202 2390 276 2422 „liin
292 2389 317 2413 3.
338 2390 410 2413 Vide
427 2403 461 2407 —
479 2390 581 2414 inania.
590 2387 606 2399 '³
627 2390 653 2413 in
675 2391 735 2414 sola
753 2391 802 2414 Ed.
825 2392 898 2417 1570.
926 2393 1071 2425 leguntur,
1106 2396 1133 2420 in

205 2424 287 2448 Editt.
310 2424 401 2454 1566..
425 2423 614 2450 1607—1622.
635 2425 744 2451 desunt.

169 2474 215 2507 4²)
234 2473 319 2508 κὴρνξ
337 2471 365 2499 ‹1’
386 2473 520 2507 ἐγγύθεν]
538 2477 579 2500 sic
598 2477 681 2502 udat.
703 2478 770 2501 1566
782 2479 897 2504 -1622,
923 2480 949 2503 in
976 2482 1026 2505 noe
1050 2483 1133 2507 seho-

203 2510 258 2540 lio;
282 2510 310 2533 in
330 2511 406 2533 textu
424 2513 516 2534 autem
536 2511 663 2535 exhibent
682 2514 712 2535 ut
726 2513 773 2536 Ed.
788 2513 880 2540 Herm.
899 2512 984 2546 κῆρυξ
1002 2514 1131 2549 ἐγγύθεν.

169 2559 218 2591 43)
236 2560 296 2585 niv.
316 2561 337 2590 Ι,
357 2561 399 2586 ³2.

170 2611 217 2643 44)
238 2609 294 2635 dmi
313 2611 371 2652 'to-¹7
395 2613 494 2645 τυροῦ]
522 2615 563 2638 sic
591 2615 672 2640 Editt.
697 2616 905 2648 1566-1607.;
941 2619 1025 2643 Mitt.
1046 2620 1132 2652 1621„

206 2646 281 2671 1622.
302 2654 357 2670 cmo
377 2648 470 2679 τυροῦ.

172 2697 219 2729 45)
238 2699 421 2729 excavandis]
442 2700 489 2724 Ed.
512 2700 585 2724 ¹570.
605 2707 703 2726 errore
721 2704 849 2734 typogr.:
876 2705 1051 2730 excavendis.

542 101 585 138 L.
640 102 844 138 SCHOLIA
870 101 919 138 IN
945 100 1542 137 BATRACHOMYOMACHIAN
1567 101 1771 138 HOMERI.

2108 101 2181 138 150

1333 185 1384 232 (v.
1401 186 1503 234 141.)
1535 185 1772 237 Ψιχᾶρπαγος
1799 195 1833 221 ct
1863 188 1912 232 (v.
1934 187 2035 234 142.)
2064 190 2184 223 Φυσι-

1186 236 1340 285 γνοὶθου
1357 239 1610 282 etymologiam
1628 241 1697 272 iam
1716 238 2037 285 explicavimus⁴⁶).

1291 300 1323 321 v·
1352 288 1436 323 142.
1473 288 1565 323 ἀλλὰ
1594 288 1802 337 μάχεσθαι]
1836 287 1961 329 πάθος
1991 290 2183 333 egregium,

1187 350 1259 384 quo
1278 339 1322 371 ad
1338 339 1446 372 finem
1464 352 1575 384 usque
1598 342 1854 384 amplificatum
1876 342 1971 375 istud
1996 353 2185 385 argumen-

1187 395 1264 423 tum
1283 395 1346 424 est.

1291 453 1324 474 v.
1343 438 1427 474 145.
1453 436 1660 486 βατράχων
1675 439 1894 488 ἀγερώχων]
1920 455 2091 476 ranarum
2108 455 2184 476 ma-

1187 491 1460 534 gnanimarum,
1510 497 1571 523 aut
1606 493 1840 535 superbarum
1877 501 1911 526 et
1942 494 2184 530 insolentium.

1187 540 1376 589 ἀγέρωχος
1397 542 1493 575 enim
1517 542 1729 575 vocabulum
1759 550 1810 577 est
1831 544 2058 588 ambiguum,
2098 546 2184 580 alias

1188 593 1321 636 quippe
1343 594 1535 637 superbum
1560 599 1594 625 et
1618 594 1856 636 petulantem,
1891 595 1978 630 alias
2000 603 2186 630 strenuum

1188 649 1223 675 et
1246 644 1516 686 magnanimum
1535 644 1720 687 significat.

1294 706 1325 726 v.
1352 693 1436 727 147.
1475 690 1506 728 ὦ
1528 694 1644 739 φίλοι]
1681 693 1947 740 Physiguathus
1970 697 2126 740 primum
2150 710 2186 731 se

1189 751 1338 788 purgat,
1366 744 1494 777 deinde
1512 745 1609 777 ranis
1633 746 1764 779 bellum
1792 759 1869 780 cum
1896 747 2057 781 muribus
2081 749 2188 782 susci-

1190 795 1359 838 piendum
1376 797 1501 828 suadet
1518 796 1713 839 magnifice.
1750 797 1820 829 Ubi
1839 799 2055 838 observabis,
2079 812 2189 844 quam

1190 844 1336 889 pulchre
1362 847 1408 879 sit
1432 860 1514 880 usus
1540 848 1801 882 extenuatione.
1857 849 1974 883 Habes
2002 857 2121 883 autem
2150 851 2188 884 in

1189 895 1434 942 Physignatho
1452 898 1607 938 strenui,
1636 898 1728 931 cauti
1748 905 1782 932 et
1803 900 1988 943 prudentis
2011 901 2110 935 ducis
2131 914 2188 934 ex-

1190 949 1346 992 emplum
1360 974 1369 988 ‚
1393 949 1454 994 qui
1471 949 1507 981 in
1525 948 1642 983 dubiis
1659 950 1730 983 suis
1747 957 1780 983 et
1796 963 1941 984 suorum
1965 953 2070 986 rebus
2099 950 2189 986 nihil

1189 1005 1241 1032 est
1257 999 1450 1032 deiectiore
1466 1000 1608 1040 animo,
1636 1000 1844 1044 disciplinae
1861 1003 1911 1035 rei
1937 1003 2103 1037 militaris
2127 1016 2189 1037 ne-

1189 1062 1372 1096 quaquam
1394 1050 1551 1094 ignarus.

1292 1114 1325 1135 v.
1346 1099 1430 1137 152.
1457 1100 1515 1136 τοὶ
1528 1099 1659 1150 γὰρ’Ὶ)
1678 1100 1790 1150 ἐγών]
1814 1102 1871 1139 τοὶ
1899 1102 1989 1138 nihil
2015 1103 2073 1138 hic
2093 1106 2189 1147 facit,

1190 1164 1297 1197 quam
1325 1154 1422 1198 quod
1448 1166 1638 1186 numerum
1668 1154 1804 1198 implet.
1872 1156 1990 1201 Atque
2016 1156 2063 1189 ita
2090 1157 2189 1190 dein-

1189 1215 1270 1247 ceps
1279 1203 1326 1249 48)
1342 1202 1608 1249 Physignathus
1627 1205 1814 1238 consilium
1838 1207 2082 1242 cordatissime
2106 1220 2189 1253 pro-

1189 1254 1292 1298 ponit
1316 1252 1370 1288 his
1394 1255 1527 1288 verbis:
1573 1252 1730 1301 σώματα
1751 1254 2017 1302 κοσμήσαντες.
2079 1258 2188 1293 Recte

1188 1318 1273 1339 sane
1290 1306 1445 1340 instruit.
1497 1306 1689 1351 Eleganter
1705 1307 1801 1340 enim
1818 1309 1894 1341 loca
1915 1322 2060 1354 capere,
2086 1323 2190 1355 prae-

1187 1357 1276 1389 sidia
1295 1356 1361 1389 rite
1380 1358 1569 1402 disponere
1586 1357 1693 1403 (sicut
1714 1359 1757 1391 de
1775 1357 1917 1404 Pyrrho
1935 1360 2059 1396 Livius
2080 1363 2190 1395 refert

1188 1407 1281 1440 libro
1301 1405 1336 1441 5.
1360 1408 1442 1440 belli
1466 1408 1690 1441 Macedonici
1701 1408 1772 1455 ¹¹⁹))
1805 1411 1920 1454 prima
1946 1413 2023 1446 laus
2051 1413 2117 1446 fuit
2151 1413 2188 1446 in

1189 1458 1376 1502 disciplina
1395 1459 1554 1493 militari.

1294 1522 1325 1543 ν.
1345 1508 1429 1544 159.
1459 1507 1644 1556 στήσομεν
1662 1507 1855 1557 εὐθύμως]
1883 1512 2068 1547 Promittit
2091 1515 2189 1549 ranis

1189 1558 1401 1605 trophaeam
1426 1562 1596 1595 victoriae
1620 1562 1887 1603 testimonium,
1927 1565 2024 1608 quod
2045 1565 2188 1609 publico

1189 1612 1226 1645 in
1244 1612 1322 1645 loco
1334 1639 1344 1652 ,
1369 1619 1431 1646 aut
1448 1613 1744 1648 eminentioribus
1762 1614 1870 1658 iugis,
1898 1612 2059 1650 hostibus
2076 1616 2113 1650 in
2134 1618 2189 1651 fu-

1189 1676 1270 1708 gam
1288 1664 1490 1705 conversis,
1517 1671 1552 1698 et
1570 1665 1704 1700 exuviis
1721 1666 1888 1699 detractis
1913 1667 1951 1699 in
1975 1679 2189 1702 monumen-

1189 1722 1265 1748 tum
1282 1715 1454 1749 victoriae
1471 1717 1706 1751 statuebatur.

1292 1779 1325 1801 v.
1344 1767 1428 1801 161.
1457 1764 1610 1814 φύλλοις
1625 1765 1695 1813 μὲν
1711 1769 1895 1813 μαλαχῶν
1913 1765 2073 1816 κνήμας]
2095 1769 2187 1804 Scite

1188 1818 1384 1851 admodum
1403 1830 1575 1853 ranarum
1593 1832 1693 1852 arma
1713 1818 1902 1860 describit,
1935 1820 1996 1853 ubi
2021 1821 2188 1855 ohserva-

1186 1869 1240 1903 bis
1257 1869 1427 1903 decorum
1447 1882 1519 1904 esse
1538 1871 1794 1914 pulcerrimum
1814 1878 2077 1912 conservatum,
2099 1885 2188 1918 quo-

1187 1921 1285 1954 niam
1320 1921 1495 1966 palustres
1528 1919 1660 1955 herbae
1694 1933 1866 1955 ranarum
1900 1923 2010 1957 armis
2048 1936 2186 1957 summe

1187 1973 1463 2008 conveniebant.
1516 1970 1639 2019 κνήμη
1664 1985 1795 2018 porro,
1824 1979 1910 2007 teste
1926 1973 2186 2021 Aristotelem),

1188 2029 1302 2057 totum
1322 2031 1373 2058 est
1391 2024 1497 2064 illud,
1526 2025 1624 2058 cuius
1640 2031 1758 2069 partes
1777 2031 1859 2057 sunt
1875 2037 1956 2058 sura
1974 2032 2009 2058 et
2023 2026 2121 2060 tibia.

1292 2088 1324 2108 v.
1352 2075 1436 2109 168.
1469 2073 1563 2114 Ζεὺς
1584 2073 1625 2110 δὲ
1648 2072 1779 2121 θεοὺς]
1812 2081 2003 2121 postquam
2033 2088 2185 2121 appara-

1187 2131 1262 2158 tum
1282 2126 1364 2158 belli
1380 2133 1485 2170 poeta
1509 2127 1715 2171 descripsit,
1750 2127 1975 2174 admiscet⁵¹)
2000 2128 2183 2173 quandam

1185 2175 1440 2222 παρέκβασιν,
1468 2190 1537 2224 qua
1561 2178 1663 2222 fingit
1685 2177 1804 2211 Iovem
1831 2176 1974 2211 heroica
2000 2179 2183 2213 maiestate

1185 2226 1282 2262 Deos
1298 2240 1443 2273 cogere,
1471 2236 1505 2262 et
1522 2229 1592 2262 vim
1609 2230 1721 2263 futuri
1737 2230 1867 2273 proelii
1883 2241 2072 2274 exponere.

1291 2292 1323 2314 ν.
1343 2280 1426 2314 171.
1454 2278 1530 2320 οἷος
1546 2278 1789 2327 Κενταύρων]
1813 2280 1960 2314 Confert
1974 2282 2107 2315 bellum
2125 2293 2182 2315 ra-

1186 2342 1313 2365 narum
1331 2337 1366 2365 et
1385 2332 1542 2366 murium
1568 2345 1647 2366 curn
1673 2332 1766 2366 bello
1783 2331 2047 2367 Centaurorum
2074 2339 2181 2380 atque

1220 2457 1268 2489 46)
1288 2457 1359 2481 Vide
1379 2464 1463 2488 supra
1482 2465 1507 2488 p.
1524 2458 1581 2481 14⁴.
1601 2457 1708 2481 scholia
1725 2457 1760 2481 ad
1779 2465 1805 2482 v.
1828 2458 1867 2484 1⁷.
1887 2458 1929 2483 24.

1219 2500 1267 2533 47)
1285 2498 1329 2525 τοὶ
1345 2499 1415 2533 γάρ]
1435 2500 1475 2524 sic
1496 2500 1578 2524 Editt.
1600 2500 1810 2532 1566—1622.;
1835 2501 1885 2525 Ed.
1902 2501 1995 2527 Herm.
2014 2499 2120 2533 warde.

1218 2545 1267 2573 48)
1286 2544 1399 2568 Scilicet
1419 2550 1443 2567 v.
1465 2543 1522 2567 153.

1218 2586 1267 2619 49)
1286 2587 1347 2611 Liv.
1367 2586 1487 2617 XXXV,
1508 2587 1547 2611 14.

1218 2629 1266 2661 50)
1287 2630 1463 2694 inpiam-ige)
1476 2628 1586 2655 animal.
1605 2629 1670 2655 hist.
1690 2628 1709 2653 Ι.
1724 2630 1743 2654 l.
1769 2630 1847 2655 c.1¹.
1875 2629 1902 2662 §.
1918 2630 1943 2656 3.
1963 2630 2012 2654 Ed.
2031 2629 2181 2655 Schneider

1255 2667 1286 2693 (a
1300 2682 1305 2687 .
1341 2681 1346 2687 .
1365 2671 1387 2686 c.
1441 2683 1445 2687 .
1466 2682 1472 2688 .

1218 2705 1266 2736 51)
1285 2706 1434 2736 admiscet]
1453 2706 1536 2731 Editt.
1558 2706 1662 2776 16ῗὸζιι
1673 2706 1747 2732 1622.
1767 2712 1864 2732 errore
1882 2708 2009 2739 typogr.:
2035 2707 2160 2734 admisce
