2373 2980
221 136 296 172 439

224 221 322 257 1435
350 221 478 267 Gre.⁸⁷)
506 219 603 253 Tuas
619 217 714 250 diras
730 216 872 249 videtur
887 214 1085 259 implevisse
1102 213 1212 248 Deus.

274 276 365 307 Nun.
395 272 488 305 Audi
506 281 600 303 nunc
619 268 724 301 ctiam
737 294 745 307 ‚
774 279 864 312 quae
881 272 1022 310 praeter
1045 264 1132 299 haec
1157 277 1213 298 ac-

630 318 803 351 ciderunt.

256 397 258 399 -
274 373 468 417 Postquam
484 369 547 404 filii
563 369 652 414 lapsi
669 368 877 414 relinquunt
886 366 916 387 ⁸⁷
924 367 957 413 ⁸)
975 367 1082 401 vitam
1096 394 1104 407 ‚

274 423 376 455 Tunc
394 427 508 454 mater
524 421 653 454 misera
673 420 807 453 accedit

274 473 362 507 Cum
380 473 448 505 filia
469 471 573 505 celeri
591 483 721 516 gressu.

226 525 323 560 1440
348 523 481 557 videns
499 529 615 556 autem
632 521 837 555 vulneratos
851 518 946 552 letali
967 520 1090 558 caede,

274 574 446 608 Eiulavit:
474 574 508 608 Ο
527 574 609 613 filii,
635 573 737 606 tarda
757 569 959 604 auxiliatrix

275 627 422 660 Adsum.
475 625 652 658 Advoluta
670 629 788 656 autem
807 633 869 666 per
885 620 997 658 vices,
1023 619 1113 651 filios

274 676 496 721 Deplorabat
512 675 541 695 ⁸⁷
551 675 582 722 b)
619 681 653 707 et
684 673 826 717 lugebat
856 682 1025 715 magnum
1054 670 1212 702 laborem

635 736 781 759 suorum
805 723 969 761 uberum,

277 779 453 818 Gemens,
486 783 519 810 et
535 788 657 816 soror,
692 787 809 809 comes
827 773 972 811 matris,
1008 770 1130 804 simul:

227 828 324 864 1445
352 829 384 862 O
415 827 559 862 nutricii
588 826 776 861 senectutis
808 824 950 864 matris,
1002 834 1022 855 o
1054 832 1214 854 mearum

637 877 843 922 nuptiarum

274 930 492 969 Proditores,
512 930 638 962 fratres
657 927 866 961 charissimi.
902 925 996 958 Tum
1014 937 1055 958 ex
1074 929 1216 968 pectore

276 982 416 1014 Flatum
436 980 599 1012 emittens
618 979 796 1011 difficilem
814 990 874 1010 rex
891 976 1070 1014 Eteocles,

276 1030 423 1064 Audivit
439 1036 602 1069 matrem,
622 1035 656 1061 et
671 1029 859 1072 imponens
873 1027 1038 1060 miseram
1057 1035 1217 1063 manum,

278 1083 358 1116 Non
378 1082 520 1126 quidem
536 1093 658 1113 vocem
677 1079 806 1117 edidit,
831 1079 890 1112 sed
909 1091 949 1112 ex
969 1078 1078 1111 oculis

229 1133 327 1168 1450
363 1132 537 1166 salutavit
569 1144 645 1164 eam
678 1128 889 1175 lachrymis,
933 1136 971 1163 ut
1005 1129 1217 1173 significaret

637 1194 809 1216 amorem.

278 1238 376 1270 Alter
394 1233 510 1269 adhuc
526 1234 683 1279 spirabat
694 1261 702 1273 ‚
731 1240 764 1267 et
780 1233 920 1267 intuens
937 1243 1097 1265 sororem

278 1289 323 1322 Et
343 1299 449 1321 anum
466 1292 618 1319 matrem
635 1285 822 1330 Polynices
842 1282 927 1317 haec
945 1283 1050 1316 dixit:

280 1338 507 1379 ,‚Periimus‚
535 1350 556 1370 o
573 1343 707 1376 mater,
734 1336 877 1369 miseret
893 1347 948 1367 me
966 1334 1038 1373 tui,

277 1418 297 1431 „
308 1390 355 1424 Et
370 1389 502 1424 sororis
519 1386 643 1429 huius,
670 1394 704 1421 et
718 1387 838 1421 fratris
854 1385 999 1419 mortui.

233 1440 328 1476 1455
358 1440 530 1482 „Amicus
546 1439 640 1473 enim
661 1436 773 1472 hostis
790 1440 903 1472 sactus
923 1442 992 1476 est,
1020 1436 1079 1469 sed
1099 1440 1219 1467 tamen

642 1489 787 1523 amicus.

283 1571 303 1583 ,,
315 1543 470 1587 Sepelias
487 1554 561 1582 me,
591 1554 610 1574 ο
628 1547 742 1573 mater
759 1545 792 1572 et
810 1544 847 1571 tu
864 1548 987 1576 soror,

282 1621 302 1633 ,,
313 1593 353 1626 111
369 1601 461 1627 terra
481 1593 595 1638 patria
607 1619 616 1632 ‚
644 1598 677 1624 et
693 1591 818 1624 urbem
837 1589 964 1621 iratam

281 1645 472 1685 „Placate,
499 1650 539 1677 ut
556 1648 700 1676 eatenus
719 1649 916 1684 consequar

283 1696 464 1735 „Terram
481 1694 634 1739 patriam
646 1720 655 1732 ‚
683 1691 746 1725 etsi
762 1702 910 1734 regnum
930 1687 1081 1732 perdidi.

231 1746 330 1781 1460
359 1745 522 1787 „Claude
537 1744 725 1790 palpebras
740 1753 836 1775 meas
852 1747 911 1773 tua
930 1750 1039 1771 manu

284 1798 347 1837 „O
364 1803 480 1830 mater
497 1796 617 1841 (ponit
634 1800 751 1827 autem
770 1805 847 1826 eam
865 1790 970 1825 simul
988 1790 1062 1833 ipse
1079 1787 1123 1819 ad
1141 1798 1222 1819 ocu-

637 1846 692 1880 los
715 1843 814 1889 suos)

284 1898 358 1939 „Et
373 1898 503 1936 valete;
532 1898 601 1930 iam
618 1897 713 1929 enim
732 1893 953 1929 circumdant
969 1903 1025 1923 me
1045 1889 1222 1922 tenebrae.
1249 1889 1251 1897 ¹

284 1950 401 1984 Ambo
417 1949 465 1981 ibi
478 1949 583 1982 simul
599 1946 854 1981 exhalaverunt
870 1943 1036 1976 miseram
1055 1941 1177 1973 vitam.

284 2001 327 2033 Et
346 2006 481 2039 mater,
507 2005 697 2044 postquam
716 1998 805 2030 vidit
824 1994 914 2029 hanc
931 1993 1166 2026 calamitatem
1180 2016 1188 2029 ‚

238 2050 334 2086 1465
359 2048 598 2083 Vehementer
615 2049 738 2082 dolens
754 2047 875 2091 rapuit
895 2044 1052 2088 gladium
1074 2041 1223 2075 haeren-

645 2106 717 2132 tem
733 2098 769 2130 in
788 2097 977 2135 cadavere,

305 2189 332 2210 et
350 2186 398 2209 lat.
416 2191 438 2208 c.
456 2183 548 2206 adnot.
568 2182 609 2205 ed.
628 2182 659 2205 L.
677 2181 705 2205 C.
723 2180 907 2203 Valckeuaer.
933 2178 1126 2206 Franequerae
1148 2176 1221 2200 1755.

306 2219 362 2249 4.);
396 2219 423 2242 111
444 2218 526 2242 Editt.
547 2217 627 2240 Barn.
654 2218 679 2239 et
698 2217 803 2245 Musgr.
832 2216 946 2242 uterque
972 2217 1070 2234 versus
1091 2212 1222 2235 Creontis

307 2259 365 2283 est,
384 2254 410 2276 in
432 2253 478 2275 Ed.
499 2251 560 2275 Fix.
579 2256 646 2273 vero
667 2252 694 2272 et
714 2248 799 2272 Bothii
820 2254 893 2270 vers,
914 2251 1036 2273 german.
1057 2244 1222 2275 (Euripidcs'

305 2287 414 2311 XVerke
433 2285 610 2309 νει-1100150111
628 2289 680 2308 von
694 2283 740 2306 Fr.
755 2284 788 2306 Η.
805 2282 895 2306 Bothe.
914 2280 1067 2303 Δ81311111101111
1087 2279 1161 2304 11537,
1180 2280 1220 2309 ὅ.)

303 2325 414 2350 uterque
434 2323 477 2343 est
496 2319 592 2342 Chori.
611 2330 645 2335 —
680 2317 797 2340 Praeter
816 2317 883 2338 hanc
902 2320 1079 2344 personarum
1099 2313 1221 2337 varieta-

303 2357 358 2378 tem
382 2354 462 2377 etiam
491 2353 517 2376 in
545 2352 638 2375 verbis
666 2351 766 2380 prioris
792 2356 890 2373 versus
917 2348 1058 2372 Editiones
1084 2347 1219 2371 differunt.

304 2389 390 2412 Editt.
406 2387 489 2411 nasu.
511 2386 585 2409 1551.
604 2391 631 2409 ει
651 2387 732 2409 narn.
755 2385 856 2407 hahent
878 2382 971 2406 κακῶν
995 2381 1067 2409 σοῖν,
1097 2380 1220 2405 Οἰδίπου.
1245 2397 1247 2410 2

304 2420 352 2448 σὸς
364 2419 418 2450 ὧν,
437 2419 538 2444 πίνον
564 2420 673 2444 Valck..
692 2421 806 2447 Musgr..
824 2418 883 2441 Fix.
902 2424 926 2441 κ.
942 2423 984 2445 σ.,
1001 2413 1139 2444 Οἰδίπους,
1155 2413 1222 2439 ὅσον

304 2455 405 2480 στένω·
430 2454 522 2485 (conf.
541 2454 720 2476 Valckenarii
738 2454 828 2475 adnot.
849 2451 882 2474 ad
902 2452 925 2474 11.
946 2451 987 2478 1,).
1041 2451 1221 2478 Quamobrem

305 2491 332 2514 in
353 2490 400 2513 tat.
420 2489 534 2517 interpr.
553 2488 600 2511 Ed.
621 2488 702 2510 Barn.
724 2488 746 2510 11.
767 2487 784 2511 Ι.
805 2486 870 2509 haec
890 2486 1031 2513 leguntur:
1059 2486 1121 2507 tuus
1141 2491 1221 2513 quum

304 2524 370 2555 siin,
389 2529 440 2552 ego
459 2528 537 2552 gemo
558 2522 629 2544 mala
647 2523 708 2550 tua,
728 2520 844 2549 Oedipe:
871 2520 896 2543 in
917 2519 966 2544 Ed.
985 2520 1105 2545 Musgr.:
1126 2519 1220 2546 Quan-
1245 2535 1248 2550 x

304 2560 361 2581 tum
380 2562 459 2587 gemo
480 2556 552 2579 maia
570 2557 633 2585 tua,
659 2554 776 2584 Oedipe3
801 2553 882 2578 Editt.
905 2554 995 2578 1553..
1023 2552 1096 2575 1562.
1115 2555 1221 2575 utram-

305 2598 356 2622 que
370 2590 513 2614 lectionem
525 2589 697 2612 coniunctam
709 2588 861 2617 exprimere
875 2588 1000 2610 videntur
1009 2587 1114 2609 verbis:
1134 2592 1221 2616 quan·
1245 2600 1248 2617 9

304 2630 360 2648 tum
380 2627 442 2648 tuus
463 2629 513 2654 ego
533 2629 611 2653 gemo
630 2623 700 2645 mata
718 2625 781 2651 tua,
808 2622 918 2650 omme.

268 2659 338 2689 87⁸)
358 2659 529 2688 relinquunt]
549 2657 589 2680 sic
608 2657 691 2680 Editt.
708 2656 792 2679 ¹553..
816 2655 905 2678 1502:
927 2655 1022 2679 natm:
1042 2654 1220 2683 reliquerunt.

305 2728 403 2757 plorat.

803 129 924 165 PHIL.
959 128 1071 163 MEL.
1107 126 1310 163 SCRIPTA
1341 123 1680 162 PHILOLOGICA.

1242 1172 1246 1215 Ι
1323 1177 1533 1211 Cadentium
1549 1175 1662 1210 hasta.

1243 1539 1248 1565 1

2177 112 2259 160 ’440

1238 237 1242 282 1
1315 212 1363 247 Et
1376 212 1459 245 fecit
1472 210 1629 247 atrocia;
1655 219 1740 240 nam
1757 219 1822 251 per
1839 207 1994 242 medium
2014 215 2137 252 guttur
2170 249 2174 252 .

1315 264 1438 307 Adigit
1454 263 1587 295 serrum
1602 286 1611 300 ‚
1638 259 1731 291 inter
1748 270 1829 291 suos
1846 256 2071 305 charissimos
2099 271 2103 275 “
2120 267 2123 271 “
2210 296 2213 297 ⁷
2235 298 2238 306 Ι

1319 314 1463 346 Mortua
1479 313 1591 349 iacet,
1618 309 1804 354 porrigens
1823 310 1995 344 ambobus
2012 303 2154 344 manus.
2167 300 2183 323 '¹
2203 309 2208 319 ’

1315 363 1477 398 Surrexit
1500 368 1619 394 antem
1647 366 1782 393 erectus
1808 361 1978 402 exercitus
2002 362 2038 394 in
2063 360 2260 407 contentio-

1684 422 1766 443 nem
1784 415 2008 444 sermonum‘:
2029 411 2031 414 ⁴

1269 464 1369 499 1470
1397 463 1488 501 Nos,
1517 469 1688 507 tanquam
1709 461 1848 494 vicisset
1865 462 2032 494 dominus
2048 467 2186 501 noster3

1319 514 1392 554 Illi,
1420 521 1589 558 tanquam
1607 513 1713 550 alter;
1749 518 1824 545 erat
1839 513 2019 545 contentio
2037 512 2129 545 inter
2144 513 2260 546 duces.

1319 563 1374 597 Illi
1392 563 1598 609 polynicem
1618 563 1715 607 prius
1733 562 1936 596 verberasse
1952 561 2053 596 hasta
2069 563 2249 600 dicebant;

1320 615 1366 648 Hi
1383 627 1481 655 vero,
1508 615 1604 661 quod
1621 620 1774 658 utroque
1792 620 1936 647 mortuo
1957 626 2133 660 nusquam
2152 613 2262 647 victo—

1681 676 1736 698 ria
1753 670 1854 699 esset.

1320 716 1363 750 Et
1383 723 1466 750 tunc
1486 715 1626 750 recessit
1642 715 1820 759 Antigone
1837 715 1983 749 seorsim
2002 717 2046 749 ab
2063 712 2236 757 exercitu3

1242 766 1244 787 ²
1272 766 1370 802 1475
1398 767 1457 802 Isti
1476 779 1559 801 vero
1584 772 1813 800 surrexerunt
1837 767 1881 797 ad
1906 777 2016 800 arma.
2077 765 2175 799 Bene
2200 777 2262 799 au-

1679 824 1748 851 tem
1766 817 1919 863 quadam
1938 816 2164 861 providentia

1320 870 1470 903 Scdebat
1490 867 1682 903 Thebanus
1699 869 1871 902 exercitus
1888 867 1925 901 in
1941 868 2071 914 clypeis
2083 895 2093 909 ‚

1320 921 1365 954 Et
1382 921 1636 954 antevertimus
1652 921 1811 954 nondum
1829 920 1937 954 armis
1955 926 2092 966 septum

1319 973 1490 1016 Argivum
1509 973 1699 1005 exercitum
1713 999 1721 1012 ‚
1749 973 1924 1006 irruentes
1941 972 2077 1011 suhito;
2244 1007 2247 1013 ,

1321 1024 1365 1056 Et
1384 1025 1500 1058 nullus
1516 1025 1660 1059 restitit:
1690 1024 1957 1069 compleverunt
1975 1025 2260 1067 autem'c‘ampos

1273 1074 1369 1110 1480
1404 1075 1613 1119 Fugientes,
1656 1075 1788 1109 fluebat
1816 1076 1958 1120 sanguis
1983 1075 2178 1109 multorum
2204 1085 2261 1107 ca-

1677 1128 1848 1159 daverum

1714 1177 1763 1210 Ut
1779 1183 1896 1210 autem
1913 1176 2062 1210 vicimus
2078 1176 2113 1208 in
2130 1186 2262 1220 pugna,

1321 1229 1391 1262 Alii
1409 1233 1608 1262 statuerunt
1625 1234 1810 1271 tropaeum
1831 1226 1923 1260 lovis
1938 1233 2110 1267 statuam,

1321 1280 1392 1313 Alii
1412 1281 1623 1323 praedantes
1642 1279 1782 1323 clypeos
1798 1278 2014 1322 Argivorum
2038 1279 2264 1317 cadaverum,

1244 1367 1245 1374 ἵ
1323 1331 1441 1375 Spolia
1460 1331 1553 1363 intra
1569 1330 1692 1363 urbem
1712 1329 1884 1364 misimus.

1244 1375 1247 1382 “
1276 1381 1372 1416 1485
1399 1381 1469 1416 Alii
1495 1394 1572 1414 cum
1590 1381 1791 1424 Antigone,
1818 1387 1958 1414 mortua

1325 1433 1507 1465 Cadavera
1524 1433 1641 1464 serunt
1660 1429 1728 1464 huc
1740 1457 1748 1470 ‚
1776 1437 1815 1464 ut
1829 1432 2002 1475 sepeliant
2018 1430 2134 1464 amici.

1245 1491 1247 1516 ’1
1323 1484 1412 1516 Urbi
1431 1495 1515 1515 vero
1532 1480 1619 1515 haec
1635 1481 1827 1515 certamina
1846 1482 2046 1516 felicissima

1323 1535 1418 1567 Haec
1437 1541 1577 1578 peracta
1594 1539 1694 1573 sunt,
1722 1532 1850 1577 partim
1869 1531 2120 1566 infelicissima.

1324 1587 1420 1619 Cher.
1456 1585 1537 1617 Non
1569 1585 1613 1616 ad
1645 1595 1747 1616 aures
1777 1589 1916 1615 tantum
1938 1581 2120 1616 calamitas
2140 1576 2265 1625 'regiae

1694 1633 1821 1666 domus
1837 1634 1945 1666 venit.

1248 1708 1249 1714 1
1278 1685 1373 1721 1490
1402 1684 1464 1718 Est
1480 1683 1573 1717 enim
1593 1683 1712 1716 videre
1730 1685 1902 1716 cadavera
1922 1690 2148 1718 mortuorum

1248 1736 1249 1747 ¹
1325 1736 1451 1770 Trium
1471 1735 1540 1767 iam
1560 1741 1641 1768 ante
1659 1736 1801 1774 caedes,

1327 1788 1397 1833 Qui
1423 1785 1604 1820 communi
1636 1790 1754 1823 morte',
1784 1785 1962 1819 consecuti
1992 1791 2074 1819 sunt
2104 1792 2266 1820 aeternas

1682 1837 1857 1871 tenebras.

1328 1892 1408 1924 Ant.
1435 1889 1518 1924 Non
1537 1895 1656 1933 tegens
1674 1894 1818 1922 ornatas
1838 1887 2010 1922 cincinnis

1328 1942 1487 1974 Teneras
1506 1952 1632 1984 genas,
1667 1951 1783 1984 neque
1811 1952 1896 1984 prae
1919 1937 2086 1984 virginali
2110 1938 2267 1982 imbecil-

1689 1987 1788 2020 litate
2168 2026 2172 2032 ⁴

1248 2042 1250 2058 ³
1280 2040 1376 2077 1495
1401 2041 1627 2084 Purpureum
1646 2039 1828 2078 ruborem,
1851 2037 1912 2083 qui
1929 2045 1979 2071 est
1996 2038 2060 2071 sub
2077 2035 2267 2083 palpebris,

1248 2104 1250 2118 1
1326 2092 1451 2125 Vultus
1470 2090 1593 2129 verita,
1609 2090 1705 2122 feror
1721 2087 1958 2122 sicutBaccha
1973 2089 2066 2122 inter
2083 2090 2267 2130 cadavera,

1324 2144 1451 2176 Velurn
1470 2141 1638 2175 abiiciens
1658 2152 1674 2173 a
1693 2153 1770 2173 mea
1792 2152 1912 2180 coma,

1326 2195 1368 2227 Et
1387 2196 1568 2238 deponens
1586 2191 1712 2226 stolam
1733 2191 1948 2224 fimbriatam
1968 2189 2176 2224 deliciarum

1324 2247 1475 2289 Propter
1510 2255 1679 2288 pompam
1720 2242 1915 2276 luctuosam
1935 2267 1944 2282 ‚
1994 2253 2084 2287 quae
2119 2242 2159 2275 fit
2192 2240 2266 2276 istis

1683 2293 1845 2327 mortuis.

1277 2347 1374 2383 1500
1399 2345 1466 2380 Hei
1484 2343 1594 2385 mihi,
1619 2344 1826 2389 Polynices,
1854 2350 1893 2377 tu
1915 2343 2037 2391 utique
2052 2342 2268 2388 respondisti

1685 2401 1747 2428 tuo
1772 2395 1924 2429 nomini.

1324 2448 1389 2481 Hei
1407 2445 1570 2486 Thebae,
1598 2451 1656 2478 tua
1676 2445 1718 2479 115
1734 2458 1807 2478 11οη
1828 2452 1877 2480 est
1898 2446 1959 2484 lis,

1325 2501 1390 2533 Sed
1410 2499 1532 2531 caedes
1549 2497 1654 2529 caede
1672 2497 1827 2540 perdidit
1845 2499 1990 2530 domurn
2008 2494 2157 2540 Oedipi,

1325 2550 1484 2584 Perfecta
1503 2547 1616 2581 multo
1634 2548 1805 2592 sanguine
1821 2554 1855 2581 et
1871 2548 1987 2581 foedo.

1315 2602 1430 2646 ‘Quod
1447 2610 1590 2632 carmen
1603 2624 1612 2638 ‚

269 2691 339 2716 971³)
359 2693 538 2723 neptun-attat]
557 2692 596 2714 sic
616 2691 699 2716 Editt.
717 2691 837 2719 receut.;
863 2689 946 2713 Editt.
962 2689 1048 2718 ¹553„
1071 2689 1143 2712 1562.
1166 2688 1221 2711 De·
1246 2683 1248 2711 ἑ
1276 2651 1373 2688 1505
1401 2652 1519 2696 Quam
1537 2649 1685 2692 elegmm
1702 2648 1886 2693 lugubrem
1906 2650 1949 2682 ad
1968 2645 2182 2692 ludu-yma&

1326 2703 1359 2737 O
1375 2703 1521 2742 domus,
1547 2711 1671 2733 canam
1687 2725 1696 2740 ‚
