2373 2980
258 100 307 135 59
837 100 957 136 PHIL.
994 101 1106 135 MEI..
1141 102 1342 137 SCRIPTA
1376 104 1711 141 PHILOLOGICA.
2241 113 2288 147 60

257 186 408 229 signant.
464 186 680 229 Quinetiam
709 185 869 219 nebulosi
895 187 992 230 gyri,
1027 194 1065 220 ut
1088 188 1123 220 iu
1138 188 1245 221 Prae·
1298 187 1431 223 hiemes
1456 191 1591 231 varias,
1616 193 1785 232 fulmina,
1812 193 1981 237 fulgetra,
2010 196 2149 242 aliaque
2168 194 2289 230 huius-

258 237 351 280 sepi,
387 244 417 269 et
442 237 593 273 similes,
627 237 653 269 si
682 236 778 268 coelo
802 249 927 270 sereno
953 244 1013 271 aut
1036 239 1140 273 exiles
1163 241 1245 279 sint,
1301 242 1394 273 modi
1415 242 1589 275 adserunt.

259 295 317 321 aut
345 288 457 321 xisum
486 288 638 329 fugiant,
681 293 736 318 aut
767 288 869 330 spissi
901 289 1070 334 densique
1097 302 1169 323 esse
1195 291 1245 323 xi-

259 340 428 374 deantur,
458 339 613 371 uimbosz
650 338 728 380 puri
755 350 839 371 vero
865 346 899 371 et
921 341 1088 373 contiuuo
1115 342 1245 374 scintil-

258 390 367 422 lantes
381 416 388 424 ,
418 395 539 421 xeutus
559 389 779 422 turbulentos
800 391 1019 433 praedicunt.
1079 393 1114 425 Si
1131 393 1246 425 stella—

257 453 333 473 rum
353 441 524 478 duarum,
554 452 644 484 quae
662 440 828 485 utrinque
847 443 891 473 ad
908 442 1080 486 l‘raesepe
1097 456 1246 475 cernun-

257 498 331 528 tur,
359 490 549 522 Asinoruui
572 491 809 534 appellatione
827 492 997 535 insignes,
1030 506 1120 533 una,
1157 507 1245 538 quae

256 541 543 584 septentrionalis
560 548 629 579 est,
665 554 736 574 nou
761 551 950 586 appareat,
987 545 1085 577 flabit
1103 546 1245 589 Aquilo.

256 593 291 625 Si
312 604 395 623 xero
421 592 528 624 altera
554 593 716 625 australis
740 594 858 626 abdita
886 595 1084 635 delituerit,
1118 595 1247 629 Auster

256 643 415 687 spirabit.

1402 309 1519 342 Nubes
1552 309 1586 341 in
1623 309 1891 355 quibuscunque
1924 312 2051 347 finibus
2081 321 2288 359 conspectae

1299 359 1429 392 similes
1449 359 1564 393 ssoceis
1591 361 1714 400 lunae,
1746 359 1879 394 hiemes
1905 371 2114 408 sequuturas
2140 367 2289 398 demon-

1298 416 1422 443 strant.

1401 469 1511 502 Arcus
1530 482 1671 514 quoque
1691 484 1903 517 quocunque
1921 479 2079 516 ternpore
2099 474 2289 514 extiterint,

1299 519 1325 551 si
1353 532 1515 552 serenum
1540 520 1584 553 sit
1609 522 1764 562 coelum,
1799 520 1950 561 hiemes;
1992 525 2018 557 si
2051 522 2164 558 hiems
2186 526 2288 565 adsit,

1300 571 1523 603 serenitatem
1542 572 1764 614 pollicentur.
1824 574 1869 606 Ut
1893 581 2008 607 autem
2038 573 2123 608 haec
2148 576 2290 609 conclu-

1300 622 1449 661 dantur,
1475 622 1655 656 sciendum
1676 625 1851 666 generalia
1870 626 1941 659 visa
1961 626 2050 659 aeris
2073 627 2174 660 certis
2201 633 2289 660 tem-

1301 673 1445 715 poribus
1462 675 1581 705 eadem
1604 676 1835 717 portendere,
1858 689 1948 720 quae
1964 684 2046 709 sunt
2068 678 2104 710 in
2129 678 2289 722 superio-

1301 723 1397 757 ribus
1423 726 1464 756 de
1489 725 1559 757 suis
1584 738 1745 770 quaeque
1769 727 2008 760 accidentibus
2027 728 2070 774 ¹⁷)
2104 729 2288 772 explicata.

1300 774 1415 819 Atque
1448 773 1616 809 hactenus
1646 777 1778 819 placuit
1810 778 1852 810 de.
1886 779 2041 820 generali
2070 779 2289 823 inspectione

1300 826 1551 859 universalium
1578 833 1610 859 et
1636 828 1903 871 particularium
1927 830 2109 872 signorum
2134 830 2289 863 breviter

1300 877 1482 910 disserere.
1535 878 1640 921 Quod
1667 886 1845 922 superest,
1879 881 2120 922 geniturarum
2145 881 2289 922 indicia,

1299 928 1387 960 sicut
1404 935 1437 961 et
1456 930 1544 960 ordo
1566 930 1738 972 postulat,
1773 942 1866 962 nunc
1883 931 2047 975 deinceps
2063 944 2288 977 exequemur.

358 702 545 734 Praeterea
565 714 655 746 quae
674 702 776 736 certis
794 703 1012 746 temporibus
1030 704 1065 736 in
1088 705 1185 737 coelo
1212 718 1246 739 se

257 755 447 786 ostendunt
479 759 510 784 et
546 752 692 785 Ostenta
727 755 912 793 dicuntur,
963 767 1086 787 eorum
1121 756 1244 788 crinita

256 805 370 837 sidera
389 815 528 847 semper
543 803 745 847 squalorem
767 810 961 849 ventosque
980 807 1246 849 praenuntiant,

257 868 298 888 co
317 855 460 899 quidem
480 852 782 894 vehementiores,
815 868 886 899 quo
905 856 1065 899 pluribus
1081 857 1118 889 in
1138 859 1245 901 parti-

254 907 318 939 bus
336 912 367 938 et
386 906 543 948 ipsorum
561 916 710 948 corpora
728 907 920 948 grandiora
938 908 1081 941 fuerint.
1272 924 1274 963 ἱ

360 964 603 998 Traiectiones
629 971 662 997 et
688 965 920 999 iaculationes
944 967 1123 1000 stellarum
1150 968 1178 1000 si
1203 968 1246 999 ab
1272 988 1274 1012 Ε

256 1029 327 1049 uno
346 1016 474 1058 angulo
494 1016 672 1055 serantur,
702 1016 745 1048 ab
767 1028 807 1049 eo
826 1024 950 1051 ventos
974 1031 1056 1051 mox
1079 1025 1247 1063 sequutu-
1272 1018 1275 1091 ἱ

1273 1146 1277 1158 l

1337 1066 1380 1095 17)
1402 1067 1434 1090 de
1453 1066 1512 1089 suis
1532 1072 1653 1097 quaeque
1671 1067 1872 1096 accidentibus]
1898 1067 1938 1090 sic
1956 1073 1973 1091 a
1991 1068 2164 1096 Melanthoue
2185 1071 2213 1093 et
2232 1070 2289 1094 Ca-

1368 1101 1487 1124 merariu
1517 1103 1663 1124 vertuntur
1693 1101 1841 1125 Ptolemaei
1872 1103 1971 1125 verba:
2006 1099 2062 1126 ὑπὸ
2092 1102 2148 1126 τῶν
2181 1103 2290 1128 οἰκείων

1369 1134 1590 1166 συμπτωμάτων.

257 1079 314 1100 ros
338 1066 567 1104 denuntiaut;
611 1067 639 1100 si
672 1074 860 1100 occurrant
893 1068 985 1101 inter
1015 1081 1069 1109 se,
1111 1069 1246 1113 proelia

254 1118 434 1151 suscitant.
501 1118 538 1150 Si
563 1130 647 1150 vero
671 1118 713 1150 de
737 1125 891 1162 quatuor
914 1120 1026 1163 plagis
1049 1120 1248 1164 prosiliant,

1047 1352 1209 1381 LIBER
1249 1351 1496 1382 TERTIUS.

472 1436 526 1468 De
551 1440 724 1478 conceptu,
758 1441 789 1470 et
815 1438 902 1470 edito
924 1436 1028 1480 foetu.
1300 1449 1378 1470 mus
1395 1437 1534 1471 initium
1556 1449 1665 1470 unum
1684 1443 1717 1470 et
1735 1438 1859 1471 multa.
1911 1437 2031 1471 Unum
2058 1438 2172 1479 enim,
2207 1451 2287 1472 cum

1299 1488 1475 1532 principio
1492 1488 1649 1521 nascitur
1666 1486 1792 1527 homo3
1826 1488 1861 1521 id
1878 1490 1971 1522 enim
1991 1487 2173 1524 habemus.
2221 1489 2288 1523 Ac-

1301 1541 1430 1573 cedunt
1445 1546 1562 1573 autem
1580 1539 1744 1584 deinceps
1767 1541 1912 1581 ordine,
1948 1552 2010 1584 per
2035 1542 2164 1584 gradus
2190 1547 2290 1574 aeta-

1301 1590 1363 1630 tis,
1407 1591 1450 1623 ad
1484 1591 1638 1635 primum
1675 1591 1814 1624 initium
1848 1592 1982 1624 multae
2015 1592 2288 1635 significationes

1300 1641 1407 1679 aliae3
1443 1643 1502 1675 sed
1520 1642 1674 1686 primum
1696 1642 1835 1675 initium
1854 1643 2092 1686 praestantius
2110 1649 2177 1682 est;
2204 1655 2288 1687 pro-

1298 1692 1375 1735 prie
1395 1693 1489 1725 enim
1507 1693 1611 1726 efficit
1629 1699 1662 1725 et
1678 1705 1805 1737 corpus
1822 1700 1855 1726 et
1872 1694 2006 1739 reliqua
2024 1694 2138 1727 initia.
2191 1693 2288 1727 Haec

1299 1756 1378 1776 cum
1399 1743 1446 1776 ita
1464 1756 1499 1777 se
1516 1742 1671 1776 habeant
1684 1770 1692 1784 ‚
1726 1757 1742 1776 a
1762 1745 1877 1788 primo
1898 1745 2000 1778 initio
2017 1746 2288 1778 considerantur

1298 1794 1546 1827 universaliter
1562 1795 1749 1840 qualitates
1769 1796 1946 1839 corporis;
1975 1808 1993 1828 a
2014 1796 2159 1841 reliquis
2177 1796 2287 1830 initiis

1298 1852 1487 1878 sumuntur
1507 1858 1572 1890 pro
1592 1852 1750 1889 tempore
1767 1847 1972 1885 accidentia,
1998 1848 2192 1880 seeundum
2212 1859 2288 1885 ma-

1297 1896 1348 1939 gis
1365 1903 1398 1928 et
1414 1897 1550 1937 minus,
1576 1898 1768 1930 secundum
1787 1897 2030 1932 distinctiones
2047 1898 2190 1938 aetatis,
2224 1909 2288 1942 per

1298 1948 1438 1991 gradus.

358 1501 446 1534 Cum
467 1499 638 1535 hactenus
666 1508 816 1536 tractata
841 1504 886 1538 sit
909 1505 1146 1538 consideratio
1168 1505 1246 1538 uni-

253 1553 442 1585 versalium
471 1559 682 1593 eventuum,
711 1566 802 1599 quae
825 1562 859 1588 et
883 1556 983 1599 prior
1008 1568 1079 1589 esse
1105 1556 1246 1596 dicitur,

255 1610 287 1636 et
305 1615 408 1647 saepe
433 1604 542 1636 vincit
565 1604 798 1648 particulares
823 1606 1098 1649 significationes
1123 1607 1160 1639 in
1184 1620 1247 1640 na-

253 1655 341 1687 turis
369 1655 589 1698 singulorum
615 1653 824 1697 hominum,
857 1671 1009 1702 quarum
1035 1659 1246 1703 praedictio-

253 1718 314 1739 nes
332 1717 500 1739 vocamus
511 1704 777 1740 Genethliacas:
806 1708 987 1742 sciendum
1007 1716 1069 1750 est,
1094 1710 1130 1742 in
1148 1716 1246 1742 utro-

255 1769 322 1802 que
341 1769 467 1800 genere
485 1757 635 1790 similem
662 1770 734 1792 esse
761 1760 1084 1793 considerationem
1111 1767 1145 1793 et
1170 1773 1245 1793 mo-

254 1813 354 1840 tuum
374 1814 407 1840 et
429 1808 628 1841 effectuum.
685 1809 776 1843 Nam
805 1816 838 1842 et
861 1811 1116 1845 universalium
1141 1824 1245 1844 even-

253 1865 354 1891 tuum
389 1864 423 1890 et
452 1859 741 1902 particularium,
783 1861 820 1892 in
850 1862 995 1905 singulis
1028 1861 1245 1903 hominibus,

254 1921 357 1941 causa
385 1915 436 1942 est
462 1916 578 1943 motus
604 1910 849 1953 planetarum,
881 1919 914 1945 et
930 1913 1021 1946 Solis
1046 1926 1085 1945 ac
1108 1912 1244 1947 Lunae.

253 1959 322 1993 Sed
346 1960 535 1994 artificiosa
562 1961 762 1994 observatIO
791 1969 953 1995 motuum
982 1970 1246 2007 praemonstrat
1444 2006 1451 2013 ⁵
1472 2006 1479 2013 ⁶
1724 2006 1732 2013 ·
1867 2007 1873 2013 .
1906 2007 1912 2013 ι

254 2023 447 2054 corporum
466 2012 692 2052 mutationes,
719 2013 747 2046 si
765 2014 995 2047 conserantur
1015 2015 1058 2047 ad
1075 2027 1128 2055 ea,
1153 2027 1243 2060 quae
1400 2005 1542 2064 buitur-¹¹
1575 2012 1750 2039 Πῆὃῖθῐὶῖῑὸ
1777 2004 1932 2064 hOfflUJ'S
1957 2015 2017 2040 ³¹¹1
2039 2014 2090 2041 est
2113 2008 2287 2066 naturale,

253 2062 343 2094 fiunt
371 2062 465 2095 iuxta
499 2062 667 2096 transitus
699 2063 853 2096 siderum
882 2063 1088 2098 habentium
1115 2066 1245 2099 similes
1299 2070 1368 2102 ‘1¹¹0
1388 2064 1603 2101 ⁶0⁰C¹P¹t¹¹f3
1632 2063 1692 2090 “Ut
1708 2064 1757 2090 θδῑ
1774 2070 2002 2102 praecipuum
2021 2065 2194 2102 P⁰te¹¹2132
2215 2070 2286 2104 quo

254 2112 397 2146 effectus
416 2112 452 2145 in
469 2125 549 2146 aere
566 2126 631 2147 nos
649 2114 900 2148 circumdante.
954 2115 1085 2149 Verum
1103 2117 1244 2149 univer-
1299 2109 1415 2141 editur
1432 2109 1545 2141 sOeffls
1564 2120 1604 2140 ex
1623 2114 1736 2141 ¹¹²e1'0·

254 2164 343 2197 sales
375 2176 499 2197 causae
531 2164 743 2198 efficaciores
774 2172 876 2206 sunt,
916 2168 1147 2210 particulares
1171 2180 1244 2200 non
1399 2168 1436 2201 Si
1464 2174 1602 2211 tempus
1637 2174 1825 2211 conceptus
1856 2166 2112 2212 deprehensum
2147 2174 2197 2201 est
2225 2179 2288 2201 seu

255 2220 326 2247 tam
345 2221 426 2248 sunt
443 2215 608 2249 efficaces.
655 2214 694 2248 ln
713 2222 865 2261 utroque
882 2230 1009 2260 genere
1028 2225 1143 2251 autem
1164 2225 1245 2252 sunt
1299 2230 1380 2251 casu
1406 2231 1465 2252 seu
1495 2219 1761 2259 observatione,
1804 2219 1916 2263 magis
1941 2219 2108 2252 con'venit
2130 2218 2286 2262 positum

255 2265 353 2297 varia
378 2265 499 2306 initia,
535 2278 575 2299 ex
599 2267 726 2311 quibus
751 2268 987 2311 praedicimus
1011 2269 1105 2302 iuxta
1133 2276 1245 2302 astro·
1298 2269 1474 2309 siderum,
1509 2270 1569 2315 qui
1590 2275 1671 2302 tunc
1687 2270 1772 2309 fuit,
1813 2270 2037 2303 considerare
2066 2271 2102 2303 in
2129 2270 2287 2302 iudican-

255 2328 334 2348 rum
358 2316 512 2359 positus,
541 2330 578 2349 ea
603 2330 692 2363 quae
716 2318 970 2362 significantur.
1028 2321 1079 2353 Ac
1103 2321 1245 2353 univer-
1298 2320 1350 2353 dis
1375 2321 1534 2364 corporis
1560 2326 1593 2352 et
1618 2321 1757 2354 animae
1782 2321 2023 2366 qualitatibus.
2090 2321 2286 2366 Postquam

255 2366 382 2400 salium
410 2367 519 2399 multa
542 2375 624 2401 suut
646 2369 758 2402 initia.
825 2369 916 2409 Non,
937 2377 987 2404 est
1014 2371 1107 2403 enim
1133 2384 1242 2405 unum
1298 2371 1390 2403 enim
1417 2371 1520 2404 initio
1545 2384 1666 2404 semen
1690 2372 1919 2416 consequitur
1944 2372 2088 2417 aliquod
2112 2378 2288 2416 tempera·

255 2417 396 2450 urbium
424 2430 463 2450 ac
489 2430 679 2461 regnorum
706 2420 942 2464 principium,
977 2428 1011 2454 et
1034 2420 1120 2455 haec
1144 2422 1242 2456 initia
1299 2429 1455 2455 mentmn
1480 2435 1520 2455 ex
1545 2423 1756 2456 circumfuso
1783 2423 1900 2462 coelo,
1940 2423 2076 2456 etiamsi
2103 2422 2288 2466 paulatim,

255 2468 446 2512 accipimus
463 2480 535 2500 non
553 2482 691 2513 semper
711 2471 754 2502 ab
770 2471 891 2504 iisdem
909 2473 1034 2512 causis,
1061 2475 1120 2506 sed
1138 2473 1244 2507 inter·
1297 2486 1375 2506 cum
1393 2474 1569 2507 formatur
1587 2486 1734 2518 corpus,
1761 2474 1850 2506 fiunt
1872 2473 2116 2507 alterationes:
2153 2480 2286 2514 tamen,

255 2519 340 2551 dum
361 2519 465 2551 etiam
486 2531 503 2551 a
522 2519 810 2561 circumstantiis,
839 2529 872 2555 et
891 2523 980 2564 aliis,
1006 2536 1096 2569 quae
1115 2532 1244 2568 augent
1297 2524 1378 2569 quia
1397 2537 1516 2558 semen
1535 2524 1696 2568 adiungit
1712 2524 1778 2559 sibi
1795 2525 2052 2558 nutrimentum
2071 2524 2286 2558 conveniens

255 2582 388 2603 causas.
456 2571 506 2603 Ac
538 2571 608 2603 sere
633 2571 668 2603 in
693 2572 857 2606 omnibus
880 2575 1084 2608 testimonio
1109 2576 1244 2609 utimur
1297 2576 1334 2607 in
1357 2575 1666 2619 augmentatione,
1708 2576 1814 2620 idque
1838 2575 2048 2608 naturaliter
2070 2575 2286 2615 commiscet,

256 2620 459 2665 eclipsium,
488 2633 578 2666 quae
595 2628 677 2654 sunt
694 2622 846 2657 maiores
864 2631 897 2657 et
924 2638 1132 2670 magnarum
1161 2639 1243 2659 con-
1297 2632 1331 2659 et
1352 2626 1419 2660 sibi
1443 2633 1672 2671 attemperat,
1713 2627 1842 2660 retinet
1865 2626 2132 2660 similitudinem
2155 2625 2286 2671 prioris

256 2670 490 2706 iunctionurn.
557 2671 785 2716 Singulorum
817 2687 900 2708 vero
924 2674 1111 2711 hominum
1136 2675 1243 2712 habe·
1296 2677 1487 2723 qualitatis.

2306 1066 2326 1127 ,ς
