2373 2980
27 2157 34 2262 ...μθ-’.ια
25 1898 33 2151 mm·-

153 109 228 147 153

254 208 287 230 v.
302 195 388 232 226.
423 193 695 244 λιμνήσιοςθῧη
733 195 805 232 ἀπὸ
835 199 898 243 τῆς
929 194 1079 244 λίμνης,
1123 211 1142 232 3

150 253 292 291 stagno:
321 247 496 291 stagnea,
523 248 685 282 lacustris
707 248 780 282 sive
804 248 983 292 palustris.
1071 250 1144 284 Tv-

149 296 425 359 po'yzvqnovffiss
459 296 696 347 τυοόγλυφος
725 311 908 333 caseorum
942 306 1143 340 excavator,

149 346 223 383 ἀπὸ
240 350 308 383 τοῦ
328 351 466 395 τυροῦ,
494 350 530 382 id
546 357 616 390 est,
645 362 764 391 caseo,
792 357 826 383 et
845 347 1020 398 γλύφειν,
1046 352 1142 396 quod

148 405 200 432 est
221 399 381 443 sculpere
405 407 439 433 et
463 412 643 434 excavare.
704 400 754 434 Ita
781 408 814 434 et
839 402 888 445 (V.
905 401 1010 447 227.)
1035 414 1143 448 πτερ-

147 448 347 497 νόγλυφος,
374 451 435 496 qui
452 464 581 495 pernas
599 458 755 485 excavat.
808 451 1091 496 Καλαμίνθιος,
1124 464 1141 485 3

146 507 274 545 nepeta
285 501 332 547 ⁶⁷)
356 501 516 536 fortassis
537 500 669 543 herba,
706 514 795 548 quae
821 514 841 535 a
860 502 1005 536 Graecis
1029 505 1144 538 καλα-

146 549 269 597 μίνθη
287 553 498 596 appellatur.

250 615 283 636 v.
298 604 384 638 228.
416 601 485 648 τὴν
511 601 652 638 ἀσπίδα
677 601 805 651 ῥίψας]
841 603 977 637 abiecto
1007 604 1144 648 clypeo.

146 651 425 687 Demosthenem
453 654 497 687 ob
520 655 633 687 simile
654 656 791 689 facinus
812 651 1020 701 ῥιψάσπιὸα
1040 666 1145 687 voca-

145 709 250 745 runt,
276 704 373 750 quod
389 717 518 748 parurn
537 706 640 739 fortis
664 712 752 740 esset
775 706 968 750 pugnando
978 704 1038 752 68).
1092 705 1144 738 Si-

145 755 230 789 mile
247 755 417 801 quiddam
434 756 564 801 legitur
578 756 616 790 in
632 757 770 791 nebulis
786 755 1038 801 Aristophanis
1048 755 1107 804 ⁶⁹).

248 819 281 840 v.
298 806 385 842 229.
412 805 730 854 Βορβοροκοίτης]
750 808 785 840 ἰ(1
803 815 865 849 est,
892 808 979 840 limo
998 808 1143 847 cubans,

146 858 243 902 quod
258 858 333 891 luto
353 870 393 891 ac
410 871 522 891 coeno
542 859 656 891 iacere
673 871 705 902 g
697 860 837 893 audeat.

248 921 281 943 v,
306 906 395 944 235.
430 906 731 958 Πρασσοφάγος]
767 908 787 944 ὃ
817 906 962 957 πράσον
992 905 1141 969 φάγων,

144 959 377 1003 porrivorax,
414 966 475 994 aut
498 962 647 993 comedo
674 961 796 1005 prasii.
888 956 1142 996 Κνισσοδιωκ-

143 1024 211 1057 την
220 1009 288 1058 70)]
308 1007 629 1056 Κνισσοὸιωκτης,
658 1013 755 1056 quod
771 1011 937 1045 nidorem
953 1017 1116 1045 sectetur.

247 1075 281 1096 v.
298 1063 384 1097 238.
413 1059 629 1107 Πηλούσιον
641 1061 715 1110 ⁷¹)]
734 1060 931 1109 πηλούσιος
948 1075 965 1095 3
987 1063 1062 1096 luto
1077 1074 1141 1095 no-

143 1125 226 1148 men
242 1111 362 1147 hahet.
416 1112 480 1146 Est
497 1120 613 1146 autem
632 1126 694 1158 pes
716 1112 772 1147 hic
796 1114 1023 1159 peregrinus,
1057 1115 1143 1147 dua-

179 1232 227 1259 65)
247 1228 402 1262 λιμνῆσιος]
429 1228 469 1253 sic
492 1229 579 1253 Editt.
601 1229 813 1260 1566—1622.;
837 1229 887 1253 Ed.
906 1229 999 1256 Herm.
1019 1226 1143 1264 αὐτῇσιν.

212 1266 242 1289 ln
261 1265 317 1288 illis
337 1264 408 1288 enim
428 1271 454 1288 v.
468 1264 527 1288 226.
548 1264 588 1287 sic
607 1264 764 1287 exhibetur:

247 1305 426 1339 τυρόγλυφον
444 1303 472 1330 δ’
490 1303 536 1330 ἐπ’
560 1304 659 1338 ὄχθαις
677 1304 818 1338 λιμνῆσιος
836 1304 979 1338 ἐξενάριξε.

212 1351 240 1375 in
259 1351 309 1374 hac
325 1355 393 1373 vero
413 1349 468 1373 sict

248 1390 421 1424 Τυροφάγον
439 1387 556 1424 αὐτῇσιν
574 1389 621 1415 ἐπ’
643 1389 729 1425 ὄχθῃς
748 1389 910 1424 ἐξενάριξεν.

175 1434 223 1466 66)
243 1435 320 1458 Hanc
331 1434 457 1458 Batrach.
478 1440 589 1464 vocem,
610 1440 678 1463 quae
700 1434 725 1457 in
744 1435 799 1458 illis
818 1435 835 1457 5
849 1435 933 1458 Editt.
952 1434 1056 1466 legitur
1076 1436 1142 1464 [Ed.

211 1469 306 1493 Herm.
326 1468 385 1491 eius
405 1469 465 1492 loco
484 1469 566 1491 habet
586 1466 775 1501 Τυροψάγον,
802 1468 855 1492 vid.
875 1470 969 1492 notam
988 1470 1141 1501 praeced.]‚

210 1503 271 1526 huie
290 1502 395 1526 scholio
415 1502 473 1531 ipse
493 1503 615 1532 praefixi.

177 1546 226 1574 67)
246 1546 362 1575 nepeta]
380 1545 419 1569 sic
439 1546 515 1569 recte
528 1545 831 1576 Editt.1607-1622.;
856 1545 940 1569 Editt.
958 1545 1044 1577 1566„
1064 1546 1140 1571 1570.

212 1587 245 1604 ne
266 1580 314 1605 ita.

175 1621 222 1654 68)
242 1588 454 1646 lliemosthenem
474 1629 488 1645 e
507 1628 599 1653 pugna
617 1623 651 1646 ad
671 1623 857 1647 Chaeroneam
882 1622 991 1653 fugisse
1010 1629 1141 1654 armaque

210 1656 343 1680 abiecisse
362 1656 525 1680 Plutarchus
545 1657 573 1680 in
593 1657 652 1680 eius
672 1658 730 1680 vita
749 1664 771 1681 c.
786 1657 828 1681 20.
848 1659 970 1683 enarrat.

174 1699 223 1726 69)
242 1699 383 1728 Aristoph.
403 1700 494 1723 Nubes
512 1698 572 1724 353.

172 1742 220 1769 70)
239 1742 317 1765 Hanc
336 1742 462 1768 Batrach.
482 1748 577 1766 vocem
595 1742 656 1765 huic
675 1742 780 1766 scholio
799 1742 860 1772 ipse
879 1743 1003 1772 praefixi.

173 1783 221 1816 71)
242 1785 319 1807 Hauc
338 1785 419 1808 etiam
440 1785 563 1808 Batrach.
584 1790 681 1808 vocem
706 1785 767 1808 huic
794 1784 899 1808 scholio
920 1792 952 1808 ex
977 1785 1034 1809 illis
1054 1785 1138 1811 Editt.

206 1818 362 1848 adscripsi,
391 1825 460 1848 quae
479 1825 592 1842 versum
610 1819 670 1842 238.
691 1819 731 1841 sic
751 1819 893 1842 exhibent:

241 1859 287 1884 καὶ
306 1858 372 1892 βάλε
395 1859 548 1891 πηλούσιον
567 1860 637 1885 zara*
658 1859 755 1891 νηδύος
775 1862 811 1888 εἰς
828 1860 918 1894 μέσον
933 1856 1028 1893 ἧπαρ,

206 1904 255 1927 Ed.
277 1905 368 1927 Herm.
388 1905 479 1928 autem
498 1904 556 1927 eius
575 1904 636 1928 loco
655 1905 736 1928 hahet
754 1905 838 1928 hunc:

242 1944 288 1969 καὶ
307 1943 371 1977 βάλε
391 1944 625 1979 Πρασσοφάγον,
649 1944 732 1978 μήπω
750 1947 829 1979 γαίης
847 1944 990 1978 ἐπιβάντα.

558 111 601 147 L.
649 110 854 146 SCHOLIA
878 110 927 146 IN
953 111 1551 155 BATRACHOMYOMACHIAN
1578 119 1780 156 HOMERI.

2118 122 2191 159 154

1197 201 1262 235 bus
1280 203 1394 246 longis
1414 217 1485 237 una
1504 205 1605 239 brevi
1622 212 1807 247 constans,
1834 219 1879 240 ne
1897 207 1976 253 quis
2001 215 2101 253 putet
2122 222 2194 244 esse

1197 253 1390 297 dactylum.

1300 324 1333 345 v.
1357 311 1445 347 240.
1487 312 1713 361 Πηλοβάτης
1745 314 1809 362 δ’]
1843 316 2001 351 Iucunda
2024 319 2062 352 in
2084 317 2138 353 his
2161 325 2195 352 et

1196 362 1427 407 sequentibus
1447 370 1498 396 est
1515 362 1753 406 ὑποτύπωσις
1772 374 1806 400 et
1827 369 1937 403 color.

1299 434 1332 455 v.
1347 420 1435 456 240.
1462 418 1584 466 δράκα
1593 421 1667 470 72)]
1692 421 1788 470 ὃραξ
1801 439 1959 470 pugnum
1977 434 2010 461 et
2026 427 2195 474 quicquid

1197 482 1306 505 manu
1326 472 1502 505 contineri
1527 480 1662 517 potest,
1689 475 1875 518 significat.

1300 544 1333 565 v.
1356 530 1444 567 244.
1479 530 1711 580 Πηλοβάτην
1725 532 1800 582 72)]
1828 534 2062 583 ιπηλοράτης,
2097 538 2194 584 quod

1198 593 1261 625 per
1276 582 1420 615 lutum'
1410 595 1490 626 1n⁰1
1493 584 1549 616 edi
1553 591 1644 618 atur.

1300 654 1333 674 v.
1356 641 1444 677 246.
1478 643 1752 690 Κραιιβασίὸης
1766 644 1812 690 ⁷3)
1837 646 2056 690 appellatus,
2083 649 2193 693 quod

1199 691 1353 724 caulium
1372 693 1523 736 speciem
1543 696 1723 738 praeferat
1741 697 1871 730 colore.

1300 764 1333 785 v.
1348 750 1436 787 250.
1469 751 1764 802 ΣιτοφάγοςῊ),
1797 757 1893 801 quod
1917 756 2014 790 cibos
2038 757 2195 791 frumen-

1197 808 1305 848 taque
1326 804 1502 838 absumat.

1298 876 1331 897 v.
1358 862 1446 899 255.
1486 865 1708 909 Πρασσαῖος
1737 878 1755 898 3
1781 866 1900 900 colore
1923 867 2057 908 dictus,

1196 925 1389 958 porraceus
1401 941 1409 955 ,
1433 917 1529 961 quod
1548 917 1648 960 porri
1666 918 1822 950 colorem
1840 918 2000 952 imitetur
2010 919 2068 966 7ὅ).

2095 870 2196 915 quasi

1298 987 1332 1008 v.
1358 974 1444 1010 264.
1479 974 1778 1022 Ἀρτεπίβουλος,
1814 979 1909 1023 quod
1936 978 2088 1022 panibus
2111 979 2195 1013 insi-

1196 1025 1324 1059 dietur.

1298 1097 1330 1117 v.
1348 1082 1435 1119 265.
1461 1083 1728 1133 Μεριδοίρπαξ]
1759 1099 1777 1120 3
1801 1088 1983 1132 rapiendis
2000 1089 2195 1133 particulis.

1298 1157 1331 1178 v.
1349 1145 1435 1179 283.
1464 1139 1548 1191 ᾦ76)
1567 1146 1743 1191 Τιτᾶνας]
1761 1146 1871 1179 Titan
1888 1147 2082 1181 Saturnum
2099 1149 2192 1181 bello

1197 1195 1362 1236 adortus,
1389 1208 1468 1229 euin
1488 1196 1646 1242 cepit77).
1694 1196 1828 1241 Iupiter
1843 1205 1981 1242 patrem
1998 1199 2195 1233 vindicavit

1197 1246 1297 1280 victis
1317 1247 1454 1291 proelio
1469 1247 1670 1281 Titanibus.
1721 1248 1922 1284 Enceladus
1939 1257 2058 1284 autem
2073 1251 2195 1295 Gigas,

1197 1297 1320 1330 Titani
1344 1298 1454 1337 filius,
1488 1311 1566 1332 cum
1585 1297 1668 1331 Iove
1693 1306 1726 1332 ct
1744 1300 1822 1333 Diis
1842 1301 2043 1344 proelians,
2072 1315 2090 1335 a
2110 1301 2193 1335 love

1195 1349 1343 1382 fulmine
1369 1349 1503 1383 occisus
1531 1356 1593 1384 est.
1644 1350 1824 1385 Aeneidos
1841 1351 1943 1398 3.⁷⁸).

1229 1485 1278 1514 72)
1297 1485 1355 1509 Has
1375 1487 1498 1510 Rati-ach.
1519 1494 1601 1511 voces
1621 1488 1662 1511 his
1682 1489 1786 1512 duobus
1806 1490 1919 1513 scholiis
1938 1491 1997 1521 ipse
2017 1493 2138 1521 praefixi.

1229 1528 1277 1555 73)
1299 1527 1513 1560 Kpnussaffl'dqg]
1541 1530 1581 1553 sic
1599 1531 1682 1555 Editt
1711 1531 1777 1555 1607
1797 1547 1829 1551 —-
1851 1533 1924 1556 1622.
1952 1533 1977 1556 in
2002 1534 2052 1557 hoc
2078 1536 2192 1565 ει1ιοΙίο,

1263 1563 1454 1589 Editt 1566..
1476 1565 1550 1588 1570.
1570 1566 1659 1588 autem
1681 1566 1704 1590 Ιι
1720 1566 1737 1588 1.
1756 1565 1938 1599 κραιι-Μασιδ
1926 1575 1968 1593 ἰς
1989 1568 2014 1591 in
2035 1570 2109 1592 textu
2126 1576 2192 1593 vero

1263 1597 1329 1620 illae
1347 1598 1364 1621 5
1382 1598 1465 1621 Editt.
1484 1604 1569 1628 aeque
1589 1605 1621 1622 ac
1638 1600 1687 1625 Ed.
1708 1600 1800 1624 Herm.
1821 1602 1935 1625 habent:
1954 1602 2159 1634 Κραυγασιδης.

1227 1639 1275 1670 74)
1295 1638 1468 1672 Σιτοφάγος]
1494 1642 1691 1672 Editt.1621.‚
1724 1643 1859 1667 16221'11
1890 1645 1939 1668 hoc
1965 1646 2070 1669 scholio
2095 1653 2192 1671 enore

1262 1677 1294 1704 ty
1298 1681 1374 1705 pogr.
1393 1676 1493 1698 habent
1509 1673 1639 1708 συτομί]
1641 1684 1685 1707 ος,
1705 1677 1731 1700 in
1745 1679 1821 1701 textu
1835 1680 1925 1702 autem
1939 1682 2015 1703 recte
2029 1678 2189 1712 σιτοφάγος.

1226 1716 1274 1748 75)
1294 1717 1431 1746 imitetur]
1458 1718 1498 1742 sic
1521 1719 1605 1743 Editt.
1629 1720 1719 1750 1566.‚
1747 1720 1837 1751 1570..
1866 1721 1958 1752 1622.;
1996 1723 2078 1747 Editt.
2102 1724 2188 1754 1607.7

1264 1752 1338 1775 1621.
1358 1752 1490 1777 imitatur.

1226 1793 1272 1825 76)
1294 1788 1329 1826 ᾧ]
1349 1795 1389 1817 sie
1409 1795 1492 1820 mitt.
1515 1796 1704 1820 1566—1622.
1734 1798 1762 1820 ut
1788 1797 1836 1822 Ed,
1858 1798 1948 1821 Herm.
1975 1798 2002 1822 iu
2031 1787 2122 1832 text-12
2161 1801 2187 1824 in

1260 1829 1310 1851 hoc
1329 1829 1433 1852 scholio
1460 1831 1551 1862 ati-tem
1572 1831 1656 1856 Editt.
1678 1832 1768 1861 1566.‚
1799 1833 1872 1855 1570,
1897 1833 1997 1856 hahent
2026 1833 2063 1863 (ὁ,
2104 1834 2187 1858 Editt.

1265 1863 1373 1887 1607—
1387 1864 1460 1888 1622.
1482 1863 1511 1888 (ὗ.

1224 1904 1271 1936 77)
1292 1906 1377 1936 cepit]
1398 1907 1437 1930 sic
1457 1908 1539 1934 Editt.
1553 1908 1761 1940 1607-1622.;

1227 1948 1274 1980 78)
1294 1949 1374 1980 Virg.
1394 1951 1461 1974 Aen.
1484 1951 1529 1981 111,
1548 1951 1606 1975 578.

1790 1910 1973 1941 Editt.1566.‚
1994 1912 2069 1938 1570.
2089 1913 2187 1942 coepit.
