2373 2980
210 92 283 126 507
780 85 900 120 PHIL.
936 84 1047 120 MEL.
1081 83 1281 120 SCRIPTA
1315 87 1648 124 PHILOLOGICA.
2161 91 2234 127 508

262 177 336 210 Huc
353 182 385 208 te
403 173 633 209 adhunc-rem
661 182 756 204 nunc
773 183 857 204 vero
876 177 927 205 est
943 183 1110 215 magnum
1125 183 1197 204 cer·
1251 171 1324 206 530
1351 173 1473 220 Neque
1493 175 1747 210 immoderatus
1763 176 1895 211 venias,

269 280 280 288 N
425 276 431 283 .
621 229 741 279 tamen
1299 224 1423 271 Neque
1440 226 1533 259 enim
1552 226 1660 270 ignis,

261 278 431 312 servandi
476 282 572 309 tuam
609 279 717 306 vitam
733 298 742 312 ‚
792 284 907 318 neque
949 273 1198 318 negligendum
1300 275 1423 322 Neque
1438 283 1615 310 astrorum
1632 288 1799 320 superum
1816 279 1923 313 telum
1943 286 1993 313 est
2007 280 2076 314 tale

537 375 545 382 .
620 330 670 357 est
687 321 768 357 hoc.
1302 326 1415 371 Quale
1435 327 1636 361 Venereum
2086 307 2094 320 ’

258 382 358 414 Phae.
387 379 420 409 0
435 383 569 410 atrocia
586 375 701 408 locuta
715 374 722 407 ⁸.
756 385 829 407 non
845 374 985 408 claudes
1002 374 1063 409 os?
1303 377 1414 411 Mittit
1431 390 1448 411 e
1467 379 1630 413 manibus

259 430 304 463 Et
319 441 392 462 non
410 427 552 462 omittes
574 425 797 470 turpissimos
815 425 1020 460 sermones?
1302 429 1433 470 Amor,
1460 429 1551 464 filins
1567 428 1671 464 Iovis.

211 481 283 515 500
312 483 395 515 Nur.
423 479 512 512 Sunt
529 478 674 523 quidem
689 474 775 509 haec
794 476 932 520 turpia,
966 477 1026 511 sed
1050 475 1198 509 meliora

617 534 736 561 tamen
744 527 790 573 ³⁴)
801 553 810 567 ,
834 540 941 572 qnam
960 526 1129 565 honesta,

1549 506 1863 550 [Antistrophe
1892 507 1948 551 1.]

261 583 329 616 Res
348 588 398 615 est
417 580 563 619 melior,
591 579 618 613 si
639 585 671 612 te
689 579 903 619 servaverit,
1252 572 1326 609 535
1354 573 1517 613 Frustra,
1545 573 1673 607 frustra
1698 574 1743 606 ad
1755 572 1932 618 Alpheum
1948 574 2076 623 Iovi37)

260 634 379 678 Quam
395 644 545 671 nomen,
573 642 643 676 quo
664 636 702 663 tu
718 629 924 673 superbiens
940 626 1114 661 morieris.
1301 625 1346 658 Et
1364 625 1401 657 in
1418 622 1556 669 Pythiis
1572 624 1609 656 in
1624 625 1756 668 templo
1772 623 1910 659 Phoebi
2088 603 2097 616 '

259 686 358 719 Phae.
387 683 439 717 M
460 695 522 727 per
539 682 632 714 Deos
651 681 755 725 (bene
775 680 880 719 dicis,
914 680 973 713 sed
993 677 1127 723 turpia)
1302 675 1554 709 Mactationem
1572 675 1680 708 boum
1698 682 1802 720 auget
1819 676 1978 711 Graecia.

262 736 363 769 Ultra
383 733 468 767 haec
482 731 739 778 progrediaris,
770 732 866 776 quod
882 737 975 763 recte
990 727 1198 763 subiecerim
1300 729 1468 761 Amorem
1480 753 1489 766 ,
1516 733 1708 771 tyrannum
1725 724 1911 761 hominum
1923 754 1932 767 ‚

211 786 284 821 505
312 784 478 819 Animam
496 783 630 822 amori,
657 782 686 815 si
705 781 822 826 turpia
840 779 985 826 pulchre
999 780 1097 813 dicis.
1302 778 1432 811 Filium
1450 777 1617 817 Veneris,

261 838 300 871 ln
316 850 357 871 eo
370 863 378 876 ‚
407 837 502 881 quod
518 834 614 878 fugio
625 859 634 872 ‚
663 832 800 877 Pffl'ibO·
1252 828 1327 864 540
1355 827 1609 862 charissimum
1626 826 1863 863 thalamorum

262 892 343 923 Nus.
372 886 406 920 Si
428 887 489 919 tibi
508 886 660 923 videtur,
688 895 761 916 non
780 883 968 927 oportebat
985 887 1018 914 te
1037 893 1200 925 peccare;
1304 879 1495 913 Ianitorem
1508 906 1516 920 ‚
1544 892 1617 912 non
1633 879 1800 920 colimus,

262 940 323 972 Sin
342 938 475 977 minus,
503 934 591 970 mihi
607 935 827 978 obtempera,
854 932 921 966 lioc
938 939 988 966 est
1006 933 1198 965 secundum
1303 931 1574 976 Expugnantem
1586 957 1595 971 ‚
1623 937 1656 964 et
1673 943 1737 975 per
1756 943 1878 965 omnes

622 986 769 1019 bonum.
1304 982 1530 1016 Calamitates
1546 988 1686 1016 euntem

263 1041 384 1074 Habeo
402 1038 501 1072 domi
519 1035 753 1071 demulcentia
774 1033 903 1079 philtra
1304 1033 1537 1073 Hominibus,
1565 1034 1708 1078 quando
1726 1032 1874 1066 venerit.

214 1092 286 1127 510
313 1090 476 1129 Amoris,
503 1089 599 1122 venit
615 1085 702 1119 mihi
721 1087 790 1118 iam
809 1086 845 1118 in
864 1091 1037 1123 mentem,

262 1144 363 1188 Quae
396 1153 510 1186 neque
545 1138 715 1182 turpiter,
764 1149 879 1182 neque
922 1148 1001 1168 curn
1046 1133 1201 1168 laesione
1596 1107 1812 1156 [Str0p7‘e
1837 1108 1900 1157 2·]

621 1188 750 1222 mentis
1255 1175 1330 1211 545
1354 1175 1394 1209 In
1412 1174 1581 1210 Oechalia

262 1245 443 1279 Sedabunt
456 1240 550 1274 hunc
567 1240 746 1279 morbum,
761 1238 789 1272 si
806 1244 843 1271 tu
858 1249 931 1270 non
942 1236 1050 1270 fueris
1064 1236 1203 1280 ignava.
1302 1228 1462 1262 Puellam
1482 1227 1714 1275 expertemae)
1732 1227 1905 1271 coniugii,

266 1297 419 1341 Oportet
435 1293 479 1326 ab
496 1293 556 1325 illo
564 1291 609 1337 ὦ)
627 1297 785 1324 amatore
802 1289 948 1334 aliquod
1307 1279 1409 1324 Quae
1426 1278 1524 1322 prius
1539 1278 1614 1312 sine
1628 1278 1758 1312 marito
1774 1279 1908 1318 suerat,
1936 1287 1969 1312 et

263 1347 412 1392 Signum
427 1351 488 1378 aut
505 1355 707 1378 sermonem
724 1340 877 1386 aliquem
896 1346 958 1373 aut
974 1345 1107 1373 vestem
1307 1329 1497 1374 Innuptam
1509 1356 1518 1370 ,

216 1397 288 1433 515
325 1397 493 1441 Accipere
512 1422 521 1436 ‚
575 1400 608 1428 et
642 1393 789 1437 iungere
831 1404 871 1424 ex
912 1391 1050 1424 duobus
1093 1400 1204 1422 unum
1306 1380 1457 1425 Iungens
1474 1379 1677 1424 imperitam
1692 1380 1882 1424 fugientem
1896 1407 1904 1419 ,

626 1456 799 1478 amorem.
1258 1430 1333 1468 550
1360 1431 1551 1465 Furentem
1569 1437 1608 1464 ut
1622 1428 1798 1463 Baccham

268 1502 368 1535 Phae.
385 1498 516 1532 Utrum
534 1496 601 1530 erit
612 1495 856 1540 inungendum
873 1490 1119 1537 pharmacum,
1147 1496 1207 1523 aut
1310 1483 1398 1516 Cum
1416 1482 1587 1526 sanguine
1604 1487 1639 1514 et
1652 1481 1751 1515 fumo

623 1543 842 1580 bibendum?
1309 1533 1356 1566 Et
1371 1533 1535 1566 letalibus
1550 1531 1772 1577 hymenaeis,

269 1604 352 1635 Ναί.
387 1599 492 1632 Haud
525 1598 596 1633 scio
609 1624 618 1638 ,
662 1609 682 1630 o
707 1597 775 1630 filia
790 1610 798 1635 ;
840 1593 926 1627 velis
956 1593 1091 1632 iuvari,
1133 1604 1207 1624 non
1310 1584 1453 1617 Herculi
1475 1583 1571 1616 dedit
1586 1582 1718 1615 Venus.

640 1648 771 1681 doceri,
1311 1636 1343 1668 O
1360 1635 1524 1668 miseram
1540 1639 1688 1678 propter
1702 1631 1859 1677 nuptias!

270 1705 372 1737 Phae.
402 1701 524 1734 Metuo
535 1726 544 1740 ,
573 1711 617 1732 ne
633 1699 739 1732 nimis
755 1698 895 1742 sapiens
910 1694 1074 1728 videaris.
1580 1711 1613 1742 Α
1651 1713 1664 1742 t
1680 1709 1688 1717 .
1718 1712 1731 1742 t
1823 1708 1843 1740 h

271 1756 354 1787 Nus.
382 1751 513 1786 Omnia
530 1751 655 1783 timere
674 1756 707 1783 te
723 1749 828 1786 scito;
857 1747 942 1793 quid
959 1743 1116 1778 vereris'.¹>
1554 1706 1573 1755 [
1621 1721 1643 1741 n
1674 1720 1712 1742 ἰε
1741 1718 1814 1750 rop
1852 1719 1870 1740 e
1895 1705 1957 1754 2']

221 1804 295 1841 520
323 1805 425 1838 Phae.
450 1802 503 1837 Ne
520 1801 606 1847 quid
622 1799 752 1834 horum
773 1799 905 1832 indices
920 1795 1050 1830 Thesei
1067 1794 1139 1828 filio
1151 1820 1160 1833 ,
1263 1776 1336 1815 555
1364 1777 1397 1811 Ο
1413 1788 1510 1810 sacer
1524 1775 1730 1833 Thebarum

272 1858 353 1889 Νιιΐ.
381 1854 463 1887 Sine
475 1880 483 1893 ‚
512 1865 532 1885 o
548 1852 637 1890 filia;
672 1863 736 1895 ego
752 1857 844 1884 recte
860 1849 991 1882 curabo
1010 1845 1109 1880 haec.
1310 1829 1436 1886 Murus
1447 1854 1456 1868 ν
1484 1840 1504 1860 ⁰
1522 1840 1560 1861 ⁰⁵
1576 1826 1704 1860 D¹s⁰³e
1715 1852 1723 1865 ³

272 1906 430 1939 Tantum
445 1911 483 1937 tu
499 1901 606 1943 mihi,
634 1902 779 1935 domina
796 1900 999 1934 veneranda
1014 1897 1153 1934 Venus,
1315 1880 1448 1936 Dmste’
1477 1879 1659 1936 ‘lu-0¹¹¹0d0

272 1958 418 1990 Praesto
437 1956 493 1989 sis.
548 1954 735 1987 Caeterum
755 1952 822 1985 alia
835 1978 844 1991 ,
871 1962 961 1996 quae
979 1948 1115 1992 cogito,
1315 1931 1435 1964 *enus
1450 1935 1580 1986 ven-lat·
1593 1980 1600 1986 Ι
1655 1980 1662 1987 .

273 2007 427 2042 Sufficiet
444 2007 559 2039 dicere
578 2004 708 2038 nostris
731 2002 873 2042 amicis,
908 2001 969 2046 qui
987 2006 1068 2034 sunt
1084 1999 1190 2030 intus.
1319 1982 1408 2015 cum
1427 1980 1574 2013 fnlmme
1591 1987 1702 2024 ¹g¹¹110
1719 1986 1869 2013 matrem

1267 2034 1342 2070 560
1368 2029 1501 2065 Bacchi
1519 2043 1537 2063 a
1554 2029 1635 2064 Iove
1652 2030 1762 2076 geniti

566 2086 781 2135 [Strophe
810 2083 870 2132 1.]
1317 2083 1517 2118 Nubentem
1535 2082 1608 2115 fato

1318 2133 1433 2167 Letali
1448 2133 1644 2167 collocavit.

1319 2184 1548 2218 Horribiliter
1562 2184 1693 2229 ubique
1709 2184 1837 2228 spirat,
1866 2183 1941 2227 apis

1320 2235 1435 2270 Instar
1449 2235 1630 2269 cuiusdam
1649 2235 1756 2268 volat.

224 2157 299 2195 525
329 2160 425 2193 chor.
453 2156 587 2196 Amor,
615 2166 735 2193 amor,
764 2153 825 2199 qui
846 2152 890 2184 ob
908 2149 1028 2183 oculos

276 2208 441 2243 Offundis
460 2206 674 2241 desiderium
683 2204 750 2250 36),
777 2204 926 2237 afferens
942 2212 1047 2234 suave

277 2260 429 2293 Animae
451 2258 639 2304 gaudium,
667 2256 704 2288 in
728 2255 814 2295 illis,
848 2254 1016 2287 adversus
1041 2260 1129 2294 quos
1153 2246 1218 2279 mi-

639 2308 735 2346 litas’
1244 2274 1580 2363 l[Hippolyrus,
1603 2311 1794 2349 Nutrix,
1820 2310 2035 2348 Phaedra,
2059 2309 2258 2352 Chorus]

281 2361 332 2395 he
350 2359 438 2393 mlhl
453 2360 544 2393 mdle
562 2370 752 2403 appdreds'
1274 2379 1348 2415 565
1374 2381 1476 2413 Phae.
1504 2378 1652 2417 Tacete,
1678 2377 1862 2416 mulieres,
1889 2377 2046 2421 perditae
2066 2389 2196 2411 sumus.

1328 2432 1423 2466 Chor.
1440 2429 1532 2474 Quid
1550 2435 1600 2462 est
1615 2429 1712 2469 mali,
1731 2427 1936 2468 oPhaedra,
1955 2428 1989 2460 in
2010 2428 2077 2461 tuis
2092 2426 2259 2460 aedibus?

267 2494 314 2520 34)
335 2493 451 2515 meliora
470 2490 573 2516 tamen]
594 2489 633 2512 sic
652 2488 735 2511 Editt.
754 2485 844 2513 1558.,
872 2482 962 2511 1562.;
995 2482 1094 2509 ωιτη,
1119 2481 1224 2509 Musgr.

303 2530 349 2557 (z
361 2526 454 2554 Eurip.
475 2523 578 2554 ἀμείνω
593 2542 599 2547 .
615 2541 620 2546 .
638 2542 643 2546 ,
659 2524 717 2548 σοι)
735 2520 849 2544 meliora
868 2520 959 2541 tamen
978 2516 1040 2545 tibi3
1065 2515 1138 2538 Fixa
1167 2519 1225 2536 me-

302 2563 373 2585 liora
394 2578 397 2582 .
420 2577 425 2582 .
447 2576 452 2582 .
472 2559 527 2604 tibi.
670 2598 674 2601 -
961 2593 966 2597 .
1313 2555 1361 2583 37)
1380 2553 1451 2581 lovi]
1470 2553 1518 2575 hoc
1538 2557 1634 2575 nomen
1653 2557 1739 2581 neque
1758 2550 1785 2574 in
1799 2551 1879 2575 Editt.
1900 2554 2017 2582 recem,
2038 2558 2123 2582 neque
2142 2551 2167 2574 in
2187 2552 2262 2574 textu

268 2603 316 2630 35)
335 2604 369 2626 ab
390 2599 449 2632 illo]
477 2606 518 2623 Sic
544 2600 590 2626 (ε
609 2598 702 2626 Ευι-ιι).
723 2596 751 2624 ἐξ
769 2595 890 2621 ἐκείνου)
918 2593 1000 2616 Editt.
1017 2592 1109 2620 1558.,
1135 2590 1226 2621 flam,
1347 2595 1387 2619 gr,
1406 2587 1513 2617 legitur.

304 2638 427 2667 Musgr.‚
447 2634 523 2661 Fun}
550 2633 600 2656 Ed.
616 2631 691 2655 1562.
711 2632 743 2653 ab
765 2630 821 2652 illa.
1314 2630 1361 2661 36)
1381 2626 1530 2659 expertem]
1557 2628 1596 2651 sic
1620 2627 1672 2659 (=
1698 2627 1789 2658 Eurip,
1814 2625 1913 2659 ἄζυγα)
1944 2627 2025 2651 Eam*
2050 2627 2141 2652 1558,
2170 2626 2262 2651 narn·-

270 2680 316 2709 ³6⁴)
337 2679 369 2702 Η.
391 2679 408 2702 1.
428 2678 454 2700 in
475 2676 557 2700 Editt.
575 2674 664 2699 1555*
688 2672 759 2696 1562.
780 2673 844 2694 nota
864 2676 963 2700 marg:
993 2668 1044 2691 Vis
1063 2667 1172 2692 amoris.
1350 2666 1470 2695 Musgr.,
1489 2663 1566 2693 Fix.;
1593 2662 1641 2687 Ed.
1659 2662 1732 2687 1562.
1752 2664 1900 2692 expertam.
2138 2653 2139 2656 ’
