2373 2980
207 92 301 128 1019

255 180 310 212 Ad
340 174 526 210 mulierem
562 181 635 203 non
678 165 869 200 habentem
909 167 1061 206 liberos,
1103 177 1194 211 quae

616 218 711 254 socia

257 281 356 313 Tuae
377 272 589 309 calamitatis
606 269 704 315 prius
717 295 725 308 ,
747 268 917 302 frustrata
937 280 1032 302 nunc

207 333 280 367 610
300 330 498 362 Fortunam
517 334 617 357 suam
637 332 740 363 aegre
757 320 863 352 feret:

258 378 450 426 Quomodo
466 387 539 408 non
558 373 589 406 ei
608 371 742 404 invisus
758 369 844 402 ero?

259 429 452 476 Quomodo
469 425 629 459 assistam
645 423 689 455 ad
708 423 832 466 pedem
855 427 968 460 tuum,

260 482 319 515 llla
346 481 420 514 sine
447 476 565 510 liberis
589 475 739 508 existens
763 472 828 505 tibi
854 471 959 505 chara
991 471 1115 504 acerbe
1145 471 1197 503 in·
1223 465 1224 471 ¹

622 530 795 558 tueretur.

260 570 395 616 nein’do
424 585 484 612 aut
507 584 544 610 tu
568 588 625 609 me
648 575 848 618 negligens,
883 573 1075 617 respiceres
1099 579 1196 605 tuam

622 638 784 665 uxorem,

211 684 283 720 615
310 685 379 716 Aut
400 693 455 713 me
473 678 710 722 complectens
728 677 962 709 confunderes
982 676 1140 708 domum.

263 736 391 779 „Quot
409 743 510 765 neces
526 740 746 762 venenorum
766 727 925 760 letalium

262 785 461 825 „Mulieres
484 782 699 814 invenerunt
716 778 801 812 viris
824 777 1019 822 perniciem
1039 777 1200 810 adseren-

623 830 696 863 tes'?

264 886 408 932 Alioqui
425 884 530 917 etiam
547 889 643 915 tuam
665 880 853 923 coniugem
869 880 1021 913 miseror

264 940 406 983 Absque
423 934 543 967 liberis
561 937 817 969 senescentem3
835 929 1013 963 nonenim
1034 928 1140 971 digna
1152 932 1203 960 est

215 992 289 1028 620
317 988 400 1022 Esse
417 986 492 1020 sine
508 983 629 1017 sobole
641 1009 650 1023 ‚
673 994 750 1015 cum
771 981 816 1014 sit
833 987 906 1014 tam
923 979 1064 1013 nobilis.

268 1038 413 1083 „Regni
431 1047 515 1069 vero
531 1035 661 1066 frustra
681 1031 818 1064 laudati

268 1089 437 1134 „Species
455 1085 598 1131 quidem
617 1089 715 1128 grata
737 1088 804 1120 est;
829 1081 1001 1115 interiora
1020 1085 1139 1113 autem
1179 1128 1186 1134 ι

268 1143 388 1181 „Sunt
418 1136 531 1171 tristia
548 1135 607 1181 ⁷¹).
685 1133 774 1178 Quis
805 1133 900 1166 enim
934 1133 1057 1166 beatus
1073 1156 1082 1170 ,
1127 1140 1205 1174 quis

623 1185 719 1224 felix,

270 1272 290 1284 „
301 1243 372 1289 Qui
399 1241 435 1273 in
461 1244 559 1272 metu
583 1242 652 1276 est,
688 1241 722 1269 et
745 1246 884 1279 semper
908 1233 1000 1267 male
1025 1232 1205 1276 suspicans

631 1288 674 1320 de
693 1286 766 1319 vita

221 1345 294 1384 625
322 1343 458 1387 „Degit
475 1338 612 1374 vitam?
635 1337 795 1382 privatus
813 1347 898 1368 vero
916 1335 1120 1369 fortunatus

273 1396 431 1438 „Vivere
447 1392 570 1426 malim
589 1401 695 1435 quam
715 1388 892 1432 princeps,

273 1446 372 1489 „Cui
385 1445 551 1488 voluptas
566 1447 618 1475 est
633 1440 817 1484 improbos
834 1436 965 1470 habere
985 1437 1131 1477 amicos,

274 1526 295 1539 „
305 1498 352 1531 Et
368 1496 429 1542 qui
443 1496 558 1529 bonos
577 1491 671 1531 odit,
696 1496 857 1524 metuens
873 1500 918 1522 ne
934 1488 1123 1522 moriatur.

275 1549 402 1590 „Dices
420 1548 510 1580 forte
523 1572 532 1586 ,
549 1542 771 1588 opulentiam
790 1541 979 1575 obscurare
997 1537 1085 1573 haec
1102 1538 1210 1577 mala,
1236 1538 1238 1557 ³

225 1602 298 1636 630
340 1598 418 1641 „Et
439 1597 539 1631 dulce
563 1600 652 1628 esset
679 1592 811 1627 habere
834 1591 991 1628 divitias;
1029 1603 1102 1624 non
1130 1601 1210 1623 amo

641 1645 735 1677 male
753 1644 877 1677 audire

277 1700 345 1742 „Iu
369 1699 534 1733 manibus
567 1708 710 1731 servans
743 1694 904 1733 divitias,
946 1705 1061 1739 neque
1082 1690 1212 1726 habere

637 1747 790 1780 labores.

280 1803 390 1843 „Sint
406 1799 495 1834 mihi
514 1798 708 1832 mediocria
727 1797 802 1830 sine
819 1795 960 1829 tristitia
971 1794 1028 1841 ⁷’³).

265 1952 313 1983 71)
333 1952 365 1975 Η.
384 1951 403 1975 l.
422 1950 448 1972 in
468 1948 517 1972 Ed.
538 1945 613 1970 ¹562.
633 1946 698 1968 nota
719 1949 819 1973 marg.:
839 1941 1013 1965 lncomuioda
1031 1941 1145 1970 imperii.

266 2002 312 2031 72)
332 1999 456 2024 Veniens
475 2001 542 2020 vero
554 2007 588 2012 -
601 1994 724 2018 tristitia.
745 1995 801 2024 (vs.
815 1990 989 2022 607-632.)]
1008 1991 1049 2015 sic
1061 1991 1109 2016 Ed.
1128 1992 1217 2020 1562.;

300 2036 349 2060 Ed.
366 2034 458 2058 1558.:

337 2068 460 2092 Veniens
479 2070 545 2088 vero
563 2063 598 2087 ad
618 2063 725 2086 domum
742 2061 871 2089 alienam,
890 2060 998 2083 advena
1016 2060 1150 2090 existens,

335 2104 371 2128 Et
389 2106 502 2124 uxorem
522 2100 613 2128 tuam,
631 2098 728 2126 utpote
748 2097 889 2119 carentem
907 2094 1019 2126 liberis,
1039 2096 1175 2126 particeps

336 2138 477 2162 Fortunae
495 2134 584 2156 tecum
602 2132 684 2154 autea
702 2131 839 2159 repulsam
858 2128 977 2158 patiens,

336 2172 401 2201 Ipsa
418 2174 467 2199 per
487 2174 518 2191 se
537 2167 626 2196 ipsam
644 2165 783 2189 fortunam
801 2164 873 2187 feret
891 2163 996 2187 acerbe.

339 2203 479 2234 Quomodo
497 2207 565 2224 vero
584 2206 639 2224 non
658 2200 691 2223 ab
710 2199 769 2228 ipsa
788 2198 847 2221 iure
866 2197 926 2221 odio
945 2195 1086 2222 habebor?

341 2238 453 2268 Quando
472 2236 607 2260 adstitero
626 2233 733 2264 quidem
751 2233 802 2256 tibi
817 2232 852 2255 ad
871 2231 966 2262 pedes,

340 2273 393 2296 llla
410 2276 476 2294 vero
497 2270 558 2293 sine
578 2268 690 2297 liberis,
709 2268 790 2298 grata
809 2267 875 2295 tibi,
894 2266 1013 2296 adspicit
1031 2268 1139 2291 acerbe.

342 2308 378 2331 Et
396 2305 493 2329 deinde
513 2306 559 2328 aut
578 2304 711 2326 deserens
729 2304 758 2325 tu
778 2308 840 2331 me,
859 2300 893 2324 ad
908 2307 1018 2325 uxorem
1036 2303 1109 2325 tuam
1132 2303 1222 2333 respi-

656 2342 729 2363 cies;

341 2376 422 2406 „Aut
440 2378 483 2396 me
501 2369 715 2400 magnifaciens,
735 2369 841 2392 domum
860 2369 1067 2398 perturbaveris
1087 2372 1172 2401 tuam,

343 2410 443 2439 „Quot
461 2406 559 2430 caedes
578 2405 631 2428 iam
651 2403 844 2426 veneficiorum
863 2403 985 2426 letalium

345 2441 501 2473 „Mulieres
520 2439 700 2467 invenerunt,
719 2437 788 2460 viris
808 2438 956 2466 perniciem
975 2436 1156 2463 adferentes?

346 2475 476 2506 Quamvis
495 2474 566 2497 alias
585 2475 649 2496 tuae
668 2471 763 2495 uxoris
778 2471 931 2501 misereor,
951 2477 966 2495 o
987 2474 1075 2502 pater,

347 2511 457 2539 Absque
475 2507 569 2531 liberis
588 2506 775 2534 senescentis3
795 2512 878 2531 „nou
894 2506 964 2529 enim
983 2509 1026 2530 est
1044 2507 1126 2538 digna

348 2543 513 2575 „Nobilibus
538 2546 554 2564 a
579 2540 737 2570 parentibus
763 2540 902 2569 existens,
929 2541 1053 2565 carentia
1077 2542 1225 2566 liberorum

653 2575 789 2597 laborare.

351 2609 544 2641 „Tyrannidis
562 2613 628 2631 vero
648 2614 789 2637 perperam
807 2608 934 2631 laudatae

352 2646 482 2673 „Vultus
505 2642 610 2673 quidem
628 2642 759 2664 iucundus
771 2658 777 2669 ,
797 2642 930 2666 interiora
949 2650 1013 2667 vero

353 2679 490 2709 „Tristia
528 2676 594 2706 Quis
615 2675 685 2699 enim
704 2677 815 2702 beatus,
835 2676 895 2706 quis
914 2677 989 2708 felix,

780 80 902 115 PHIL.
940 79 1052 114 MEL.
1087 77 1290 116 SCRIPTA
1323 79 1658 116 PHILOLOGICA.

2131 83 2230 118 1020

1219 166 1222 201 1
1300 167 1404 209 „Iam
1424 179 1514 212 quae
1531 165 1617 199 haec
1634 162 1745 197 habui
1760 164 1853 197 bona
1866 191 1875 205 ‚
1898 166 2001 206 audi,
2025 173 2138 211 pater,

1219 207 1222 254 1
1299 245 1320 259 ,,
1331 218 1582 253 Gratissimum
1600 214 1806 250 hominibus
1815 215 1878 262 ⁷2¹³)
1895 217 2022 257 otium,

1220 265 1222 269 ¹
1249 268 1323 304 635
1357 269 1433 310 „Et
1454 275 1594 302 coetum
1617 266 1854 305 mediocrem;
1896 280 2011 314 neque
2037 281 2092 302 me
2116 269 2234 302 detur-

1221 317 1223 351 1
1660 318 1760 351 bavit
1775 330 1793 351 e
1812 318 1867 350 via

1222 374 1223 379 ’
1301 370 1487 415 Improbus
1513 369 1722 415 quisquam,
1751 367 1855 415 (illud
1879 370 1973 402 enim
2003 382 2076 403 non
2109 371 2238 404 tolera-

1665 420 1735 453 bile

1302 472 1435 505 Cedere
1451 471 1494 504 de
1512 472 1568 504 via
1580 498 1589 512 ,
1618 478 1652 505 et
1667 472 1786 505 locum
1806 472 1891 505 dare
1909 471 2175 518 deterioribus,)

1301 522 1341 556 In
1366 522 1526 556 Deorum
1548 523 1733 567 precibus,
1762 528 1824 556 aut
1844 523 2016 563 luctibus,
2040 530 2101 557 aut
2123 522 2240 557 homi-

1664 574 1769 607 nibus

1224 665 1225 671 ἵ
1303 625 1523 658 Servientem
1543 625 1779 669 gaudentibus
1797 630 1830 657 et
1846 637 1920 658 non
1935 625 2204 672 lugentibusffi).

1225 684 1227 719 ζ
1253 677 1327 711 640
1350 676 1395 709 Et
1410 674 1476 710 hos
1495 677 1637 723 quidem
1663 676 1905 716 dimittebam,
1933 683 1967 709 et
1984 677 2072 711 alios
2092 676 2241 721 excipie-

1225 725 1227 736 ἰ
1674 728 1757 760 bam
1774 725 1943 771 hospites.

1307 779 1430 825 ltaque
1447 779 1623 813 iucundus
1647 790 1787 823 semper
1805 791 1902 812 eram
1920 778 2022 812 novis
2041 777 2115 822 ipse
2131 790 2246 812 novus

1672 830 1835 864 existens.

1307 882 1415 927 Quod
1446 893 1533 914 vero
1567 882 1765 926 optandum
1796 887 1847 914 est
1875 878 2082 915 hominibus
2094 907 2103 921 ‚
2140 880 2247 914 etiam

1668 932 1884 972 nolentibus,

1307 981 1442 1015 lustum
1459 995 1518 1015 me
1537 989 1570 1015 et
1586 983 1642 1016 lex
1658 990 1693 1016 et
1705 990 1837 1017 natura

1230 1073 1232 1085 ἱ
1309 1032 1386 1065 Deo
1403 1034 1533 1067 reddit.
1586 1033 1683 1067 Haec
1701 1035 1860 1078 cogitans
1875 1045 2015 1066 mecum

1230 1088 1232 1102 ³
1259 1082 1334 1117 645
1359 1083 1512 1117 Meliora
1529 1084 1692 1118 existimo
1705 1111 1714 1124 ‚
1730 1097 1820 1130 quae
1840 1083 1898 1118 hic
1913 1091 1996 1118 sunt
2007 1111 2016 1124 ‚
2031 1094 2139 1129 quam
2158 1094 2249 1128 quae

1673 1135 1759 1170 illic.

1310 1185 1412 1219 Sinas
1431 1197 1487 1218 me
1505 1183 1595 1218 mihi
1615 1186 1753 1225 vivere;
1777 1185 1926 1227 „similis
1946 1185 2039 1218 enim
2057 1184 2169 1228 gratia
2188 1189 2251 1222 est,

1312 1237 1485 1280 „Magnis
1504 1237 1678 1281 gaudere,
1702 1243 1736 1270 et
1753 1248 1864 1281 parva
1882 1237 1968 1269 boni
1984 1233 2236 1280 consulerefl).

1222 445 1224 463 Ι

1223 485 1224 504 1

1223 519 1225 532 r

1223 533 1225 549 1

1367 1362 1448 1393 „Qui
1467 1361 1495 1385 in
1513 1363 1586 1385 metu
1605 1363 1664 1391 est,
1686 1362 1713 1384 et
1732 1360 1777 1391 qui
1797 1362 1953 1390 suspectam
1969 1360 2072 1384 habens
2090 1358 2184 1391 vitam,

1366 1397 1493 1428 „Vitam
1512 1392 1610 1426 degit?
1626 1395 1767 1425 popularis
1786 1400 1854 1418 vero
1875 1396 1971 1418 beatus

1366 1430 1501 1461 „Vivere
1522 1429 1604 1453 velim
1626 1429 1733 1461 potius,
1753 1435 1832 1459 quam
1851 1430 1989 1459 tyrannus
2009 1427 2149 1452 existens:

1367 1464 1445 1495 „cui
1463 1464 1604 1494 improbos
1624 1464 1752 1493 voluptas
1771 1463 1875 1486 amicos
1895 1463 2006 1493 habere,

1368 1499 1500 1529 „Probos
1518 1504 1585 1522 vero
1604 1498 1680 1527 odit,
1700 1504 1734 1521 ne
1754 1497 1879 1521 occidant
1898 1499 2031 1521 metuens.

1368 1532 1526 1563 „Diceres,
1547 1532 1618 1562 quod
1636 1538 1733 1556 aurum
1752 1533 1865 1561 superet
1884 1532 1961 1558 haec,

1237 1583 1238 1602 ἢ
1368 1567 1554 1598 „Habet-eque
1587 1566 1700 1590 divitias
1733 1566 1877 1589 iucundum
1911 1562 1969 1589 sit?
2002 1570 2057 1588 non
2089 1569 2150 1588 amo
2183 1564 2255 1587 male

1237 1606 1239 1632 ’,
1680 1600 1786 1627 audire,

1371 1636 1427 1665 „In
1447 1635 1571 1658 manibus
1591 1639 1711 1657 servans
1731 1633 1858 1661 divitias,
1879 1639 1966 1663 neque
1984 1633 2084 1656 habere
2102 1633 2222 1656 labores.

1371 1670 1507 1700 „Utinam
1534 1668 1695 1698 contingant
1714 1668 1778 1691 mihi
1801 1668 1970 1699 mediocria,
1993 1667 2069 1691 nullo
2090 1667 2186 1691 dolore
2211 1666 2256 1690 af-

1681 1702 1763 1727 fecto.

1240 1795 1242 1808 ⁴
1338 1781 1497 1803 hominihus.

1302 1822 1350 1852 73)
1370 1823 1398 1844 ln
1420 1822 1536 1843 Deorum
1559 1832 1588 1835 —
1610 1819 1788 1850 lugentibus]
1811 1820 1852 1842 sic
1870 1820 1919 1844 Ed.
1941 1819 2016 1845 ¹562.
2036 1821 2083 1848 (=
2103 1820 2151 1844 Ed.
2174 1818 2258 1844 Basil.

1340 1855 1415 1878 1551.
1437 1853 1515 1877 Θεῶν
1534 1849 1561 1876 δ’
1581 1850 1612 1876 ἐν
1630 1850 1738 1884 εὐχαῖς,
1760 1849 1774 1882 ἢ
1792 1850 1915 1884 γόοισιν,
1935 1851 1952 1881 ἦ
1968 1852 2075 1883 βροτῶν
2092 1851 2259 1884 “Ῡπηρετῶν,

1337 1889 1485 1920 χαίρουσιν
1511 1886 1541 1910 οὔ
1568 1886 1758 1919 γοωμένοις.);
1789 1888 1885 1911 Barth:
1920 1886 1951 1910 Θ.
1971 1884 1998 1909 δ’
2016 1885 2046 1910 ἐν
2072 1883 2165 1918 εὗχαῖς
2191 1881 2260 1919 ἦγον

1339 1920 1433 1951 αἰῶν’,
1475 1919 1614 1954 ἦβροτῶν
1634 1920 1803 1952 ’Υπηρέτουν
1827 1921 1975 1952 χαίρουσιν
2000 1918 2032 1943 οὔ
2057 1918 2206 1953 γοώμενος.
2225 1933 2259 1939 —

1340 1959 1369 1981 lu
1396 1958 1506 1981 deorum
1534 1962 1600 1979 vero
1625 1956 1753 1985 precibus
1780 1955 1864 1979 vitam
1890 1956 2019 1986 agebam,
2051 1957 2099 1979 aut
2123 1956 2260 1980 hominum

1341 2022 1434 2056 εὐχαῖς
1465 2022 1479 2054 ἢ
1509 2022 1632 2056 λόγοισιν
1662 2023 1676 2054 ἧ
1701 2023 1823 2055 βροτῶν,
1855 2021 2012 2054 ’Ῡπηρετῶν
2035 2025 2198 2055 χαίρουσιν,
2229 2020 2260 2047 οὗ

1340 2059 1499 2091 γοωλιιίνοις,
1524 2070 1558 2076 -
1594 2059 1660 2082 Tum
1685 2058 1714 2081 iu
1738 2059 1849 2081 deorum
1881 2058 2006 2087 precibus
2033 2058 2117 2082 vitam
2147 2060 2261 2089 agebam

1332 2096 1388 2121 „aut
1415 2094 1549 2117 bominum
1574 2093 1764 2123 sermonibuS,
1789 2092 1952 2116 Ministrans
1975 2093 2172 2124 gaudentibus,
2206 2099 2261 2117 non

1341 2128 1504 2159 lugentibus,

1307 2170 1355 2201 ⁵74)
1375 2171 1430 2194 lam
1449 2175 1519 2199 quae
1535 2183 1568 2188 —-
1581 2169 1740 2194 consulere.
1759 2171 1817 2197 (vs.
1833 2169 2025 2197 aaa—6470]
2045 2169 2085 2193 sic
2103 2170 2153 2194 Ed.
2169 2170 2260 2199 ¹562.;

1343 2205 1392 2230 Ed.
1413 2204 1506 2227 1558:

1378 2239 1482 2270 „Quae
1501 2243 1567 2261 vero
1585 2237 1628 2261 hic
1645 2236 1724 2261 habui
1743 2238 1828 2266 bona,
1847 2236 1909 2260 audi
1925 2253 1932 2265 ,
1951 2236 1986 2260 mi
2004 2239 2091 2267 pater.

1378 2271 1602 2303 „Gratissimum
1620 2271 1727 2301 quidem
1747 2271 1862 2300 primum
1880 2271 2032 2295 homiuibus
2051 2271 2146 2302 otium,

1380 2306 1442 2337 „Et
1461 2305 1601 2335 negotium
1619 2306 1764 2329 mediocre.
1802 2305 1893 2334 Neque
1913 2311 1956 2329 me
1973 2306 2107 2329 deterruit
2125 2312 2143 2330 a
2158 2307 2204 2331 via

1380 2339 1546 2371 „improbus
1565 2339 1717 2369 quisquam.
1753 2339 1822 2362 illud
1842 2339 1984 2363 enim-non
2002 2340 2159 2372 tolerabile,

1381 2390 1400 2404 ,‚
1412 2374 1518 2398 Cedere
1536 2374 1569 2397 de
1589 2374 1633 2397 via
1645 2391 1652 2404 ,
1672 2374 1759 2397 locum
1781 2373 1889 2396 dantem
1909 2373 2048 2404 improbis.

1383 2409 1530 2439 „Deorum
1566 2414 1633 2432 vero
1668 2407 1929 2437 supplicationibus,
1965 2410 2012 2432 aut
2046 2408 2180 2440 luctibus,
2216 2413 2263 2434 aut

1690 2441 1841 2466 hominibus

1384 2476 1542 2507 „serviens
1562 2476 1757 2505 gaudentibus,
1778 2482 1830 2499 uon
1850 2477 2013 2507 lugentibus.

1384 2511 1420 2535 Et
1450 2511 1499 2534 hos
1524 2510 1630 2540 quidem
1657 2511 1838 2539 dimittebam;
1869 2511 1917 2534 alii
1944 2517 2010 2535 vero
2038 2513 2184 2537 veniebant
2213 2515 2262 2538 ho-

1693 2545 1788 2574 spites.

1384 2578 1478 2607 ltaque
1498 2578 1630 2602 iucundus
1651 2585 1774 2608 semper,
1794 2585 1882 2602 novus
1902 2579 2041 2609 existens,
2060 2582 2142 2605 novis
2161 2588 2245 2608 eram.

1386 2611 1462 2641 Quod
1481 2618 1547 2635 vero
1568 2614 1713 2641 optandum
1731 2613 1899 2644 hominibus,
1920 2614 2001 2637 etiam
2021 2615 2124 2647 invitis,

1385 2646 1487 2669 lustum
1507 2652 1569 2669 esse
1588 2653 1630 2670 me
1649 2647 1833 2675 consuetudo,
1854 2647 1987 2677 simulque
2007 2651 2105 2674 natura

1382 2679 1510 2703 Exhibuit
1530 2680 1594 2704 Deo.
1633 2681 1709 2705 Haec
1727 2681 1851 2711 cogitans
1869 2688 1982 2713 mecum,

1301 1746 1365 1773 7231
1386 1744 1549 1777 bominibus]
1579 1745 1619 1768 sic
1638 1745 1721 1769 Editt.
1744 1745 1818 1769 1558.
1844 1746 1871 1768 et
1896 1745 2029 1773 recentt.·‚
2054 1744 2102 1768 Ed.
2125 1743 2199 1768 1562.
2225 1744 2258 1767 ab

1341 1992 1530 2016 luserviebam
1550 1990 1731 2022 gaudentibus
1751 1990 1810 2020 ipse
1828 1995 1881 2012 non
1903 1990 2010 2020 lugens.
2046 1990 2122 2014 Fix.:
2142 1989 2174 2016 Θ.
2187 1987 2214 2014 δ’
2229 1989 2260 2014 ἐν
2292 2008 2294 2011 .
