2373 2980
93 92 169 128 849
530 90 668 126 LXVII.
709 89 1108 127 INTERPRETATIO
1133 91 1437 127 BACCHARUM
1463 89 1714 128 EURIPIDIS.
2061 95 2134 130 850

143 177 315 213 Celeriter
329 176 453 216 currit,
1196 179 1329 225 Tir.¹³)
1354 178 1468 220 „Non
1491 185 1684 213 contemno
1708 190 1774 224 ego
1798 179 1939 220 divina,
1964 192 2044 214 cum
2065 181 2132 214 sim

143 228 403 264 Saltationibus
421 225 567 262 Bacchi.
1556 228 1681 265 homo.

93 280 166 316 170
195 281 360 316 Tiresias.
389 279 479 326 Quis
502 279 541 313 in
564 280 678 325 portis
696 279 871 314 Cadmum
894 288 1020 315 evocat
1044 295 1084 315 ex
1139 281 1214 316 200
1241 283 1321 316 Cad.
1331 280 1376 328 15)
1400 280 1484 315 Non
1503 281 1725 327 disputemus
1743 294 1823 316 cum
1839 281 1935 316 Diis:

503 332 627 373 domo,
1189 332 1341 366 Patrum
1357 332 1590 373 traditiones,
1612 345 1701 378 quas
1717 334 1926 381 coaequales
1943 345 2009 367 nos
2022 333 2129 377 longo

139 382 316 427 Agenoris
333 381 445 416 filium
457 409 466 423 ,
491 383 552 429 qui
565 409 575 423 ‚
598 384 687 417 urbe
705 382 853 417 Sidonia
1549 389 1714 430 tempore

138 433 276 467 Relicta
288 461 298 475 ‚
321 434 521 468 aedificavit
543 432 637 468 hanc
652 435 778 469 urbem
795 432 1081 469 Thebanorum?
1187 433 1388 475 Tenemus,
1410 435 1508 468 nulla
1525 439 1653 469 evertit
1669 436 1800 477 oratio,

138 484 209 519 Eat
225 485 374 532 aliquis,
401 485 551 526 nuntia,
575 487 673 532 quod
689 486 848 521 Tiresias
1186 483 1338 519 Etiamsi
1362 486 1537 530 cogitetur
1566 486 1685 532 aliqua
1714 488 1807 520 ratio
1836 487 1873 521 in
1899 488 2129 523 subtilissima

136 535 258 582 Ipsum
281 543 448 584 quaerat;
471 537 538 571 scit
560 549 647 571 vero
670 538 765 583 ipse,
792 537 891 572 cuius
907 537 960 571 rei
976 549 1078 572 causa
1548 544 1680 571 mente.

498 588 618 629 venio,
1184 586 1289 621 Dicet
1311 587 1462 634 aliquis,
1489 589 1587 634 quod
1610 594 1772 622 senectae
1787 590 1923 624 nullam
1948 591 2126 626 rationem

87 638 159 674 175
182 640 283 686 Quae
299 646 424 685 pactus
441 652 519 674 sum
534 652 641 674 senex
659 641 753 674 seni:
1547 637 1715 680 habeam,

135 692 284 726 Gestare
301 689 444 737 thyrsos
462 698 496 725 et
510 689 745 726 hinnulorum
762 691 871 736 pelles
887 689 1031 731 habere,
1104 697 1107 727 !
1133 688 1208 725 205
1233 690 1341 735 Quod
1359 690 1472 724 iturus
1491 702 1568 724 sum
1586 691 1632 723 ad
1649 688 1778 724 choros
1795 698 1967 724 coronato
1987 694 2114 739 capite.

134 743 180 777 Et
196 755 371 777 coronare
389 743 506 788 capita
525 741 730 776 hederaceis
745 743 977 787 germinibus.
1185 741 1300 782 „Non
1317 741 1487 776 discernit
1503 741 1600 776 Deus
1611 769 1621 782 ‚
1649 741 1722 776 sive
1743 742 1922 783 iuvenem,

136 796 292 829 Cadmus.
343 795 377 828 O
412 793 637 835 charissime,
684 800 724 828 ut
758 794 951 828 delectatus
986 806 1077 833 sum,
1184 793 1294 833 „Sive
1312 806 1434 827 senem
1452 793 1537 826 velit
1553 791 1683 827 choros
1702 805 1820 838 agere,

498 845 647 880 audiens
663 851 762 879 tuam
784 856 922 884 vocem,
1183 844 1281 884 „Sed
1300 845 1377 878 vult
1392 845 1436 878 ab
1455 845 1622 878 omnihus
1641 842 1817 878 honorari

132 895 339 940 Sapientem
358 909 400 931 ex
416 897 495 931 viro
512 896 691 941 sapiente,
717 909 797 930 cum
815 896 915 929 domi
931 907 1054 929 esseni.
1182 922 1203 935 „
1215 895 1485 937 Communiter,
1514 902 1548 929 et
1562 895 1744 929 neminem
1769 895 1846 930 vult
1869 895 2039 930 eximium
2062 894 2125 930 ha·

84 947 157 981 180
186 946 299 981 Venio
317 955 483 994 paratus,
509 946 605 981 hunc
623 946 758 981 habens
777 954 946 981 ornatum
963 946 1042 979 Dei.
1550 948 1635 981 bere
1644 946 1705 993 ¹⁶).

132 998 286 1044 Oportet
308 1000 404 1034 enim
427 1011 524 1034 nunc
545 999 683 1044 ipsum,
707 1000 845 1047 qui-est
867 999 959 1032 filius
976 1011 1075 1031 meae
1102 994 1104 1001 '
1130 1000 1205 1035 210
1233 999 1328 1045 Quia
1340 999 1385 1045 ¹⁷)
1403 1011 1489 1032 vero
1507 998 1602 1044 tu¹⁸)
1619 999 1741 1032 lumen
1760 996 1829 1032 hoc
1846 1009 1922 1031 non
1937 997 2048 1039 vides,

492 1050 600 1091 filiae,
1179 1050 1256 1095 Ego
1272 1057 1306 1084 te
1323 1051 1568 1096 praemonebo
1588 1062 1766 1085 sermone.

129 1099 345 1146 Dionysium
357 1128 367 1142 ,
418 1102 481 1148 qui
530 1100 739 1136 hominibus
781 1102 981 1135 declaratus
1025 1107 1076 1135 est
1179 1100 1361 1136 Pentheus
1396 1108 1515 1136 autem
1548 1102 1595 1134 ad
1623 1103 1773 1135 domum
1806 1101 1990 1136 libationis
2017 1113 2122 1136 causa

495 1152 606 1193 Deus,
1547 1152 1661 1194 vadit,

131 1202 317 1247 Quantum
333 1203 439 1237 nohis
454 1210 505 1237 est
523 1203 704 1248 possibile,
725 1215 943 1250 magnopere
960 1201 1073 1237 hono-
1181 1202 1351 1239 Echionis
1374 1204 1486 1245 filius,
1521 1204 1578 1238 cui
1601 1216 1753 1250 regnum
1779 1201 1884 1239 huius
1909 1210 2026 1239 terrae
2053 1211 2126 1239 tra-

492 1266 586 1290 rare.
1543 1256 1631 1291 didi.

130 1304 203 1338 Ubi
248 1312 392 1351 oportet
428 1304 558 1340 choros
592 1306 721 1351 agere?
763 1313 797 1341 et
833 1307 896 1340 ubi
931 1307 1074 1340 firmare
1181 1306 1232 1341 Ut
1247 1314 1299 1342 est
1312 1307 1501 1343 attonitus!
1528 1308 1614 1354 quid
1632 1307 1718 1341 dicit
1734 1307 1940 1344 iracundius
1950 1307 2022 1356 ¹⁹)?

495 1357 650 1402 pedem?
1128 1356 1205 1395 215
1234 1361 1318 1394 Pen.
1345 1359 1483 1394 Absens
1501 1371 1600 1393 eram
1617 1372 1659 1393 ex
1672 1357 1740 1393 hac
1758 1366 1868 1402 terra,

82 1405 154 1441 185
179 1407 226 1441 Et
249 1414 439 1442 concutere
463 1420 594 1443 canum
618 1407 752 1453 caput?
775 1409 847 1442 dux
864 1409 944 1443 viae
965 1409 1012 1444 sis
1036 1416 1074 1443 tu
1179 1410 1284 1445 Nunc
1314 1418 1434 1446 autem
1465 1411 1572 1445 audio
1604 1423 1699 1445 nova
1729 1424 1794 1457 per
1820 1410 1912 1446 hanc
1943 1413 2124 1448 civitatem

496 1458 599 1501 mihi,
1539 1463 1655 1496 mala:

129 1510 244 1544 Senex
260 1511 353 1550 seni;
383 1518 421 1545 tu
438 1512 533 1545 enim
553 1511 694 1556 sapiens
712 1523 760 1546 es.
1179 1513 1350 1549 Mulieres
1366 1514 1470 1550 nobis
1486 1515 1614 1549 domos
1628 1514 1841 1561 reliquisse‚=

128 1561 212 1596 Non
230 1562 392 1596 deficiam
410 1575 476 1596 nec
489 1569 598 1597 noctu
614 1575 679 1597 nec
697 1562 856 1596 interdiu
1178 1563 1226 1598 Et
1244 1578 1324 1599 cum
1341 1567 1545 1601 errantibus
1561 1564 1712 1601 Bacchis
1730 1566 1767 1599 in
1785 1566 1964 1601 umbrosis

128 1611 272 1658 Thyrso
289 1614 435 1658 pulsans
449 1621 602 1652 terram;
627 1614 731 1648 obliti
747 1627 869 1649 sumus
883 1615 1006 1648 suavia
1177 1616 1364 1653 Montibus
1380 1619 1496 1653 colere
1513 1617 1609 1652 hunc
1623 1630 1760 1652 noxum
1776 1618 1906 1661 Deum,

127 1665 246 1698 Ambo
273 1665 461 1700 existentes
488 1678 600 1700 senes.
657 1668 734 1700 Tir.
762 1665 901 1700 Eadem
927 1667 1072 1711 pateris,
1125 1669 1201 1704 220
1225 1668 1461 1716 Dionysium,
1483 1670 1688 1717 quicunque
1705 1676 1777 1711 est,
1802 1668 2023 1704 honorantes
2041 1682 2122 1704 eum

494 1729 586 1763 quae
607 1729 684 1761 ego.
1540 1719 1671 1763 choris,

79 1765 152 1801 190
177 1767 314 1815 Gad.¹2)
341 1767 387 1801 Et
403 1780 468 1813 ego
486 1770 640 1814 pubesco
652 1795 661 1809 ‚
686 1775 720 1802 et
735 1769 923 1814 aggrediar
938 1771 1045 1804 mala.
1176 1771 1223 1805 Et
1240 1773 1285 1805 ad
1303 1770 1437 1807 thiasos
1455 1772 1492 1805 in
1508 1773 1629 1807 medio
1646 1779 1740 1808 stare
1757 1773 1862 1818 plena

130 1820 204 1852 Tir.
214 1818 261 1865 13)
306 1819 378 1853 Cur
401 1832 476 1853 non
498 1819 662 1854 vehiculo
687 1820 724 1853 in
747 1827 908 1854 montem
940 1822 1072 1856 transi·
1176 1823 1332 1865 Pocula,
1352 1824 1459 1857 aliam
1478 1837 1564 1858 vero
1582 1825 1650 1858 alia
1667 1824 1705 1857 in
1722 1824 1915 1858 solitudine
1952 1822 1957 1823 ⁷

494 1871 600 1906 mus?
1177 1874 1389 1920 Fugientem
1406 1876 1580 1910 inservire
1598 1876 1800 1921 complexui
1818 1875 1988 1916 marium,

129 1922 210 1956 cad.
220 1920 266 1968 ¹⁴)
284 1921 421 1956 Verum
437 1935 512 1957 non
529 1923 694 1958 similiter
709 1923 806 1958 Deus
821 1924 945 1970 utique
958 1923 1072 1959 hono-
1177 1926 1255 1960 Hoc
1271 1934 1459 1972 praetextu
1477 1934 1651 1974 tanquam
1666 1930 1825 1962 furentes
1845 1927 2062 1966 sacrificent;

495 1975 661 2009 raretur?
1126 1976 1202 2015 225
1235 1978 1306 2013 Sed
1341 1979 1456 2024 ipsam
1488 1979 1666 2014 Venerem
1699 1980 1813 2024 pluris
1845 1979 1981 2013 faciunt
2013 1991 2122 2026 quam

131 2022 262 2068 Tir.¹3)
291 2024 406 2058 Senex
424 2038 544 2060 senem
562 2028 690 2060 ducam
706 2033 739 2061 te
756 2039 833 2071 eg0.
1540 2029 1736 2067 Bacchum.

129 2076 210 2109 cad.
221 2074 268 2122 ¹4)
291 2075 369 2121 Ipse
386 2076 483 2112 Deus
500 2078 575 2112 sine
592 2079 715 2112 labore
732 2078 816 2112 illuc
832 2089 899 2112 nos
915 2079 1031 2114 ducet.
1071 2098 1093 2120 ςμ
1179 2081 1369 2128 Quotquot
1385 2082 1494 2127 igitur
1511 2082 1588 2130 cepi
1607 2082 1744 2118 vinctas
1763 2083 1942 2124 manibus,

80 2123 152 2160 195
182 2126 313 2173 Tir.¹3)
340 2128 462 2163 Soline
477 2142 543 2165 nos
558 2130 730 2165 faciemus
745 2141 846 2164 sacra
862 2129 1031 2164 Baccho?
1177 2133 1331 2167 Servant
1349 2134 1506 2169 ministri
1522 2136 1560 2169 in
1576 2135 1742 2174 aedibu53

127 2176 265 2225 cad.¹³)
302 2179 378 2213 Soli
405 2181 500 2215 enim
526 2194 592 2216 nos
617 2182 794 2227 sapimus,
828 2182 958 2215 caeteri
981 2183 1071 2217 desi·
1178 2184 1280 2230 Quae
1294 2197 1382 2219 vero
1399 2187 1548 2229 absunt,
1575 2200 1633 2222 eas
1648 2186 1809 2221 venabor
1824 2185 1862 2218 in
1879 2185 2073 2227 montibus,

491 2234 607 2279 piunt.

1093 2267 1099 2330 Ι
1140 2282 1342 2287 rm-

131 2279 260 2326 Tir.¹²'·)
300 2281 489 2318 Cunctatio
526 2292 577 2320 est
611 2285 738 2330 longa,
781 2286 843 2319 sed
876 2291 916 2319 tu
949 2291 1069 2320 teneas

1162 2338 1208 2366 15)
1238 2338 1323 2367 ead]
1349 2337 1388 2361 sic
1415 2338 1498 2361 Editt.
1525 2339 1617 2367 1558„
1650 2338 1724 2362 1562.
1750 2339 1798 2366 (ε
1820 2338 1868 2361 Ed.
1901 2338 1986 2362 nasu.
2013 2339 2120 2369 1551.);

489 2349 608 2371 meam
625 2348 786 2370 manum.
1194 2373 1220 2395 51
1343 2373 1373 2396 F·
1410 2380 1416 2385 .
1444 2373 1477 2396 T·
1516 2380 1522 2386 ¹
1555 2373 1559 2376 ,
1604 2373 1644 2395 Fd
1683 2374 1702 2395 B
1731 2379 1736 2384 .
1787 2372 1809 2396 C
1829 2373 1848 2396 d
1881 2373 1886 2377 ,
1962 2374 1981 2395 t'

130 2383 210 2416 cad·
223 2381 269 2428 ¹4)
290 2383 381 2418 Ecce
397 2385 507 2431 iungo
518 2415 527 2429 ι
553 2395 586 2423 et
603 2396 724 2422 [eneas
742 2400 859 2421 meam
876 2400 1036 2423 manum.
1192 2379 1503 2431 {uuzsszussdjxd-verzsrli
1516 2379 1582 2431 ’191ὁῖ
1608 2378 2120 2439 οιτιὶίῑιιιὶ-ἰῖυἷιοεανὲἲέιιοὶᾏιέἆιυὲἓιῗ

1195 2447 1308 2471 eamque
1328 2443 1360 2464 oh
1380 2446 1491 2464 causam
1512 2447 1609 2464 nomen
1630 2442 1690 2464 eins
1710 2447 1764 2465 non
1784 2441 1933 2470 praefixum
1953 2444 2006 2467 est.

1160 2484 1205 2512 16)
1224 2485 1256 2507 Η.
1277 2485 1296 2507 l.
1323 2483 1351 2507 in
1370 2483 1455 2509 Editt.
1473 2484 1564 2509 1553..
1585 2485 1659 2508 1562.
1680 2486 1745 2508 nota
1770 2489 1873 2514 marg:
1904 2484 1976 2508 Deus
1995 2485 2118 2509 omnibus

113 2516 158 2548 12)
179 2517 262 2549 aad]
287 2518 325 2542 sic
352 2519 436 2544 Editt.
459 2520 550 2549 1553,
570 2521 645 2546 1562.
666 2524 714 2550 [z
732 2523 781 2547 Ed.
802 2522 886 2547 nasu.
909 2523 1014 2555 1551.);
1042 2523 1068 2547 in
1193 2518 1336 2542 colendus·

146 2552 230 2577 Editt.
250 2555 351 2577 recent.
372 2553 413 2577 hic
433 2555 515 2578 etiam
534 2562 576 2579 vs.
597 2558 639 2579 est
659 2557 798 2582 Tiresiae.
1161 2561 1207 2589 17)
1227 2559 1307 2592 Quia]
1327 2562 1449 2592 Musgr..
1471 2561 1550 2586 Fix.:
1574 2562 1641 2586 Cad.
1661 2562 1739 2590 Quia.

111 2594 157 2626 13)
183 2594 255 2627 Tin]
287 2596 326 2620 sie
356 2596 439 2620 Editt.
471 2598 562 2624 1558..
599 2599 673 2624 1562.
707 2600 754 2633 (z
774 2601 822 2624 Ed.
850 2601 935 2626 Basil.
962 2600 1068 2632 1551.);
1160 2604 1206 2630 18)
1227 2601 1268 2635 tu]
1288 2604 1329 2627 sie
1344 2604 1426 2627 Editt.
1449 2604 1535 2634 1558,
1558 2605 1648 2633 155&
1674 2605 1758 2630 Editt.
1778 2607 1881 2630 recent.
1902 2607 2002 2635 (aeque
2021 2610 2053 2629 ac
2068 2606 2117 2630 Ed.

144 2629 230 2653 Editt.
248 2632 352 2654 recent.
372 2631 441 2656 cad.
1194 2638 1277 2662 Basil.
1300 2639 1390 2666 1551.)
1410 2640 1454 2669 tu,
1478 2639 1596 2665 Tiresia.

112 2671 157 2703 14)
184 2671 268 2705 ead]
299 2674 337 2698 sic
366 2675 447 2700 Etlitt.
478 2675 568 2702 1558..
597 2676 670 2701 1562.
705 2679 751 2707 (ε
776 2678 824 2701 Ed.
852 2678 931 2703 Basil.
961 2679 1068 2707 1551.):
1160 2681 1204 2709 19)
1224 2680 1287 2710 quid
1311 2681 1378 2704 dicit
1396 2678 1591 2710 iracundius?]
1618 2681 1659 2704 sic
1684 2680 1882 2712 Editt.1558.‚
1914 2682 2006 2711 1562.;
2034 2681 2117 2706 Editt.

145 2708 228 2731 Editt.
249 2712 354 2734 recent.
376 2710 436 2734 Τίν’.
1195 2717 1313 2741 reeeut.:
1339 2715 1464 2745 quidnam
1485 2715 1557 2738 dicet
1576 2712 1662 2739 novi?

75 2747 255 2781 MELAN'TH.
274 2750 379 2781 Ormi.
412 2751 496 2782 vm„
514 2752 635 2783 xvm.
1486 2748 1534 2785 54
