2373 2980
1 89 119 198 i.

6 99 25 134 fio

1 190 43 250 ’Ἰ
178 218 215 252 Si
233 223 350 251 autem
369 223 509 260 tempus
526 216 613 248 illud
629 215 832 258 ignoretur,
858 220 897 246 ut
914 213 1071 257 plerum-

0 313 21 334 'ff

33 1602 36 1625 ῖ
72 1590 205 1635 pendio
239 1590 442 1630 absolvere,

33 1651 35 1655 ’
72 1639 244 1674 hactenus
263 1646 401 1674 secutus
418 1653 494 1674 sum
508 1667 517 1681 ,
546 1647 719 1686 quantum
740 1641 937 1685 praedictio
961 1642 1073 1685 possi-
1099 1663 1100 1671 1

16 2256 26 2282 Γ

23 2286 25 2297 ι

54 0 56 12 l

242 130 380 167 XLVII.

52 269 53 274 ¹
75 282 143 316 que
162 270 221 309 fit,
247 268 389 301 initium
410 268 474 301 erit
493 279 650 311 egressus
679 278 719 299 ex
744 272 858 298 utero.
918 265 1009 298 Nam
1038 269 1071 296 et

74 319 143 354 hoe
166 326 306 364 tempus
337 319 561 363 potissimum
595 324 664 357 est,
703 323 736 350 et
760 315 826 349 hac
850 321 989 348 tantum
1015 327 1070 347 ra-

0 368 40 410 Ἣ
75 372 171 405 tione
197 371 240 403 ab
265 371 376 403 altero
396 370 499 402 initio
523 369 659 407 differt,
697 369 792 413 quod
818 366 1070 399 animadverso

34 438 38 458 2
75 427 268 465 conceptu,
296 421 454 465 praedici
475 425 623 464 possunt
641 430 700 459 ea,
736 431 825 463 quae
854 418 1072 462 praecedunt

33 487 36 490 ·
76 485 255 517 egressum
287 485 328 505 ex
358 478 472 505 utero.

540 471 591 502 Ac
623 477 812 513 conceptus
842 469 985 514 quidem
1019 468 1071 499 in-

76 523 218 558 choatio
239 535 310 556 esse
330 523 445 567 aliqua
464 527 598 565 potest;
633 522 693 553 sed
719 533 877 564 egressus
904 533 944 553 ex
970 525 1071 552 utero

78 581 128 609 est
144 574 340 619 principale
358 572 541 605 exordium
558 572 669 611 vitae,
692 578 853 615 tempore
878 570 1071 615 posterius3

77 625 236 671 potentia
254 636 359 663 vero,
388 623 535 667 aequale
554 629 587 655 et
609 623 858 666 praestantius.
920 621 965 653 Et
989 632 1072 664 pro-

76 675 268 721 pemodum
300 680 490 717 conceptus
516 673 586 706 dici
613 680 730 717 posset
755 673 899 707 seminis
925 672 1072 715 genera-

46 753 47 757 ,
75 727 143 763 tio;
172 737 330 768 egressus
348 731 465 758 autem
485 737 525 757 ex
541 731 665 763 utero,
699 724 880 767 generatio
902 722 1071 756 hominis.

74 776 187 810 Multa
213 775 307 808 enim
334 782 417 808 tunc
442 777 556 808 foetus
581 775 807 819 adipiscitur,
851 787 941 820 quae
967 780 1070 806 antea

44 842 45 845 ¹
76 828 114 860 in
134 827 213 859 alvo
241 828 401 859 noudum
429 827 461 859 ei
485 828 654 865 aderant,
689 839 728 859 ac
754 827 899 870 propria
927 825 1070 870 quidem

73 876 251 912 humanae
268 884 437 917 naturae,
463 884 503 911 ut
519 889 685 911 sensuum
708 878 865 910 actiones
889 883 922 909 et
946 888 1072 920 corpo-

74 929 123 962 ris
143 934 272 961 motus.

177 979 253 1012 Etsi
268 985 384 1011 autem
404 979 540 1023 positus
559 979 649 1011 coeli
664 979 701 1011 in
723 984 830 1022 partu
854 991 926 1011 non
953 978 1073 1011 videa-

73 1037 133 1064 tur
149 1030 304 1074 primum
326 1031 478 1063 condere
495 1037 680 1063 naturam:
707 1036 826 1062 tamen
844 1030 1010 1063 conducit
1029 1031 1072 1061 ad

73 1080 161 1121 hoc,
189 1087 228 1114 ut
245 1082 360 1114 foetus
377 1088 476 1114 exeat
494 1081 531 1113 in
556 1082 690 1120 lucem,
724 1087 916 1126 postquam
945 1092 1073 1113 conve-

40 1156 41 1159 =
74 1133 193 1166 niente
211 1132 299 1165 coeli
316 1132 454 1165 actione
474 1132 660 1165 maturuit.

177 1183 313 1217 Natura
334 1183 426 1215 enim
439 1209 447 1222 ,
476 1189 665 1227 postquam
684 1183 798 1214 foetus
817 1182 992 1226 perfectus
1011 1188 1073 1221 est,

73 1240 195 1267 movet
220 1246 299 1266 cum
312 1260 321 1273 ,
356 1240 395 1266 ut
413 1240 512 1266 exeat
529 1246 570 1265 ex
587 1240 688 1266 utero
701 1259 710 1272 ,
744 1232 807 1265 tali
831 1234 949 1276 positu
971 1233 1073 1272 coeli,

26 1290 29 1294 ”
76 1285 139 1330 qui
160 1286 353 1328 respondet
376 1284 426 1316 illi
451 1284 717 1323 constitutioni,
762 1295 853 1328 quae
880 1284 947 1316 suit
969 1284 1072 1316 initio

328 1334 452 1379 Itaque
471 1335 559 1367 coeli
577 1335 712 1378 positus
730 1334 767 1366 in
788 1341 912 1377 partu,
943 1336 1072 1367 merito
1100 1339 1102 1350 ³

76 1342 277 1379 conceptus.

75 1386 334 1419 existimabitur
360 1385 443 1417 talia
468 1385 683 1428 significare:
729 1396 803 1416 non
836 1386 917 1429 quia
946 1386 1074 1418 efficiat

73 1487 182 1521 turali
199 1487 381 1531 congruit,
410 1493 443 1520 et
459 1487 610 1520 similem
627 1487 700 1520 vim
723 1485 841 1520 hahet.

177 1538 267 1572 Cum
286 1538 394 1582 igitur
410 1539 625 1571 instituerim
644 1545 678 1571 et
700 1536 792 1571 hanc
815 1545 954 1582 partem
977 1550 1073 1572 com-

489 1589 586 1623 iuxta
617 1602 698 1622 eum
731 1589 915 1629 ordinem,
965 1603 1070 1635 quem

73 1692 154 1725 hilis
171 1698 240 1731 est,
268 1692 525 1726 declinabimus
542 1699 697 1725 veterem
717 1693 885 1732 modum,
916 1693 977 1738 qui
992 1693 1072 1726 stel-

71 1744 189 1776 larum
207 1743 380 1776 mixturas
398 1743 525 1783 tradit,
559 1756 638 1776 cum
664 1755 702 1776 ea
727 1744 819 1776 ratio
845 1744 1072 1784 confusanea,

74 1801 108 1828 et
124 1796 386 1839 propemodum
405 1795 542 1827 infinita
562 1795 625 1834 sit,
653 1795 680 1828 si
709 1794 787 1839 quis
810 1795 966 1837 singulas
993 1808 1073 1828 exa-

73 1845 203 1885 minet,
232 1851 266 1878 et
285 1845 399 1889 magis
413 1847 457 1878 ad
485 1846 707 1879 coniecturas
731 1846 966 1889 singularium
993 1860 1073 1890 per-

73 1897 205 1936 tineat,
233 1909 340 1942 quam
362 1898 406 1930 ad
423 1904 611 1941 praecepta
629 1897 858 1931 universalia.
902 1897 991 1930 Cum
1009 1899 1073 1942 igi-

73 1954 132 1981 tur
156 1949 214 1980 illa
241 1948 426 1993 inquisitio
458 1961 571 1992 paene
602 1949 739 1981 infinita
770 1948 815 1981 sit
848 1955 882 1981 et
909 1949 1073 1990 difficilis,

75 2000 272 2032 omittenda
292 1999 370 2032 erit.
421 2000 488 2032 Sed
507 2001 645 2032 tradam
670 2006 856 2043 praecepta
882 2001 1072 2043 generalia,

76 2055 117 2084 ei
154 2050 283 2095 quibus
321 2050 544 2084 coniecturae
580 2052 622 2084 de
658 2051 805 2095 singulis
841 2052 933 2084 sumi
973 2059 1073 2096 pote-

73 2108 176 2140 runt;
221 2108 255 2134 et
283 2113 458 2145 exponam
490 2102 680 2135 effectrices
716 2102 904 2147 qualitates
938 2104 1074 2147 praeci-

74 2166 182 2198 puas,
217 2159 391 2198 quantum
417 2160 563 2198 potero,
604 2155 890 2187 accommodatas
916 2156 959 2187 ad
985 2153 1074 2200 pluy-

74 2205 181 2238 sicam
211 2204 401 2238 rationem.
469 2204 515 2237 Et
543 2204 631 2237 coeli
655 2205 793 2244 locum,
836 2205 934 2238 iuxta
966 2219 1071 2250 quem

75 2254 226 2289 humani
244 2261 391 2289 eventus
415 2257 707 2296 considerantur,
742 2263 914 2301 tanquam
939 2264 1071 2290 metam

73 2319 290 2351 proponam,
309 2308 354 2339 ad
371 2319 478 2352 quam
499 2307 700 2351 dirigantur
717 2307 904 2352 qualitates
923 2309 1073 2341 effectri-

75 2371 150 2398 ces,
187 2370 226 2390 ac
251 2358 441 2403 praecipue
464 2359 560 2392 iuxta
590 2359 840 2402 cognationem
866 2371 1073 2404 corporum,

74 2410 171 2443 velut
189 2410 347 2453 sagittae.

179 2460 367 2494 Caeterum
386 2461 471 2506 quid
489 2461 718 2494 iudicandum
745 2461 808 2500 sit,
837 2474 915 2495 cum
944 2463 1072 2495 nmlta-

75 2523 155 2544 rum
173 2512 355 2545 stellarum
377 2513 498 2545 lumen
516 2512 700 2552 miscetur,
728 2513 971 2558 relinquemus
989 2526 1072 2558 pru-

74 2562 216 2595 dentiae
232 2563 374 2597 artificis
385 2591 395 2604 ,
422 2570 593 2608 tanquam
611 2564 717 2607 periti
733 2564 918 2607 sagittarii.

178 2614 340 2647 Primum
359 2622 477 2648 autem
497 2616 540 2648 de
556 2615 836 2654 universalibus,
872 2628 963 2661 quae
987 2628 1071 2648 con-

74 2664 264 2698 sideranda
288 2672 370 2699 sunt
394 2666 431 2698 in
454 2673 579 2711 partu,
619 2666 734 2699 dicam
761 2667 987 2700 convenienti
1013 2680 1070 2700 or-

74 2716 177 2758 dine,
205 2728 284 2750 cum
302 2717 444 2762 quidem
463 2730 504 2751 ex
520 2724 625 2762 partu
652 2718 816 2762 cognosci
842 2719 962 2751 omnia
988 2731 1069 2762 pos-

428 127 826 166 INTERPRETATIO
853 127 1025 162 OPERIS
1052 127 1438 173 QUADRIPARTITI
1464 130 1749 165 PTOLEMAEI
1781 130 1870 166 LIB.
1893 131 1949 166 III.

74 1438 181 1470 talem
198 1443 387 1475 naturam,
414 1437 473 1469 sed
491 1436 574 1481 quia
598 1435 804 1469 necessitate
829 1437 983 1481 quadam
1011 1448 1073 1469 na-
1100 1437 1101 1441 ’

2071 134 2121 169 62

1124 213 1212 253 sint,
1259 228 1349 259 quae
1376 216 1558 250 naturales
1582 228 1703 249 causas
1728 214 1872 251 habent.
1937 218 2122 251 Conducet

1123 270 1242 298 autem
1260 271 1293 297 et
1310 273 1448 310 tempus
1466 273 1654 311 conceptus
1678 280 1890 311 cognoscere
1903 296 1911 308 ‚
1940 271 1983 302 ad
2009 269 2121 314 quali—

1123 322 1212 349 tates
1231 318 1524 360 temperamenti,
1553 330 1593 350 ex
1611 318 1897 354 consideratione
1917 327 2121 364 conceptus,

1123 367 1153 400 si
1171 379 1276 412 quem
1294 367 1470 400 curiosior
1488 369 1658 401 scrutatio
1676 370 1837 404 delectat.

1404 453 1457 484 De
1479 452 1591 494 yradu
1618 455 1839 488 ascendentis.

1228 517 1316 550 Cum
1352 524 1470 551 autem
1503 530 1607 562 saepe
1648 519 1830 553 dubitetur
1862 523 1905 555 de
1940 523 2055 567 prima
2090 530 2124 557 et

1126 568 1316 612 praecipua
1334 575 1434 612 parte
1448 596 1457 609 ,
1485 569 1649 602 videlicet
1666 570 1708 602 de
1725 568 1813 603 hora
1827 598 1835 610 ,
1857 585 1924 616 qua
1943 575 2057 608 foetus
2082 587 2124 608 ex

1126 625 1228 652 utero
1250 632 1408 663 egressus
1426 626 1477 653 est
1496 619 1596 663 (nam
1615 621 1724 654 solius
1744 623 1927 655 astrolabii
1951 626 2123 670 inspecti0

1125 676 1242 714 potest
1259 671 1438 703 minutum
1457 669 1569 704 horae
1595 673 1821 719 ostendere),
1856 675 1991 719 reliqua
2018 675 2124 710 liora-

1126 734 1205 754 rum
1231 722 1487 765 siguandarum
1522 723 1781 763 instrumenta,
1821 725 1948 768 quibus
1978 727 2125 770 plurimi

1125 778 1296 812 utuntur,
1322 785 1426 816 saepe
1445 773 1584 806 fallunt.
1637 774 1729 807 Nam
1748 775 1886 808 Solaria
1904 784 2042 817 errant,
2069 779 2125 811 vel

1126 823 1208 868 quia
1227 836 1301 856 uon
1320 830 1401 857 sunt
1420 824 1486 857 rite
1505 824 1618 868 posita
1631 852 1640 864 ‚
1668 825 1723 857 vel
1738 826 1819 870 quia
1837 838 2034 869 gnomones
2051 842 2126 862 non

1126 881 1219 907 recte
1239 876 1282 907 ad
1300 875 1536 907 meridianam
1555 875 1688 908 lineam
1707 878 1897 921 quadrant.
1950 881 2124 925 Aquatica

1127 938 1211 958 vero
1230 938 1303 958 non
1327 933 1491 959 constant
1513 926 1599 967 sibi,
1635 934 1782 971 propter
1806 929 1993 964 dissimiles
2018 944 2127 977 aqua—

1127 989 1207 1010 rum
1232 984 1391 1011 naturas.
1451 977 1576 1022 anue
1601 978 1853 1013 dissimilitudo
1881 982 1997 1015 varias
2020 980 2128 1015 habet

1127 1040 1259 1061 causas.
1314 1027 1496 1061 Interdum
1515 1029 1621 1061 etiam
1641 1041 1723 1063 casu
1748 1029 1959 1065 cohibentur
1985 1040 2017 1066 et
2042 1034 2126 1067 resi<

1126 1086 1234 1112 stunt.
1288 1080 1436 1113 Necesse
1455 1086 1505 1112 est
1524 1079 1632 1123 igitur
1649 1082 1740 1113 tradi
1760 1083 1957 1124 rationem,
1986 1097 2054 1130 qua
2074 1085 2129 1117 in-

1127 1130 1242 1163 veniri
1261 1131 1387 1163 debeat
1404 1132 1534 1174 gradus
1551 1133 1742 1166 ascendens
1755 1133 1913 1175 Zodiaci,
1930 1138 2126 1169 secundum

1127 1180 1310 1226 physicam
1331 1188 1364 1214 et
1383 1189 1659 1215 consentaneam
1677 1184 1868 1220 rationem.

1228 1232 1350 1265 Posita
1388 1233 1496 1276 igitur
1528 1231 1616 1265 hora
1650 1236 1835 1276 natalicia,
1885 1239 2031 1271 inventa
2063 1250 2128 1282 per

1128 1283 1372 1323 ascensiones,
1402 1284 1554 1327 adiunge
1579 1285 1869 1320 coniunctionem
1897 1296 1957 1322 aut
1983 1290 2127 1333 opposi-

1128 1335 1262 1367 tionem
1297 1335 1460 1378 proxime
1495 1336 1778 1378 praecedentem.
1857 1339 1902 1372 Et
1939 1341 2127 1384 diligenter

1128 1397 1260 1430 quaere
1278 1386 1427 1428 gradum
1447 1398 1509 1419 seu
1526 1386 1806 1429 coniunctionis,
1835 1402 1896 1424 seu
1921 1391 1958 1424 in
1984 1392 2128 1436 opposi-

1127 1436 1224 1468 tione
1242 1436 1315 1469 eius
1333 1436 1498 1477 luminis,
1527 1439 1624 1482 quod
1648 1451 1756 1483 supra
1781 1447 1913 1474 terram
1940 1449 2010 1483 est,
2047 1456 2127 1476 cum

1127 1487 1245 1520 editur
1268 1493 1403 1531 partus.
1464 1487 1603 1520 Deinde
1626 1489 1841 1532 videndum,
1877 1493 1955 1538 quis
1983 1494 2126 1537 planeta

1126 1539 1171 1572 sit
1195 1539 1402 1571 dominator
1425 1538 1518 1573 illius
1544 1540 1693 1583 gradus,
1729 1541 1823 1575 iuxta
1852 1555 1910 1577 eas
1936 1557 2128 1589 praeroga-

1126 1590 1235 1629 tivas,
1278 1602 1365 1635 quas
1397 1602 1504 1634 supra
1536 1594 1916 1628 commemoravimus:
1966 1596 2130 1629 videlicet

1126 1642 1331 1685 trigonum,
1367 1642 1534 1681 domum,
1569 1643 1842 1685 exaltationem,
1879 1647 1986 1686 fines,
2015 1648 2130 1692 sulgo-

1126 1705 1201 1725 rem
1227 1699 1288 1725 aut
1313 1693 1654 1736 configurationem,
1691 1693 1758 1728 lioc
1781 1703 1850 1736 est,
1879 1699 2024 1742 quando
2049 1711 2129 1742 gra-

1126 1745 1191 1777 dus
1221 1743 1279 1775 ille
1311 1756 1420 1776 unam
1455 1751 1517 1777 aut
1546 1745 1665 1789 plures
1704 1749 1973 1792 praerogativas
2008 1747 2129 1791 habet,

1126 1801 1275 1839 propter
1294 1807 1382 1839 quas
1400 1795 1431 1828 ei
1447 1796 1694 1831 attribuendus
1710 1799 1755 1831 sit
1772 1800 1990 1834 dominator.
2036 1801 2126 1834 Cum

1126 1847 1235 1890 igitur
1268 1846 1450 1890 planetam
1487 1847 1641 1893 aliquem
1677 1851 1876 1894 reperimus
1910 1852 2127 1885 familiarem

1099 1915 1101 1921 x
1126 1898 1177 1930 illi
1196 1897 1342 1941 gradui,
1370 1905 1518 1943 propter
1540 1912 1649 1932 unam
1677 1907 1739 1934 aut
1762 1902 1881 1945 plures
1906 1903 2129 1947 praerogati-

1126 1961 1204 1982 vas:
1234 1948 1427 1982 videndum
1448 1957 1498 1983 est
1516 1951 1657 1991 deinde,
1682 1964 1786 1996 quem
1806 1954 1955 1997 gradum
1972 1955 2128 1988 tenuerit

1126 2001 1268 2045 planeta
1302 2007 1426 2044 partus
1456 2008 1635 2046 tempore;
1679 2010 1713 2035 et
1738 2011 1868 2049 quotus
1893 2006 2023 2049 gradus
2048 2006 2127 2046 erit,

1127 2051 1364 2085 iudicabimus
1382 2064 1506 2096 parem
1525 2055 1676 2097 gradum
1697 2054 1734 2087 in
1753 2062 1879 2089 exortu
1904 2057 2126 2090 ascendentis

1126 2103 1216 2147 signi
1237 2104 1438 2138 ascendere.
1492 2104 1555 2137 Sin
1573 2111 1690 2138 autem
1707 2107 1778 2139 duo
1796 2108 1850 2139 vel
1874 2108 1993 2152 plures
2016 2108 2126 2152 parti·

1127 2155 1220 2198 cipes
1236 2154 1307 2187 sint
1325 2155 1602 2196 dominationis,
1635 2156 1693 2190 ille
1711 2158 1893 2202 eligendus
1913 2159 1998 2198 erit,
2027 2160 2125 2192 cuius

1127 2207 1256 2249 gradus
1274 2211 1434 2249 tempore
1451 2213 1574 2250 partus
1591 2209 1740 2252 propius
1768 2210 1952 2242 accesserit
1977 2210 2021 2242 ad
2047 2222 2126 2253 gra-

1127 2259 1211 2291 dum
1231 2257 1322 2300 signi
1337 2259 1576 2298 ascendentis,
1605 2260 1648 2291 ad
1668 2258 1772 2293 huius
1789 2261 1952 2304 planetae
1974 2262 2123 2304 gradum

1128 2310 1318 2342 ascendens
1337 2310 1623 2342 constituendum
1647 2311 1724 2343 erit.

1230 2360 1265 2393 Si
1286 2372 1370 2392 vero
1387 2361 1457 2393 duo
1476 2368 1537 2394 aut
1557 2361 1675 2404 plures
1702 2362 1864 2405 planetae
1890 2362 1927 2394 in
1950 2360 2016 2395 hac
2040 2375 2124 2407 pro-

1126 2411 1326 2456 pinquitate
1344 2423 1447 2455 pares
1468 2418 1591 2451 erunt,
1626 2412 1795 2456 eligemus
1820 2425 1919 2453 eum,
1956 2413 2017 2458 qui
2040 2426 2124 2458 pro-

1126 2468 1205 2506 pter
1220 2462 1380 2495 cardines
1397 2468 1429 2495 et
1449 2463 1689 2496 conditionem
1706 2464 1920 2497 familiarior
1935 2471 1986 2497 est
2004 2476 2123 2498 ascen-

1125 2514 1235 2547 denti.
1291 2513 1378 2546 Cum
1401 2519 1518 2546 autem
1542 2514 1683 2558 longius
1709 2516 1843 2548 distant
1864 2516 1994 2559 gradus
2017 2513 2123 2549 huius

1125 2565 1361 2598 dominatoris
1379 2565 1422 2596 ab
1442 2562 1663 2610 horoscopo,
1698 2579 1805 2611 quam
1833 2580 1851 2598 a
1876 2567 1995 2599 medio
2021 2567 2123 2606 coeli,

1124 2623 1266 2650 utemur
1298 2628 1338 2647 eo
1370 2628 1522 2649 numero
1553 2618 1596 2650 ad
1633 2618 1919 2651 constituendum
1962 2617 2121 2651 medium

1123 2668 1223 2700 coeli.
1278 2667 1354 2699 Hoc
1379 2668 1594 2708 constituto,
1633 2675 1667 2701 et
1686 2670 1844 2714 reliquos
1862 2668 2022 2701 cardines
2044 2681 2122 2701 mu-

1123 2719 1287 2751 taliiiuus.
