2373 2980
88 72 163 111 885
529 69 684 106 LXVIII.

137 158 290 194 Immisit
302 158 483 191 latronum
496 183 505 198 ,
531 157 584 191 uti
598 158 834 203 proficiscaris
848 160 973 204 procul
986 187 994 200 ‚

136 211 214 256 Ego
232 210 379 244 audiens
396 221 475 243 cum
493 209 580 243 meis
598 210 719 254 pueris
738 210 868 254 navigo

137 263 194 298 Ad
210 261 264 295 tui
280 260 571 307 inquisitionem:
600 261 675 306 ipse
694 261 732 294 in
749 262 862 307 puppi
878 269 1034 296 extrema

91 313 138 349 15
163 312 374 358 Dirigebam
391 319 543 359 utraque
560 324 672 347 manu
693 311 993 358 comprehensum
1017 315 1087 348 cla-

503 376 608 405 vum,
647 389 649 391 -

137 415 186 449 Et
203 415 308 460 pueri
327 416 372 449 ad
389 427 508 450 remos
523 416 705 457 sedentes,
733 416 897 461 glaucum
914 429 1014 452 mare

137 467 321 501 Fluctibus
337 467 562 508 dealbantes,
591 468 812 513 quaerebant
829 475 862 503 te
875 496 883 510 ‚
911 481 985 505 rex.

137 517 214 552 Iam
230 531 316 552 vero
333 530 447 564 prope
467 518 623 553 Maleam
644 519 855 564 navigantes

139 570 337 604 Orientalis
352 576 480 604 ventus
499 570 685 615 adspirans
702 573 745 604 ad
766 572 1045 615 gubernaculum
1058 599 1066 611 ,

87 624 138 660 20
163 621 310 667 Impulit
324 634 390 656 nos
407 623 452 655 ad
470 620 564 656 hanc
579 622 716 656 Aetnae
734 630 873 667 petram
887 650 896 664 ,

140 673 213 707 Ubi
229 673 414 707 monoculi
428 673 492 706 filii
508 673 642 707 marini
656 673 744 715 Dei,
875 713 878 715 Α

141 724 333 770 Cyclopes,
360 723 525 758 habitant
543 731 646 758 antra
662 726 798 759 deserta
811 751 820 764 ,
848 723 1062 758 homicidae.

139 776 281 810 Horum
299 776 405 810 unius
424 776 521 821 capti
537 789 658 810 sumus
673 776 711 809 in
729 775 875 809 aedibus

138 827 260 866 Servi;
286 833 419 861 vocant
435 834 554 862 autem
571 840 671 868 eum,
696 827 752 861 cui
766 827 959 867 servimus,

87 880 138 917 25
165 876 451 924 Polyphemum;
480 885 515 912 et
531 890 597 923 pro
615 878 750 911 laetitia
767 876 942 913 Bacchica

140 930 274 975 Greges
292 929 457 976 Cyclopis
476 929 579 974 impii
600 929 790 974 pascimus.

138 981 249 1015 Pueri
268 981 377 1026 igitur
393 979 482 1014 mihi
501 981 675 1015 clivorum
694 982 731 1014 in
749 988 908 1015 extremo

137 1033 296 1067 Pascunt
312 1044 423 1076 agnos
440 1032 509 1077 ipsi
525 1044 668 1078 quoque
685 1032 844 1066 iuvenes.

137 1083 214 1127 Ego
231 1090 271 1117 ut
287 1083 457 1128 impleam
475 1084 603 1128 pocula
615 1110 624 1124 ‚
653 1090 687 1117 et
703 1096 846 1117 verram
864 1082 1067 1118 habitacula

88 1136 137 1169 30
164 1135 317 1169 Manens
338 1135 552 1169 constitutus
570 1147 648 1168 sum
660 1161 669 1175 ,
695 1133 779 1168 huic
796 1135 909 1180 impio

140 1185 290 1232 Cyclopi
310 1186 560 1219 conviviorum
578 1186 795 1220 iniustorum
813 1187 988 1222 minister.

138 1236 184 1270 Et
200 1248 315 1278 nunc,
343 1249 436 1283 quae
459 1234 550 1270 mihi
575 1238 745 1271 mandata
771 1245 874 1279 sunt,
909 1251 1018 1284 cogor
1039 1241 1089 1274 fa-

506 1299 606 1329 cere,

138 1339 291 1385 Verrere
306 1338 432 1372 ferreis
449 1336 504 1373 his
518 1339 642 1373 rastris
665 1340 813 1374 domum
824 1366 834 1380 ,

139 1391 190 1423 Ut
204 1391 390 1423 absentem
407 1389 596 1423 dominum
614 1390 807 1435 Cyclopem
824 1403 946 1426 meum

87 1439 137 1476 35
164 1441 304 1475 Mundo
323 1447 428 1474 antro
445 1447 480 1474 et
495 1442 647 1485 pecudes
662 1443 891 1487 excipiamus.

137 1491 213 1525 Iam
231 1503 363 1536 pueros
379 1493 595 1527 adducentes
613 1493 717 1527 video

138 1543 284 1589 Greges,
310 1543 396 1588 quid
414 1541 507 1576 hoc?
535 1556 622 1577 num
638 1545 807 1590 strepitus
823 1545 1000 1579 saltatorii
1016 1556 1091 1578 car-

505 1607 613 1629 mmis

138 1644 273 1679 Similis
292 1645 393 1678 vobis
404 1645 435 1691 ²)
453 1658 567 1685 nuuc⁷
596 1653 630 1680 et
650 1648 796 1692 quando
813 1646 946 1681 Bacchi
956 1647 987 1694 3)

137 1696 285 1730 Sodales
300 1696 410 1730 simul
428 1697 657 1732 defendentes
672 1696 844 1732 Althaeae
855 1700 886 1744 4)
904 1701 1052 1738 domum

89 1747 138 1782 40
164 1747 331 1782 Aderatis
348 1754 455 1782 cantu
469 1749 695 1783 barbitorum
713 1750 902 1784 delectati?

462 1822 720 1873 [Stropha]

140 1885 239 1919 Ghor.
268 1882 350 1928 Quo
369 1881 460 1917 mihi
477 1884 658 1929 generosis
672 1887 882 1930 parentibus

136 1934 182 1967 Et
199 1934 380 1979 generosis
400 1936 575 1970 matribus
594 1943 676 1970 nate
689 1964 697 1975 ‚

137 1985 220 2030 Quo
238 1986 339 2020 vadis
358 1998 423 2031 per
440 1987 632 2032 scopulos?

137 2037 222 2071 Non
239 2037 289 2070 ibi
305 2049 392 2071 aura

87 2088 136 2123 45
163 2088 209 2122 Et
226 2086 416 2123 herbidum
439 2101 587 2134 gramen

137 2139 186 2173 Et
206 2141 365 2174 volutata
387 2153 480 2186 aqua
500 2141 694 2175 fluviorum

136 2191 175 2225 ln
192 2192 330 2237 poculis
347 2192 462 2237 posita
482 2199 553 2233 est,
578 2193 676 2227 iuxta
692 2205 753 2226 an-

138 2250 191 2276 tra
203 2270 212 2283 ,
240 2256 317 2277 non
333 2244 399 2278 tibi
416 2244 556 2279 balatus
571 2257 760 2289 agnorum.

140 2294 189 2329 St.
199 2294 230 2340 5)
283 2295 368 2330 Non
383 2294 460 2336 hic,
490 2308 565 2330 non
581 2297 631 2331 ibi
648 2294 788 2342 pascis?

121 2422 153 2450 2)
174 2421 268 2450 vobis]
287 2422 327 2445 sic
352 2424 400 2451 (Ξ
417 2423 509 2453 Eurip.
530 2422 612 2454 ὑμῖν)
642 2424 723 2447 hiant.
745 2424 864 2451 reccut.;

159 2456 234 2480 1562.
257 2455 347 2481 nohis,

122 2498 153 2527 3)
173 2498 286 2527 Bacchi]
307 2497 346 2522 sic
365 2499 413 2522 Ed.
432 2499 521 2529 1562.;
546 2500 597 2523 Ed.
616 2501 689 2524 1553.
711 2500 822 2523 Bacche.

122 2539 152 2572 4)
171 2541 319 2568 Althaeae]
340 2539 380 2564 sic
400 2539 446 2571 (ε
462 2541 556 2571 Eurip.
570 2539 709 2573 Ἀλθαίας)
737 2542 821 2565 Editt.
846 2542 966 2567 recent:

159 2575 252 2605 1558„
273 2575 346 2599 1562.
365 2575 491 2599 Althaea.

122 2616 152 2649 5)
173 2618 230 2646 st]
262 2616 289 2640 iu
308 2617 393 2642 Editt.
416 2618 507 2649 1558„
528 2618 601 2643 1562.
621 2618 682 2642 huic
697 2619 803 2643 adiecta
822 2620 865 2642 est
891 2620 956 2643 nota
984 2624 1086 2649 marga

156 2649 248 2683 ψύττα
267 2651 423 2676 interiectio
442 2653 566 2677 vocantis
585 2653 745 2684 significans
761 2654 868 2677 sibilum
883 2661 924 2684 ps.
946 2653 986 2683 (in
1002 2654 1087 2681 Editt.

158 2688 261 2713 recent.
282 2687 416 2711 vertitur:
443 2688 517 2711 fleus
535 2687 587 2719 tu).

901 2421 984 2446 Editt.
1002 2421 1089 2451 1558„

1004 2541 1087 2564 Editt.

746 72 1146 111 INTERPRETATIO
1183 74 1413 111 CYCLOPIS
1447 76 1695 115 EURIPIDIS.

2065 84 2139 118 886

1141 160 1190 197 50
1216 162 1340 209 Neque
1356 163 1394 197 in
1411 161 1479 197 hoc
1497 165 1575 199 loco
1594 167 1704 205 clivus
1719 170 1875 208 roridus.

1191 214 1271 248 Heu
1286 214 1415 249 iaciam
1431 216 1586 261 lapidem
1608 221 1778 258 adversus
1793 229 1838 260 te.

1191 265 1338 300 Reduco
1350 293 1359 307 ,
1386 268 1519 302 reduco
1537 282 1685 315 caprum
1696 273 1728 321 ⁶)
1739 301 1748 314 ‚

1191 316 1224 349 O
1240 323 1382 361 pastor,
1409 319 1630 365 inquietum,

1193 366 1226 400 O
1243 367 1407 413 Cyclopis
1428 378 1562 414 pastor.

1461 450 1824 506 [Antistrophe]

1143 515 1191 551 55
1220 516 1315 551 Laxa
1335 518 1445 552 ubera
1465 520 1569 564 plena
1584 549 1593 562 ,

1193 568 1243 603 Ut
1263 582 1375 614 agnae
1394 571 1572 615 accipiant
1591 575 1733 618 papillis
1753 579 1862 612 ubera
1876 606 1886 621 ‚

1193 620 1292 665 Quas
1301 621 1332 668 ⁷)
1350 622 1529 668 reliquisti
1543 623 1581 656 in
1597 625 1765 666 ovilibus;

1193 672 1409 706 Desiderant
1429 680 1461 707 te
1480 674 1638 710 interdiu
1654 678 1910 717 dormientium

1193 723 1339 758 Balatus
1358 736 1554 768 parvorum
1571 739 1761 771 agnorum.

1144 775 1192 810 60
1219 773 1258 807 In
1275 776 1453 809 stabulum
1471 777 1655 813 includens
1664 779 1696 826 8)
1708 807 1717 821 ,

1195 826 1352 860 Herbida
1371 828 1578 874 relinquens
1599 842 1729 874 pascua

1193 877 1373 913 Aetnaeos
1390 878 1484 912 intra
1503 882 1681 925 scopulos.

1193 929 1290 963 Haec
1306 942 1380 963 non
1397 937 1479 964 sunt
1495 931 1684 974 Bromius,
1712 931 1800 968 haec
1814 948 1889 971 non
1905 946 1988 974 sunt
2006 939 2116 976 Chori

1194 980 1240 1014 Et
1256 979 1419 1015 Bacchae
1437 982 1589 1017 ferentes
1608 982 1750 1030 thyrsos
1761 1012 1771 1027 ‚

1145 1029 1193 1065 65
1219 1031 1303 1066 Non
1321 1039 1578 1078 tympanorum
1597 1036 1787 1081 strepitus,

1194 1084 1252 1117 Ad
1267 1084 1383 1118 fontes
1398 1085 1587 1121 fundentes
1604 1099 1733 1133 aquas;

1195 1134 1279 1170 Non
1298 1136 1374 1169 vini
1390 1136 1522 1171 virides
1536 1139 1713 1182 guttulae:

1195 1186 1279 1222 Non
1296 1194 1348 1223 est
1363 1186 1421 1222 hic
1436 1187 1551 1234 Nyssa
1572 1202 1652 1224 cum
1670 1188 1852 1237 nymphis.

1531 1271 1674 1321 [Epod
1682 1273 1765 1323 usn]

1196 1339 1433 1381 Bacchicum,
1460 1340 1675 1377 Bacchicum
1699 1357 1843 1379 carmen

1146 1392 1194 1426 70
1223 1391 1322 1426 Cano
1340 1393 1385 1426 ad
1400 1392 1577 1427 Venerem
1589 1420 1598 1434 ,

1197 1443 1317 1488 Quam
1335 1456 1510 1490 quaerens
1528 1445 1724 1480 volitabam

1198 1495 1287 1529 Cum
1303 1494 1463 1540 pulchris
1480 1495 1642 1531 Bacchis.

1197 1546 1229 1580 O
1247 1545 1375 1588 chare,
1404 1560 1424 1580 o
1440 1545 1545 1581 chare
1561 1546 1722 1590 Bacche,

1196 1598 1268 1632 Ubi
1283 1600 1379 1633 solus
1395 1599 1549 1634 versaris

1147 1649 1195 1685 75
1222 1650 1372 1685 Flavum
1391 1651 1603 1696 capillitium
1620 1651 1851 1687 concutiens?

1196 1703 1274 1748 Ego
1294 1709 1412 1737 autem
1426 1730 1435 1743 ,
1464 1710 1545 1737 tuus
1563 1703 1746 1744 minister,

1198 1755 1324 1789 Servio
1342 1753 1490 1800 Cyclopi

1197 1806 1384 1845 Unoculo‚

1197 1859 1327 1892 Servus
1345 1870 1468 1892 errans
1488 1871 1567 1892 curn
1586 1856 1654 1892 hac

1147 1913 1194 1947 80
1222 1910 1322 1944 Hirci
1338 1911 1467 1945 misera
1485 1911 1596 1955 pelle,
1624 1910 1700 1945 sine
1718 1916 1778 1944 tua
1796 1910 1967 1947 amicitia.

1196 1964 1262 1998 Sil.
1291 1963 1444 2003 Tacete,
1470 1963 1554 2003 filii,
1582 1963 1620 1996 in
1636 1973 1719 1997 saxa
1738 1969 1908 1998 excavata

1196 2015 1330 2059 Greges
1346 2014 1458 2048 servis
1474 2015 1639 2059 colligere
1655 2013 1786 2048 iubete.

1198 2067 1296 2101 chor.
1323 2064 1392 2104 Ite;
1421 2066 1481 2100 sed
1498 2079 1590 2113 quae
1608 2079 1665 2100 res
1681 2072 1714 2100 te
1733 2064 1842 2100 habet
1856 2067 2074 2103 sollicitum?

1145 2114 1194 2150 85
1222 2119 1289 2153 Sil.
1316 2117 1431 2151 Video
1450 2119 1496 2151 ad
1511 2119 1609 2153 littus
1623 2117 1793 2164 scapham
1809 2120 1910 2154 navis
1926 2120 2104 2162 Graecae,

1196 2168 1243 2203 Et
1258 2181 1443 2204 remorum
1459 2171 1627 2205 dominos
1644 2184 1723 2205 cum
1740 2172 1828 2205 duce
1845 2173 2005 2218 quodam

1194 2221 1387 2256 Venientes
1403 2223 1448 2255 ad
1466 2220 1535 2256 hoc
1556 2229 1719 2264 antrum,
1746 2222 1840 2256 circa
1859 2224 1991 2259 collum

1196 2272 1289 2308 Vasa
1304 2274 1457 2308 ferentes
1473 2286 1582 2308 vacua
1594 2301 1603 2315 ,
1633 2275 1702 2308 cibi
1719 2274 1918 2319 indigentes

1177 2412 1207 2439 6)
1228 2412 1354 2441 Reduco,
1374 2411 1476 2435 reduco
1494 2409 1619 2443 caprum]
1646 2411 1687 2435 sic
1709 2411 1900 2443 Editt.1558.‚
1934 2413 2007 2438 1562.
2029 2411 2076 2444 (=
2092 2415 2142 2439 Ed.

1215 2446 1297 2469 Basil.
1319 2442 1539 2478 1551.‚'Y71‹iym‚
1571 2443 1671 2478 ὑπάγω
1689 2445 1779 2478 κερ.);
1815 2447 1898 2473 Editt.
1918 2449 2021 2472 recent.
2036 2445 2141 2481 'Ynay'

1213 2474 1250 2509 ὦ,
1277 2477 1366 2512 Enay'
1390 2480 1411 2503 a}
1430 2487 1485 2511 κερ.
1509 2493 1534 2497 -
1563 2481 1648 2513 Redi,
1668 2482 1727 2505 redi
1746 2481 1836 2511 [Fix.:
1863 2482 1971 2507 Recede
1990 2488 2022 2514 o,
2042 2485 2140 2508 recede

1213 2517 1243 2543 o]
1264 2516 1387 2540 cornute.

1175 2567 1316 2632 ⁷)Qouas]
1345 2566 1386 2590 sic
1410 2566 1511 2596 scripsi
1543 2565 1591 2596 (=
1607 2567 1701 2598 Eurip.
1719 2563 1799 2599 “Ας);
1836 2566 1920 2593 Editt.
1941 2568 2032 2600 1⁵58„
2064 2570 2138 2595 1562.

1237 2606 1297 2627 uae.

1174 2653 1205 2682 8)
1225 2653 1382 2682 includens]
1402 2652 1442 2677 sic
1461 2653 1643 2685 Editt.1558.‚
1665 2654 1756 2685 1562.;
1782 2655 1882 2686 Barn.‚
1901 2656 2022 2687 Musgr.:
2048 2655 2138 2682 iutra-

1209 2688 1266 2719 bis;
1293 2688 1370 2714 Fun:
1396 2689 1532 2714 revertes.

1542 2721 1620 2758 56*
