2373 2980
99 75 173 111 817
431 57 439 67 '
552 71 672 106 cxvi
733 70 1132 107 mTERPRETATio
1167 69 1412 106 TROADUM
1444 68 1692 104 Eufflmms
2068 79 2139 113 313

137 162 171 196 Ο
189 161 251 207 qui
270 159 450 194 existimas
466 163 499 190 te
518 156 655 203 aliquid
671 158 922 202 magnifacere
934 159 1000 205 ³¹),
1110 171 1111 188 ι
1190 157 1271 191 'Non
1293 169 1445 191 numero
1471 162 1631 196 tantum,
1673 158 1732 190 sed
1765 164 1799 191 et
1820 157 2002 206 Phrygum
2036 175 2138 207 prae-

138 212 184 246 Et
200 224 256 245 me
273 216 453 244 mortuam
468 208 596 249 valles,
624 210 829 255 nudamque
847 210 994 244 eiectam
1109 248 1111 256 ⁴
1549 208 1795 243 stantissimos.

135 266 238 309 Aqua
257 262 369 295 fluens
386 272 499 305 prope
521 257 747 304 sepulchrum
766 260 887 306 sponsi
1108 257 1111 303 j
1188 258 1293 292 Nulla
1312 258 1470 291 Troiana
1490 270 1606 303 neque
1627 259 1762 293 Graeca
1780 273 1898 307 neque
1917 264 2069 297 barbara

87 313 161 350 450
188 313 335 348 Dabunt
350 312 471 346 bestiis
487 310 726 355 diripiendam
739 339 748 353 ,
783 324 840 346 me
859 312 1079 346 sacerdotem
1108 307 1110 316 ’
1188 309 1303 342 Mater
1322 309 1370 342 ita
1388 311 1430 342 de
1447 308 1566 343 liberis
1584 310 1730 353 gloriari
1748 319 1874 355 potest.

494 362 683 406 Apollinis.
1185 358 1267 393 Illos
1284 360 1414 394 liberos
1431 360 1504 392 vidi
1523 360 1746 402 interfectos,

133 415 166 450 Ο
191 427 346 449 coronae
372 412 572 448 charissimi
595 412 684 446 mihi
701 413 881 453 Deorum,
919 420 952 447 et
976 424 1079 445 orna·
1136 410 1208 444 480
1236 409 1282 442 Et
1297 411 1391 443 secui
1412 411 1558 454 capillos
1577 413 1620 444 ad
1640 414 1817 445 tumulum
1835 422 2083 454 mortuorum,

494 470 616 497 menta
639 465 782 498 fatidica
796 492 805 505 ‚
1182 460 1227 493 Et
1247 467 1382 504 patrem
1403 461 1587 494 Priamum
1605 475 1678 495 non
1696 464 1739 495 ab
1758 464 1836 497 aliis

134 517 275 556 Valete;
323 516 489 562 relinquo
520 515 626 555 festa,
669 517 797 562 quibus
829 522 931 548 antea
942 514 987 560 3ἓ)
1021 515 1080 547 de·
1183 512 1341 545 Audiens
1359 512 1503 549 deflevi3
1532 513 1592 545 sed
1610 510 1663 546 his
1683 514 1791 547 oculis
1812 515 1881 547 vidi

496 566 655 599 lectahar
1184 561 1410 596 lnterfectum
1429 564 1473 595 ad
1490 562 1664 596 Herceam
1687 576 1785 596 aram
1800 591 1808 604 ‚

133 618 310 653 Discedite
327 631 346 651 a
364 618 435 652 mei
451 617 613 661 corporis
629 617 962 657 dilacerationibus,
991 628 1078 661 quo·
1104 645 1107 669 3
1184 613 1227 646 Et
1253 614 1375 647 urbem
1406 614 1603 647 cadentem.
1658 615 1756 659 Quas
1783 627 1868 647 vero
1892 617 2037 649 educavi
2061 618 2130 651 vir-

497 668 597 701 niam
616 667 732 702 adhuc
750 681 828 703 sum
847 675 953 702 casta.
1105 679 1107 694 ³
1541 665 1639 708 gilles

133 722 189 754 Do
206 721 376 755 celeribus
393 720 488 754 auris
507 720 654 753 ferenda
671 718 778 759 haec,
814 731 904 764 quae
927 718 991 751 tibi
1020 729 1077 749 va-
1104 717 1107 757 ξ
1134 714 1207 751 485
1235 716 1290 747 Ad
1309 715 1498 758 dignitates
1514 728 1728 759 sponsorum
1750 717 1926 760 egregias,

498 770 644 803 ticinata
671 783 761 804 sum,
1104 759 1106 770 ¹
1182 767 1271 800 Aliis
1291 766 1460 810 educavi,
1484 773 1517 798 et
1533 779 1573 799 ex
1589 767 1753 800 manibus
1770 765 1858 800 mihi
1874 775 2014 812 ereptae
2032 776 2128 804 suut;

82 821 155 857 455
180 823 252 856 Ubi
271 828 321 856 est
337 821 438 855 navis
457 821 572 861 ducis,
599 820 661 853 ubi
680 826 821 866 oportet
843 833 900 853 me
923 831 1001 852 eam
1024 820 1076 851 in-
1103 818 1105 852 Ι
1182 817 1306 863 Neque
1326 829 1403 861 spes
1423 823 1491 857 est,
1521 820 1616 862 quod
1634 818 1761 851 abillis
1781 819 1902 852 videar
1915 846 1923 859 ‚

495 870 688 905 scendere?
1182 868 1305 914 Neque
1323 881 1387 912 ego
1407 868 1485 902 illas
1505 881 1663 914 unquam
1683 869 1811 902 videbo
1828 868 1976 914 posthac
1988 898 1995 909 ‚

130 925 213 959 Non
231 930 323 957 certe
340 922 488 957 evitabis
504 928 649 955 ventum
667 921 755 955 velis
772 928 959 966 expectans
971 948 979 961 ,
1103 934 1106 960 p
1181 919 1236 952 Ad
1257 926 1451 953 extremum
1471 920 1650 963 fastigium
1672 921 1851 954 malorum

131 976 229 1020 Quin
246 987 355 1009 unam
371 974 480 1007 trium
490 973 682 1007 Furiarum
695 985 735 1005 ex
747 971 813 1006 hac
831 985 886 1006 me
906 973 1076 1005 abductu—
1103 963 1105 997 ¹]
1132 971 1205 1007 490
1233 970 1308 1014 Ego
1326 971 1397 1003 iam
1417 983 1505 1004 anus
1521 972 1678 1004 abduc-or
1694 984 1793 1004 serva
1808 999 1816 1010 ,

490 1036 551 1057 rus
569 1024 615 1058 sis
630 1031 737 1057 terra.
1103 1039 1105 1066 3
1180 1021 1225 1053 Et
1245 1034 1335 1066 quae
1352 1028 1513 1055 senectae
1531 1029 1612 1055 sunt
1628 1023 1828 1055 miserrima

129 1076 215 1108 Vale
227 1102 234 1115 ‚
261 1082 393 1113 maten
417 1087 461 1107 ne
479 1072 699 1119 lachrymes,
727 1087 747 1107 o
767 1072 873 1107 chara
893 1074 1008 1118 patria
1022 1101 1030 1113 ‚
1103 1068 1105 1092 ¹
1181 1072 1244 1105 His
1261 1085 1316 1105 me
1336 1073 1552 1105 onerabunt:
1583 1080 1643 1106 aut
1661 1073 1827 1106 ancillam
1844 1074 2034 1105 ianuarum

128 1126 175 1161 Et
194 1139 213 1160 o
231 1127 358 1160 fratres
376 1125 510 1159 mortui
530 1132 564 1158 et
580 1138 600 1159 o
619 1132 740 1169 pater,
1103 1126 1105 1174 3
1183 1123 1306 1157 Claves
1322 1135 1461 1156 servare
1475 1150 1483 1162 ,
1511 1131 1661 1156 matrem
1680 1124 1844 1157 Hectoris
1857 1151 1865 1162 ‚

78 1179 153 1213 460
179 1178 287 1211 Brevi
304 1190 362 1210 me
383 1176 580 1220 excipietis,
617 1183 651 1209 et
674 1176 816 1208 veniam
847 1177 890 1207 ad
915 1181 1076 1208 mortuos
1102 1205 1105 1222 3
1180 1174 1253 1207 Aut
1270 1175 1429 1218 pinsere,
1459 1181 1492 1207 et
1510 1173 1611 1207 humi
1627 1181 1776 1208 stratum
1798 1173 1930 1207 habere

491 1227 635 1266 victrix,
1102 1229 1106 1256 ἱ
1132 1224 1205 1260 495
1234 1224 1287 1258 Ex
1303 1226 1408 1269 regiis
1425 1226 1542 1265 lectis,
1571 1238 1701 1270 rugoso
1722 1233 1821 1270 tergo
1834 1253 1842 1266 ,

130 1279 347 1323 Expugnans
373 1279 519 1311 domum
541 1277 772 1316 Atridarum,
815 1289 833 1310 a
863 1277 991 1322 quibus
1016 1289 1075 1321 pe-
1102 1286 1105 1300 2
1180 1276 1331 1310 Laceras
1348 1277 1509 1309 indutam
1529 1277 1620 1309 circa
1640 1285 1889 1322 consumptum
1909 1290 2037 1321 corpus

491 1328 617 1361 riimus
629 1355 638 1367 ‚
1180 1327 1345 1361 Lacinias
1362 1328 1534 1361 stolarum
1547 1355 1556 1368 ‚
1585 1340 1676 1373 quae
1694 1341 1768 1361 non
1784 1331 1910 1362 decent
1927 1329 2061 1364 beatas,

129 1382 227 1416 chor.
255 1379 347 1420 Vos,
373 1378 523 1411 ancillae
539 1378 726 1419 Hecubae,
754 1390 827 1411 non
842 1379 987 1418 w'detis,
1181 1379 1239 1411 Me
1256 1379 1440 1412 miseram:
1470 1385 1617 1423 propter
1636 1380 1778 1423 nuptias
1797 1380 1902 1413 unius

127 1431 234 1475 Quod
252 1428 337 1463 hera
355 1429 529 1462 exanimis
547 1429 640 1462 cadit
657 1429 693 1461 in
711 1429 890 1462 mortem?
1181 1430 1342 1463 Mulieris
1359 1431 1394 1462 in
1413 1430 1530 1475 qualia
1551 1431 1642 1463 mala
1662 1431 1769 1463 incidi
1789 1438 1823 1463 et
1839 1430 2019 1464 incidam?

125 1482 210 1516 Non
242 1479 459 1514 sustinebitis
483 1479 588 1513 eam?
628 1492 674 1513 an
696 1480 883 1514 dimittetis
905 1479 1010 1513 eam?
1054 1492 1074 1512 o
1129 1481 1204 1515 500
1232 1480 1264 1514 O
1284 1488 1321 1514 tu
1339 1482 1487 1513 attonita
1508 1481 1577 1514 filia
1597 1480 1695 1521 Diis,

491 1531 661 1575 ignavae,
1100 1523 1103 1532 ¹
1181 1532 1289 1577 Quali
1308 1533 1508 1565 calamitate
1524 1533 1661 1566 solvisti
1678 1539 1776 1566 tuam
1800 1533 1995 1566 castitatem
2009 1533 2024 1564 ’.Ρ

77 1582 150 1619 465
179 1583 298 1615 Anum
313 1582 448 1625 lapsam
466 1581 590 1626 erigite
606 1594 761 1616 rursum.
1100 1595 1102 1635 ξ
1180 1584 1327 1628 Tuque,
1356 1596 1375 1616 o
1394 1585 1520 1617 misera
1532 1611 1540 1624 ‚
1568 1584 1714 1617 ubinam
1735 1597 1789 1624 es,
1818 1584 2026 1629 Polyxena?

126 1637 206 1670 Hec.
233 1633 345 1667 Sinite
362 1644 418 1665 me
435 1630 525 1676 (non
549 1640 632 1666 sunt
642 1633 688 1679 33)
712 1640 809 1677 grata
823 1660 831 1673 ‚
860 1646 950 1678 quae
973 1640 1073 1666 erant
1100 1667 1103 1686 3
1178 1635 1227 1667 Ut
1242 1647 1357 1680 neque
1376 1648 1432 1668 me
1449 1635 1624 1675 mascula,
1652 1648 1768 1681 neque
1786 1636 1937 1668 feminea
1955 1636 2105 1674 soboles,

110 1731 113 1732 ⁷
484 1683 588 1729 olim)
665 1728 668 1730 -
1099 1687 1103 1727 ᾖ
1179 1686 1267 1719 Cum
1285 1687 1386 1719 multi
1404 1687 1553 1726 suerint,
1583 1687 1748 1720 miseram
1766 1685 1933 1732 iuvatffi).

59 1738 61 1740 ’
123 1737 241 1770 lacere
259 1736 469 1780 collapsam:
505 1734 612 1778 digna
628 1735 731 1779 lapsu
1099 1763 1102 1777 ,
1128 1736 1202 1771 505
1231 1737 1351 1782 Quare
1370 1750 1426 1771 me
1445 1737 1577 1782 erigitis
1590 1765 1598 1777 ,
1627 1750 1695 1783 qua
1713 1751 1772 1782 spe

125 1787 270 1826 Patior,
295 1799 398 1832 passa
416 1798 513 1826 sum,
541 1792 576 1818 et
594 1783 708 1819 adhuc
725 1797 870 1829 passura
890 1798 978 1819 sum.
1099 1782 1102 1809 ¹
1178 1789 1331 1822 Movetis
1349 1790 1538 1822 delicatum
1560 1791 1743 1834 quondam
1761 1791 1886 1833 pedem
1898 1816 1906 1831 ‚

127 1838 192 1879 „O
216 1838 295 1879 Dii,
331 1838 480 1882 ignavos
506 1836 649 1882 quidem
677 1837 909 1881 opitulatores
932 1849 994 1870 vos
1020 1838 1071 1869 in—
1098 1846 1101 1877 ι
1177 1840 1280 1873 Nunc
1313 1847 1433 1874 autem
1467 1840 1651 1880 servilem,
1694 1842 1737 1873 ad
1769 1847 1920 1874 stratum
1951 1838 2050 1872 humi
2074 1840 2124 1871 sa-

485 1900 574 1920 VOCO
586 1915 595 1927 ‚
1097 1918 1101 1957 3
1540 1898 1635 1925 ctum
1644 1891 1691 1937 36)
1703 1919 1711 1933 ,

75 1941 148 1976 470
178 1940 349 1980 „Tamen
382 1937 490 1972 habet
524 1939 678 1984 aliquem
714 1944 937 1983 praetextum
970 1939 1071 1972 invo-
1175 1942 1220 1975 Et
1236 1944 1280 1976 ad
1299 1955 1402 1976 saxea
1419 1943 1530 1976 fulcra
1549 1943 1692 1988 capitis,
1720 1949 1759 1976 ut
1776 1943 1873 1987 lapsa
1893 1954 2037 1987 peream

488 2002 567 2023 Cfll'e
584 1989 699 2029 Deos,
1174 1993 1386 2040 Lachrymis
1404 1995 1569 2028 arefacta.
1624 1995 1708 2035 „Ex
1726 1994 1886 2028 felicibus
1902 2006 2012 2039 porro

127 2042 314 2088 „Quando
334 2041 716 2086 aliquisinfldversam
734 2041 917 2074 fortunam
935 2041 1070 2074 incidit·
1125 2043 1199 2079 510
1242 2046 1461 2086 „Neminem
1497 2046 1693 2080 existimate
1729 2047 1872 2079 beatum
1910 2051 1991 2078 ante
2028 2055 2122 2076 mor-

125 2095 289 2127 Primum
308 2090 397 2125 mihi
415 2098 556 2136 gratum
574 2098 626 2126 est
643 2091 763 2137 eloqui
778 2092 871 2125 bona
884 2119 893 2131 ,
1536 2104 1606 2130 tem
1621 2097 1681 2142 ³5),

122 2146 173 2180 Ut
194 2145 367 2178 maiorem
394 2143 744 2177 commiserationem
768 2143 923 2177 inseram
948 2154 1071 2175 narra-

488 2195 579 2227 tioni
595 2195 638 2227 de
657 2195 771 2227 malis.

123 2248 272 2281 Fuimus
281 2246 328 2292 34)
345 2258 443 2290 reges
455 2272 464 2286 ‚
492 2252 526 2279 et
541 2246 579 2278 in
595 2245 730 2290 regiam
746 2247 893 2278 domum
911 2244 1034 2289 nupsi,

75 2297 150 2333 475
177 2298 250 2332 Ubi
266 2297 372 2342 genui
391 2297 715 2341 praestantissimos
730 2297 862 2330 liberos
1094 2305 1097 2322 u

1493 2170 1751 2218 [Stropha]

1177 2233 1272 2266 Chor.
1301 2231 1354 2265 De
1372 2230 1434 2264 Ilio
1455 2229 1564 2271 mihi,

1172 2282 1206 2316 O
1222 2283 1344 2323 Musa,
1372 2294 1504 2315 novam
1526 2281 1728 2314 cantionem

1173 2334 1269 2367 Cane
1284 2334 1322 2366 in
1336 2332 1527 2378 lachrymis
1539 2359 1548 2372 ,

1173 2385 1385 2418 Cantionem
1404 2383 1688 2417 convenientem.

1121 2434 1195 2470 515
1222 2436 1325 2470 Nunc
1342 2447 1486 2469 carmen
1504 2435 1546 2467 de
1564 2433 1675 2466 Troia
1694 2431 1830 2465 sonabo
1842 2458 1850 2471 ,

109 2444 156 2471 31)
175 2442 266 2473 magni
298 2441 419 2473 facere‚]
452 2443 536 2467 Eruet.
561 2443 664 2466 recent.
698 2442 745 2473 (z
769 2443 837 2466 text.
862 2440 917 2472 gr.)
951 2440 1067 2463 addunt:

145 2478 315 2501 Graecorum
333 2477 397 2500 dux.

109 2519 156 2551 ³2)
177 2521 271 2548 antea]
290 2520 339 2543 Ed.
357 2518 431 2542 1558.
451 2519 547 2542 mendo
566 2520 694 2549 typogra
720 2520 812 2544 anteo.

107 2563 155 2594 ³3)
175 2564 255 2592 sunt]
275 2563 315 2586 sic
332 2562 415 2586 Editt.
431 2562 523 2592 1558„
549 2562 645 2590 Barn.,
664 2563 786 2593 Musgr.;
820 2561 868 2585 Ed.
888 2561 961 2585 1562.
980 2560 1066 2583 male:

140 2603 208 2621 sum.

108 2641 157 2669 34)
176 2640 303 2668 Fuimus]
320 2639 360 2663 sic
378 2640 424 2667 c:
439 2638 533 2669 Eurip.
548 2632 649 2670 Ἦμεν)
669 2639 752 2663 editt.
764 2639 855 2669 1558.,
874 2639 971 2667 nam,
989 2637 1068 2661 Mus-

142 2681 238 2707 grav.;
261 2674 310 2698 Ed.
325 2674 400 2698 1562.
419 2673 560 2703 rugimus.

74 2719 257 2750 MELANTH.
281 2716 388 2747 Omni.
412 2715 498 2745 Vm,-
521 2715 647 2746 xvm.

1154 2546 1202 2578 ³5)
1220 2546 1310 2575 iuvat]
1329 2544 1370 2568 sic
1387 2543 1471 2567 Editt.
1492 2541 1568 2565 1558.
1587 2542 1613 2564 et
1631 2540 1764 2569 recentt.;
1789 2538 1838 2562 Ed.
1856 2537 1930 2561 1562.
1948 2537 2032 2561 iuvet.

1153 2590 1202 2618 36)
1221 2588 1294 2613 humi
1310 2587 1427 2615 factum]
1451 2585 1491 2609 sic
1509 2584 1559 2608 Ed.
1577 2583 1668 2613 155S.;
1703 2582 1752 2606 Ed.
1768 2581 1842 2605 1562.
1860 2579 1943 2604 humi.

1154 2632 1199 2663 37)
1218 2632 1250 2656 Η.
1271 2632 1290 2655 l.
1315 2631 1343 2654 in
1365 2629 1428 2653 iisd.
1452 2628 1469 2652 2
1487 2627 1569 2651 Editt.
1596 2628 1662 2650 nota
1686 2631 1790 2655 marga
1826 2623 1885 2646 Dici
1916 2624 2011 2646 beatus
2043 2624 2107 2647 ante

1188 2667 1290 2692 obitum
1308 2670 1386 2689 nemo
1405 2664 1493 2687 debet.

1500 2695 1548 2731 52
