2373 2980
90 87 167 121 889
536 88 693 124 LXVIII.
749 90 1151 130 INTERPRETATIO
1188 97 1417 133 CYCLOPIS
1453 100 1704 138 EURIPIDIS.
2072 111 2146 146 890

140 172 191 206 Ut
208 173 349 207 ebibere
366 174 511 208 calicem
528 187 668 220 possem
688 189 798 211 unum
809 204 819 219 ‚

140 224 313 258 Omnium
331 224 528 271 Cyclopum
548 228 671 261 darem
693 240 834 273 greges,

92 275 165 310 165
190 275 235 308 Et
248 275 464 320 proiicerem
483 278 521 311 in
540 291 640 313 mare
658 280 736 313 alba
755 292 773 313 a
789 287 888 325 petra
901 308 910 322 ‚

142 326 261 360 Semel
279 327 398 363 ebrius
416 335 450 362 et
465 331 650 365 remittens
666 332 866 376 supercilia.

1184 182 1413 231 [Cyclops‚
1442 188 1645 229 Silenus,
1678 190 1875 233 Ulysses,
1905 193 2104 242 Chorus]

1197 244 1287 287 Cycl.
1315 244 1410 289 Quid
1429 245 1576 280 luditis?
1603 244 1691 281 haec
1708 260 1782 282 non
1798 256 1880 284 sunt
1896 249 2027 285 Bacchi
2044 253 2144 294 festa,

1192 294 1274 328 Non
1291 296 1505 340 crepitacula
1525 310 1632 331 aenea
1646 326 1654 339 ‚
1689 306 1723 333 et
1744 307 2001 347 tympanorum
2025 305 2144 349 pulsa-

1559 355 1686 384 tiones.

140 377 344 423 Qu⁰¹¹3³m>
373 381 435 426 qui
451 381 670 440 bibensffmn
688 383 727 416 fit
745 381 881 424 hilaris,
909 384 1016 429 Plane
1035 385 1087 418 in·
1143 394 1218 431 205
1246 396 1440 442 Quomodo
1473 412 1509 433 se
1537 398 1671 434 habent
1694 403 1739 434 ad
1764 410 1867 438 antra
1892 417 2014 440 recens
2037 413 2142 439 natae

508 440 618 467 ⁵³⁰¹&
1558 452 1737 494 pecudes?

139 480 211 514 Ubi
229 488 280 516 est
297 488 432 516 rectum
452 483 606 528 erigere,

137 531 184 565 Et
202 531 431 577 prehensatio
448 535 599 569 uberum
611 563 620 576 ,
648 542 683 569 et
702 543 868 581 paratum

88 583 162 617 170
188 583 352 629 Tangere
370 586 536 621 manibus
556 594 699 631 pratum
712 614 721 628 ‚
748 594 782 621 et
801 600 879 622 cum
896 589 1087 623 saltatione

138 634 319 670 Malorum
340 638 499 672 cessatio.
551 637 691 672 Deinde
711 651 775 684 ego
794 641 983 674 osculabor

136 686 241 720 Hunc
259 694 383 732 potum
395 716 404 729 ‚
432 689 597 735 Cyclopis
615 690 801 724 stultitiam

136 737 287 772 Plorare
307 740 452 781 iubens,
481 747 514 774 et
532 741 673 774 oculum
694 742 793 775 illum
813 742 983 776 medium.

1194 499 1250 531 An
1264 499 1434 533 uberibus
1453 501 1619 534 admotae
1638 504 1746 536 sunt?
1775 518 1820 538 an
1837 507 1901 540 sub
1918 509 2043 543 matris

1194 550 1323 584 Latera
1342 551 1516 585 currunt?
1545 559 1579 585 et
1597 553 1632 585 in
1650 554 1783 589 iunceis
1800 558 1892 592 vasis

1195 602 1389 636 Multitudo
1410 615 1592 637 caseorum
1613 611 1681 645 est,
1710 618 1800 651 quos
1819 609 2034 644 emulsistis?

1193 654 1290 699 Quid
1309 654 1449 688 dicitis?
1478 667 1562 688 mox
1579 655 1707 702 aliquis
1727 665 1882 693 vestrum
1898 660 1995 704 ligno
2012 662 2100 697 ictus

1143 707 1219 742 210
1252 703 1473 750 Lachrymas
1493 706 1648 740 emittet:
1678 716 1834 752 spectate
1849 723 1990 745 sursum
2013 720 2046 746 et
2070 726 2145 747 non

1566 759 1747 794 deorsum.

1194 809 1260 842 Sil.
1284 807 1374 841 Ecce
1394 809 1438 840 ad
1455 807 1571 852 ipsum
1588 808 1709 844 lovem
1731 819 1931 856 spectamus
1943 841 1952 855 ,

1192 859 1240 892 Et
1258 866 1373 899 astra,
1400 860 1505 893 video
1526 860 1714 897 Orionem.

1194 912 1285 955 Cycl.
1313 911 1513 944 Prandium
1532 919 1630 946 estne
1647 914 1737 948 bene
1758 916 1953 960 paratum?

1192 964 1260 997 Sil.
1287 961 1370 1000 Est;
1398 963 1515 996 fauces
1531 965 1641 997 modo
1660 965 1731 999 sint
1747 974 1906 1011 paratae.

1140 1013 1216 1051 215
1246 1015 1336 1058 Cycl.
1363 1014 1421 1047 An
1438 1014 1528 1047 lacte
1546 1022 1628 1049 sunt
1646 1023 1798 1053 crateres
1815 1018 1939 1063 pleni?

1191 1068 1258 1101 Sil.
1288 1065 1336 1099 Ut
1355 1066 1497 1099 ebibere
1515 1067 1649 1111 possis,
1677 1068 1705 1102 si
1723 1069 1795 1111 vis,
1828 1076 1945 1104 totum
1962 1070 2111 1107 dolium.

1194 1118 1284 1162 Cycl.
1313 1117 1495 1150 Oviumne
1508 1144 1517 1157 ,
1545 1130 1591 1151 an
1607 1120 1716 1152 boum
1728 1147 1737 1160 ,
1773 1133 1820 1153 an
1835 1122 1986 1156 mixtum
1997 1121 2067 1169 ¹⁰)?

1192 1171 1258 1204 Sil.
1288 1168 1540 1214 Quodcunque
1558 1171 1668 1211 voles,
1693 1183 1737 1204 ne
1754 1185 1812 1206 me
1829 1175 1979 1207 devores
1992 1180 2144 1208 tantum.

1191 1222 1281 1266 cycl.
1310 1220 1481 1260 Minime,
1510 1221 1594 1266 quia
1613 1222 1651 1254 in
1668 1224 1787 1257 medio
1808 1232 1932 1258 ventre

1139 1274 1215 1309 220
1241 1272 1418 1305 Saltantes
1434 1284 1490 1305 me
1507 1274 1716 1317 perderetis.

1190 1324 1264 1367 Age
1282 1336 1390 1369 quam
1409 1325 1551 1357 turbam
1567 1325 1671 1358 video
1692 1327 1737 1359 ad
1753 1327 1920 1361 stabula?

1190 1376 1396 1409 Praedones
1411 1377 1558 1421 quidam
1579 1377 1789 1411 invaserunt
1804 1385 1866 1411 aut
1881 1380 1978 1413 fures
1994 1386 2143 1413 terram:

1190 1427 1304 1459 Video
1323 1425 1389 1460 hos
1405 1439 1516 1471 agnos
1533 1440 1574 1460 ex
1593 1429 1682 1462 meis
1699 1429 1847 1463 stabulis

1109 1518 1112 1527 Ι
1193 1478 1326 1522 Ligatis
1344 1478 1538 1512 viminibus
1557 1491 1708 1524 corpore
1724 1480 1873 1524 ligatos,

1137 1528 1214 1565 225
1241 1530 1287 1562 Et
1308 1542 1391 1563 vasa
1411 1531 1521 1565 caseis
1536 1531 1641 1575 plena
1655 1558 1664 1571 ‚
1693 1537 1727 1564 et
1744 1532 1820 1565 seni

1188 1581 1307 1626 Plagis
1323 1582 1479 1615 frontem
1497 1583 1634 1615 calvam
1651 1583 1875 1618 intumuisse.

1108 1673 1110 1678 Ι
1187 1635 1254 1668 Sil.
1283 1632 1362 1666 Heu
1378 1632 1486 1674 mihi,
1515 1634 1607 1667 male
1623 1632 1738 1667 habeo
1757 1636 1918 1679 pulsatus
1932 1635 2052 1669 miser.

1108 1680 1110 1708 ⁵
1190 1686 1279 1729 Cycl.
1307 1684 1339 1717 A
1353 1686 1453 1730 quo?
1482 1685 1562 1731 quis
1581 1692 1683 1719 tuum
1702 1693 1808 1731 caput
1826 1686 2026 1731 percussit?

1187 1739 1254 1771 Sit.
1272 1736 1327 1769 Ab
1345 1734 1412 1776 his,
1433 1737 1516 1783 quia
1535 1735 1623 1770 haec
1640 1750 1715 1770 non
1734 1738 1894 1771 sinebam
1911 1751 1969 1772 eos
1987 1738 2140 1772 auferre.

1135 1788 1210 1822 230
1240 1789 1330 1832 Cycl.
1358 1788 1440 1822 Non
1459 1789 1577 1823 sciunt
1600 1802 1657 1822 me
1674 1788 1791 1823 Deum
1818 1796 1853 1823 et
1874 1802 1892 1823 a
1910 1789 1989 1823 Diis
2012 1802 2140 1834 proge-

1555 1840 1698 1874 nitum?

134 790 252 830 Audi,
278 791 442 836 Ulysses‚
466 792 776 826 confabulabimur
791 793 1068 839 aliquantulum.

87 838 159 873 175
191 842 301 886 Ulyss.
322 843 447 876 Amice
466 856 544 877 cum
561 843 683 877 amicis
702 844 820 887 parati
833 857 956 880 sumus
971 857 1088 889 agere.

135 893 203 926 Sil,
232 893 383 937 Cepistis
399 894 547 927 Troiam
567 900 601 927 et
616 894 788 928 Helenam
807 896 985 940 captivam
997 896 1013 929 ?

139 944 250 987 Ulyss.
293 944 340 978 Et
374 952 487 978 totam
524 945 698 979 familiam
734 946 871 980 Priami
907 960 1086 993 expugna-

501 1009 630 1031 vimus.

134 1046 202 1079 Sil.
231 1045 379 1087 Nonne,
408 1054 599 1094 postquam
618 1049 847 1084 iuvenculam
865 1050 1025 1095 cepistis,

135 1095 270 1131 Omnes
289 1098 402 1143 ipsam
422 1099 588 1143 attigistis
606 1112 670 1143 per
686 1099 805 1134 vices?

84 1147 157 1180 180
183 1147 276 1192 Quia
294 1150 415 1183 multis
434 1151 630 1184 delectatur
648 1156 760 1194 nupta

132 1198 334 1240 Proditrix‚
362 1213 453 1246 quae
473 1213 596 1234 ocreas
611 1201 729 1235 varias

134 1249 234 1283 Circa
255 1263 358 1284 crura
375 1252 499 1286 videns
512 1279 520 1293 ‚
549 1259 583 1285 et
601 1264 749 1286 aureum

134 1301 318 1346 Torquem
337 1303 509 1337 ferentem
530 1304 568 1336 in
586 1304 705 1337 medio
725 1304 837 1344 collo,

133 1351 292 1386 lusanire
309 1355 446 1398 coepit,
473 1354 679 1388 Menelaum
698 1353 980 1389 homuncionem

84 1402 156 1437 185
184 1404 372 1448 Optimum
390 1407 572 1439 deserens:
600 1418 830 1452 nequaquam
850 1418 961 1450 genus

132 1454 327 1489 Mulierum
358 1463 484 1490 natum
517 1469 590 1490 esse
615 1459 824 1501 oportebat,
858 1470 967 1504 quam
994 1455 1084 1490 mihi

497 1508 575 1542 soli.
1110 1512 1112 1515 '

130 1557 219 1591 Ecce
238 1557 340 1592 vobis
355 1565 542 1602 pastorum
559 1560 711 1604 pecudes
724 1586 733 1601 ‚

129 1609 206 1643 Rex
233 1609 397 1655 Ulysses,
440 1622 518 1644 ecce
542 1611 741 1645 balantium
767 1623 943 1655 agnorum
968 1610 1081 1644 nutri-

494 1668 615 1695 menta
630 1689 639 1702 ‚

129 1710 175 1745 Et
193 1712 305 1756 pressi
322 1712 422 1746 lactis
440 1725 514 1745 non
531 1714 637 1758 pauci
654 1713 758 1747 casei.

81 1763 153 1797 190
179 1763 348 1804 Auferte,
375 1764 527 1798 secedite
543 1777 652 1810 quam
673 1764 856 1798 celerrime
874 1765 918 1798 ab
938 1770 1062 1804 antro,

127 1814 232 1848 Botri
250 1813 339 1848 mihi
358 1822 484 1860 potum
503 1817 629 1850 dantes
645 1814 823 1850 Bacchici.

131 1867 242 1910 Ulyss.
284 1866 364 1900 Heu
398 1866 507 1909 mihi,
545 1867 696 1913 Cyclops
732 1866 801 1901 huc
836 1866 955 1900 venit:
994 1867 1080 1913 quid
1107 1870 1108 1882 ¹

498 1919 668 1963 agemus?

127 1968 293 2003 Perimus
310 1969 405 2002 enim
418 1996 428 2009 ,
456 1982 476 2003 o
497 1983 623 2012 senex,
651 1984 723 2016 quo
742 1976 884 2014 oportet
900 1969 1046 2014 sugere?

127 2022 194 2054 Sil.
222 2019 319 2054 Intra
336 2019 429 2054 hanc
445 2028 583 2065 petram
596 2049 606 2063 ,
633 2023 695 2056 ubi
711 2022 858 2067 potestis
873 2021 997 2055 latere.

78 2070 151 2106 195
183 2073 292 2117 Ulyss.
327 2072 418 2105 Rem
442 2073 681 2117 periculosam
706 2074 825 2114 iubes,
872 2074 966 2106 inter
989 2073 1077 2106 retia

488 2125 622 2160 venire.

123 2177 192 2211 Sil.
220 2175 280 2210 Nil
296 2176 447 2220 periculi
463 2183 526 2217 est,
545 2183 629 2211 sunt
643 2176 747 2210 multi
762 2181 924 2219 receptus
942 2182 1077 2219 petrae.

128 2229 238 2272 Ulyss.
264 2227 522 2274 Nequaquam;
549 2241 635 2262 nam
656 2228 759 2262 valde
776 2227 889 2260 Troia
908 2234 1076 2271 gemeret,

123 2278 161 2312 Si
176 2281 378 2323 sugeremus
394 2292 506 2314 unum
523 2280 640 2314 virum
653 2307 662 2321 ,
691 2293 770 2314 cum
790 2291 962 2323 magnum
980 2291 1076 2313 exer-

484 2331 593 2365 citum

122 2378 306 2426 Phrygum
323 2382 552 2416 sustinuerim
570 2395 675 2428 saepe
694 2383 831 2429 clypeo.

71 2432 147 2467 200
175 2432 243 2473 „Si
267 2433 412 2479 quidem
434 2434 664 2470 moriendum
687 2442 757 2476 est,
794 2433 996 2467 moriamur
1018 2445 1075 2477 ge—

484 2498 632 2526 nerose3

123 2536 224 2576 „Aut
244 2535 403 2571 viventes
429 2537 601 2581 gloriam,
629 2550 737 2584 quam
757 2535 928 2572 hactenus
946 2535 1072 2571 habui-

1186 1892 1253 1924 Sil.
1281 1890 1366 1924 Dixi
1382 1904 1446 1935 ego
1466 1891 1552 1929 ista;
1578 1892 1630 1924 illi
1648 1899 1769 1926 tamen
1785 1893 1995 1926 auferebant
2010 1904 2084 1932 res,

1185 1941 1231 1975 Et
1254 1940 1349 1975 hunc
1374 1956 1535 1983 caseum,
1569 1956 1626 1977 me
1650 1956 1725 1977 non
1752 1946 1986 1985 concedente,
2023 1956 2138 1977 come-

1550 1995 1698 2037 derant,

1183 2044 1229 2078 Et
1248 2043 1313 2080 hos
1331 2058 1443 2090 agnos
1459 2046 1673 2086 efferebant;
1700 2047 1849 2091 ligantes
1869 2054 1988 2081 autem
2006 2053 2039 2079 te

1183 2097 1237 2130 Ad
1257 2098 1392 2142 lignum
1404 2097 1449 2143 ¹¹)
1467 2098 1682 2140 tricubitale,
1699 2099 1841 2133 oculum
1858 2105 1960 2132 tuum
1977 2098 2136 2132 medium

1131 2146 1208 2183 235
1234 2148 1281 2182 Et
1296 2149 1430 2183 viscera
1449 2149 1617 2183 dicebant
1633 2163 1668 2184 se
1687 2152 1912 2184 demessuros
1927 2162 2000 2184 esse
2017 2150 2074 2190 vi,

1183 2199 1229 2233 Et
1245 2200 1392 2245 flagellis
1409 2207 1511 2234 tuum
1530 2208 1668 2246 tergum
1687 2214 1919 2247 percussuros
1937 2214 2011 2236 esse
2022 2228 2031 2242 ‚

1181 2251 1229 2284 Et
1244 2252 1373 2286 deinde
1393 2259 1426 2285 te
1444 2252 1593 2297 ligantes
1610 2254 1704 2287 inter
1720 2253 1817 2297 ligna

1184 2303 1293 2338 Navis
1311 2310 1504 2349 ponentes,
1533 2305 1743 2338 vendituros
1760 2317 1834 2338 esse
1853 2303 1979 2344 alicui,

1180 2355 1230 2388 Ut
1243 2368 1327 2389 saxa
1345 2357 1457 2395 seras,
1485 2363 1546 2389 aut
1565 2363 1605 2389 ut
1622 2356 1668 2390 sis
1686 2362 1803 2391 custos
1817 2356 1959 2389 ianuae.

1128 2407 1204 2442 240
1234 2409 1323 2452 Cycl.
1364 2405 1518 2441 Pulchre
1552 2407 1683 2442 dixisti.
1747 2407 1831 2442 Non
1855 2406 1965 2451 igitur
1995 2407 2132 2451 gladios

1544 2472 1653 2506 quam
1674 2459 1858 2492 celerrime
1876 2459 2010 2492 vadens

1162 2562 1209 2588 10)
1228 2567 1262 2584 an
1283 2558 1435 2589 mixtunse]
1461 2561 1501 2584 sic
1519 2562 1569 2589 (z
1589 2562 1656 2586 text.
1675 2562 1732 2593 gr.)
1751 2562 1836 2586 Editt.
1852 2561 1928 2586 1558.
1949 2562 1975 2584 et
1994 2560 2129 2590 recentt.;

484 2602 583 2630 mus,
610 2590 856 2624 retinebimus.
1194 2596 1243 2620 Ed.
1262 2596 1336 2620 1562.
1355 2593 1527 2620 admixtum?

119 2640 186 2674 Sil·
221 2638 275 2675 Ne
298 2640 430 2685 fugias.
473 2639 600 2675 exhibe
623 2642 765 2676 vinum.
834 2653 900 2675 uae
926 2647 977 2675 est
1001 2639 1067 2674 ista
1160 2639 1206 2669 11)
1226 2639 1344 2670 lignum]
1369 2639 1429 2662 huic
1454 2639 1516 2662 voci
1540 2639 1567 2662 in
1594 2646 1681 2670 marg.
1703 2639 1897 2676 Editt51558„
1921 2638 1994 2661 1562.
2021 2637 2128 2676 adiecta

424 2666 431 2680 '
481 2692 650 2737 ignavia?
760 2669 766 2675 “
808 2655 831 2687 q
1193 2672 1582 2737 {sttticagipgrtsstgosshxdassoady‚
1607 2672 1757 2700 truncus.⁷⁷
1787 2674 1880 2704 [Apud
1906 2672 1998 2702 Eurip.
2025 2672 2128 2703 legitur

637 2721 643 2726 .
1447 2732 1454 2741 Δ
1481 2720 1490 2735 5
1512 2727 1516 2732 .
