2373 2980
224 125 296 163 10⁷

222 217 391 255 perpetua
410 208 671 242 conflictantem
693 211 727 238 et
748 204 842 237 vitae
863 203 994 237 brevis.
1055 201 1211 247 Quando

220 262 403 306 utriusque
427 258 639 293 conditionis
664 256 829 300 planetae
853 255 899 288 ad
923 253 1023 298 signa
1051 252 1209 298 prolifica

220 313 394 346 rationem
412 309 542 343 babent
560 308 731 352 aliquam,
758 305 1001 350 significantur
1018 303 1212 348 promisso-

220 376 298 397 rum
315 363 509 395 liberorum
529 359 670 398 enixus,
699 363 761 392 aut
783 356 964 395 omnium,
996 361 1058 388 aut
1081 354 1211 387 multo-

220 427 319 451 rum,
348 419 408 445 aut
425 421 641 455 paucorum,
669 414 776 453 prout
799 405 904 441 huius
929 406 1067 440 illiusve
1090 404 1211 437 condi-

218 464 324 497 tionis
347 462 509 506 planetae
535 460 589 493 vel
613 460 732 504 plures
755 470 927 497 numero,
954 457 1009 490 vel
1032 455 1211 494 fortiores,

218 515 272 547 vel
289 512 556 550 orientaliores,
582 511 637 543 vel
653 510 690 543 in
713 509 917 543 cardinibus
943 507 1050 552 positi
1071 505 1210 549 dignio-

217 566 333 603 ribus,
362 569 422 596 aut
439 561 706 596 succedentibus
724 559 934 599 domiciliis,
960 564 1022 591 aut
1044 556 1127 590 elati
1152 568 1209 589 su-

217 629 279 660 pra
300 620 457 648 caeteros
477 613 622 646 fuerint.

318 665 355 699 Si
375 664 482 708 igitur
499 664 682 708 planetae,
709 661 769 707 qui
785 658 952 705 prolificis
976 656 1209 690 dominantur

216 716 337 761 signis,
365 715 555 748 orientales
569 713 713 752 suerint,
740 713 876 744 donant
890 710 1032 742 liberos.
1070 706 1108 739 Si
1125 712 1209 739 tunc

217 778 360 813 quoque
382 766 419 798 in
448 764 556 809 signis
587 763 742 808 propriis
771 760 970 798 haeserint,
1012 756 1209 790 claritatem

215 818 285 852 illis
303 824 336 851 et
355 817 489 850 illustre
505 827 637 848 nomen
654 814 864 856 adiungunt.
920 811 969 843 At
991 808 1021 842 si
1046 807 1209 841 occiden-

217 869 304 902 tales
320 867 472 906 fuerint,
499 872 561 899 aut
576 865 612 897 in
627 865 704 898 loca
721 863 857 895 alienae
886 858 1101 893 conditionis
1125 870 1210 891 con-

218 919 322 959 clusi,
376 918 530 951 abiectos
565 922 599 949 et
634 915 803 949 obscuros
842 912 972 945 liberos
1010 909 1208 953 designant.

218 971 325 1016 Quod
352 969 381 1003 si
411 967 612 1010 horoscopo
645 963 874 1008 congruerint
908 968 943 995 et
974 961 1068 1005 parti
1096 961 1209 993 fortu-

218 1033 306 1060 nae,
349 1025 454 1053 eruut
476 1017 578 1051 liberi
602 1017 639 1049 in
661 1027 781 1048 amore
805 1018 1016 1058 parentum,
1056 1010 1209 1050 venusti,

218 1084 297 1106 suas
307 1083 341 1104 es
352 1097 362 1111 ‚
389 1076 422 1103 et
439 1067 656 1102 haereditate
671 1079 690 1099 a
705 1064 912 1110 parentibus
930 1062 1052 1096 relicta
1069 1061 1209 1106 potien-

218 1130 287 1156 tur.
339 1121 402 1155 Sin
420 1118 648 1154 dissenserint
663 1117 706 1149 ab
728 1116 874 1155 iisdem,
908 1119 970 1148 aut
994 1125 1035 1146 ex
1059 1113 1208 1146 adverso

218 1172 460 1211 constiterint,
486 1169 700 1203 contendent
719 1166 822 1200 liberi
839 1172 873 1198 et
894 1165 1090 1199 simultates
1113 1175 1209 1196 exer-

219 1225 347 1258 cebunt
364 1235 443 1256 cum
460 1220 688 1265 parentibus,
712 1218 893 1251 nocebunt
908 1216 957 1249 eis
968 1241 978 1255 ,
1004 1227 1069 1247 nec
1085 1226 1208 1248 conse-

219 1281 373 1321 quentur
389 1273 442 1306 ius
458 1269 699 1304 haereditatis.
744 1269 801 1302 Sic
815 1280 894 1301 cum
913 1279 948 1301 se
965 1265 1117 1298 invicem
1135 1265 1210 1309 pla-

217 1332 320 1359 netae
336 1323 447 1358 radiis
463 1321 585 1355 amicis
602 1320 906 1364 complectuntur,
937 1317 1130 1350 concordes
1147 1316 1210 1348 tri-

217 1377 333 1410 buunt
357 1375 507 1413 liberos,
548 1379 582 1406 et
617 1372 710 1404 inter
735 1383 795 1404 eos
820 1370 979 1402 fraterno
1004 1379 1126 1400 amore
1151 1367 1210 1399 de-

220 1427 356 1460 vinctos
368 1452 377 1465 ‚
404 1437 443 1458 ac
460 1423 592 1457 mutuis
609 1429 643 1456 et
661 1420 859 1455 coniunctis
878 1418 995 1463 operis
1012 1424 1117 1463 atque
1135 1417 1210 1450 offi-

219 1478 301 1518 ciis,
342 1481 488 1510 tuentur
511 1480 545 1507 et
569 1477 782 1507 conservant
803 1469 964 1505 stabilem
996 1467 1210 1501 benevolen-

219 1529 319 1562 tiam.
372 1526 462 1560 Cum
477 1524 668 1564 dissident,
696 1528 758 1556 aut
777 1520 950 1565 oppositis
975 1531 1010 1553 se
1037 1531 1077 1551 ac
1097 1516 1210 1552 hosti-

219 1580 311 1613 libus
328 1578 505 1621 impetunt
520 1574 629 1608 radiis
641 1600 650 1614 ,
678 1573 767 1607 odiis
781 1571 912 1606 mutuis
929 1577 962 1603 et
976 1570 1094 1604 studio
1115 1569 1212 1602 alen-

220 1631 348 1664 darum
378 1626 646 1660 inimicitiarum
679 1631 784 1670 atque
807 1621 1000 1656 insidiandi
1030 1619 1098 1654 sibi
1121 1619 1212 1653 invi-

222 1693 296 1714 cem
326 1680 456 1712 liberos
487 1677 692 1710 incendunt.
763 1674 865 1718 Quae
895 1671 1089 1705 minutiora
1118 1676 1212 1709 sunt,

222 1731 372 1766 scrutari
391 1736 424 1762 et
442 1740 564 1762 eruere
579 1726 757 1772 quispiam
775 1723 980 1768 singillatim
999 1721 1150 1766 poterit,
1183 1721 1212 1754 si

222 1781 463 1824 horoscopum
489 1776 717 1822 assumpserit
740 1775 893 1809 cuiusvis
923 1774 1109 1819 planetae,
1151 1771 1213 1817 qui

223 1833 353 1866 liberos
370 1830 576 1875 pollicetur,
602 1834 708 1874 atque
725 1839 766 1860 ex
786 1826 924 1871 reliquo
945 1822 1122 1858 schemate
1138 1835 1213 1856 non

223 1895 322 1918 secus
339 1888 444 1927 atque
461 1893 501 1913 ex
524 1878 678 1912 themate
701 1889 867 1921 geneseos
890 1875 1090 1920 generalem
1114 1874 1214 1908 insti-

223 1934 333 1968 tuerit
346 1930 681 1966 considerationem.

494 2017 547 2049 De
573 2015 694 2048 amicis
719 2017 751 2046 et
778 2013 939 2046 inimicis.

328 2082 514 2118 Amicitias
530 2088 564 2115 et
577 2080 780 2114 inimicitias
796 2078 948 2112 maiores
968 2083 1002 2111 et
1022 2075 1216 2110 durabilio-

227 2149 284 2171 res
310 2147 478 2169 vocamus
502 2139 713 2167 naturarum
730 2130 933 2165 societatem
953 2135 987 2162 et
1002 2127 1096 2161 odia.
1148 2126 1217 2159 Mi-

228 2200 335 2222 nores
364 2198 450 2219 vero
480 2191 514 2218 et
543 2183 725 2217 breviores
760 2192 928 2214 vocamus
957 2178 1217 2212 familiaritates

229 2245 264 2272 et
289 2238 378 2271 lites.
443 2235 542 2269 Talis
567 2240 684 2268 autem
715 2232 781 2266 erit
804 2229 931 2265 harum
956 2242 1074 2263 rerum
1105 2229 1218 2262 consi-

229 2288 381 2324 dei-atio.

333 2338 386 2371 De
411 2336 610 2381 praecipuis
635 2334 746 2368 causis
774 2339 918 2366 mutuae
951 2330 1219 2364 benevolentiae

231 2397 293 2424 aut
322 2388 548 2423 dissidiorum
583 2386 850 2420 considerentur
886 2383 963 2416 loca
997 2381 1219 2414 dominantia

232 2441 270 2474 in
287 2440 493 2478 nativitate,
521 2439 617 2471 locus
635 2437 744 2477 Solis,
771 2435 914 2474 Lunae,
941 2431 1160 2475 horoscopus
1186 2439 1219 2465 et

231 2503 316 2536 pars
332 2492 506 2523 fortunae.
558 2488 646 2522 Cum
665 2488 759 2521 enim
784 2492 866 2521 sunt
889 2485 927 2517 in
951 2483 1058 2528 signis
1082 2483 1219 2524 iisdem,

232 2548 295 2576 aut
309 2540 537 2586 permutatis,
562 2551 622 2572 seu
641 2550 783 2577 omnes,
810 2550 871 2571 seu
888 2535 1052 2580 plurimi,
1085 2541 1119 2568 et
1145 2547 1219 2567 ma-

233 2593 326 2627 xime
345 2605 424 2626 cum
443 2591 670 2625 ascendentes
686 2589 817 2622 distant
832 2586 1080 2632 septemdecim
1104 2586 1219 2630 gradi·

231 2645 316 2684 bus,
343 2649 447 2677 erunt
463 2649 670 2675 naturarum
690 2640 873 2673 societates
896 2639 1039 2677 firmae,
1073 2637 1219 2671 indisso-

234 2695 358 2728 lubiles
370 2721 377 2732 ,
406 2701 439 2727 et
456 2694 491 2727 in
508 2694 635 2739 quibus
653 2692 768 2725 nullae
785 2690 949 2723 accidunt
965 2689 1128 2722 iniuriae.

800 117 924 154 PHIL.
957 115 1071 151 MEL.
1105 112 1308 150 SCRIPTA
1345 108 1684 149 PHILOLOGICA.

1239 2017 1243 2091 l

2188 111 2261 147 108

1369 197 1440 232 Sed
1455 196 1486 231 si
1501 196 1555 231 illi
1569 203 1653 232 sunt
1667 196 1703 229 in
1726 195 1812 230 locis
1835 196 1934 230 nullo
1959 196 2051 230 inter
2074 208 2110 230 se
2134 197 2260 242 adspe-

1265 255 1324 283 ctu
1347 248 1521 293 copulatis
1543 254 1606 282 aut
1632 246 1825 291 oppositis,
1863 254 1968 281 erunt
1992 247 2200 282 inimicitiae
2225 254 2260 281 et

1264 299 1410 334 dissidia
1431 298 1614 332 diuturna.

1366 349 1405 383 Si
1419 348 1537 383 neutri
1552 348 1624 383 sint
1641 346 1796 391 positus,
1828 359 1918 392 quos
1935 348 2026 390 dixi,
2061 350 2116 383 vel
2137 349 2259 383 amici-

1264 400 1350 433 tiam
1379 400 1435 433 vel
1459 398 1684 432 inimicitiam
1708 397 1966 442 significantes,
2008 401 2070 434 sed
2101 400 2173 434 sint
2195 401 2259 434 ad—

1263 456 1402 495 spectus
1418 456 1459 483 ut
1474 449 1608 494 trigoni
1625 454 1687 482 aut
1701 446 1891 492 hexagoni,
1913 451 2161 484 benevolentia
2179 452 2259 492 erit,

1263 502 1324 535 sed
1340 500 1473 534 minor.
1527 499 1704 545 Quadrati
1729 511 1813 532 vero
1837 499 1974 534 faciunt
1996 502 2138 535 minora
2163 502 2259 543 odia,

1262 558 1303 584 ut
1327 550 1482 584 existunt
1506 549 1600 583 inter
1632 550 1765 584 amicos
1795 550 1992 585 simultates
2026 559 2060 586 et
2091 553 2258 598 querelae

1263 607 1367 641 tunc,
1393 613 1473 634 cum
1501 601 1684 634 maleficae
1701 600 1822 635 stellae
1847 602 1892 634 ad
1915 614 1955 635 ea
1979 602 2055 637 loca
2081 603 2258 646 venerint,

1263 663 1354 697 quae
1372 651 1546 686 amicitias
1563 651 1774 696 significant.

1365 701 1503 736 Rursus
1529 714 1614 735 vero
1645 701 1739 735 inter
1770 701 1934 737 inimicos
1960 703 2121 738 inducias
2145 709 2182 737 et
2201 715 2258 738 re·-

1263 752 1532 786 conciliationes
1544 778 1554 792 ,
1581 765 1662 786 cum
1679 752 1766 786 boni
1780 754 1966 797 adspectus
1983 753 2184 789 incurrunt.

1364 803 1562 848 Postquam
1590 809 1710 837 autem
1739 803 1807 836 tria
1829 810 1913 837 sunt
1936 804 2175 839 amicitiarum
2200 817 2258 850 ge-

1262 865 1369 892 nera;
1411 860 1473 887 aut
1497 854 1592 887 enim
1618 854 1884 898 coniunguntur
1904 852 2069 889 homines
2095 856 2258 897 consilio,

1263 910 1325 937 aut
1347 910 1496 948 propter
1520 905 1730 946 utilitatem,
1769 911 1831 938 aut
1860 911 2008 950 propter
2035 905 2258 951 voluptatem

1263 960 1298 988 et
1320 955 1501 988 dolorem:
1544 962 1763 989 concurrunt
1790 955 1899 999 igitur
1925 956 1964 989 in
1989 956 2146 990 amicitia
2169 955 2258 991 haec

1263 1005 1350 1046 tria,
1383 1017 1463 1039 cum
1488 1018 1612 1040 omnes
1635 1006 1789 1051 positus,
1823 1013 1885 1040 aut
1909 1007 2050 1052 plures,
2090 1007 2140 1041 ita
2163 1007 2258 1042 inter

1262 1068 1298 1090 se
1317 1063 1530 1100 congruunt.
1582 1056 1720 1091 Rursus
1735 1056 1942 1091 inimicitiae
1965 1064 2071 1092 erunt
2093 1059 2257 1093 omnium

1263 1119 1433 1151 generum
1446 1133 1456 1147 ,
1480 1120 1560 1141 cum
1578 1120 1724 1152 prorsus
1739 1119 1813 1141 non
1830 1115 2032 1152 congruunt
2047 1110 2196 1154 positus.

1367 1157 1457 1191 Cum
1479 1170 1564 1191 vero
1589 1159 1726 1192 lumina
1748 1165 1971 1203 congruunt,
2008 1160 2076 1194 erit
2099 1159 2257 1194 amicitia

1263 1208 1430 1242 adiuncta
1455 1208 1603 1242 consilio
1631 1209 1767 1253 optima
1791 1215 1827 1242 et
1849 1209 2042 1249 tutissima;
2084 1217 2148 1245 aut
2176 1223 2259 1245 cum

1263 1271 1338 1292 non
1364 1266 1586 1303 congruunt,
1628 1260 1695 1293 erit
1718 1259 1883 1304 {amicitia
1906 1260 2057 1304 pessima
2080 1267 2116 1294 et
2135 1261 2259 1296 infida.

1264 1309 1354 1344 Cum
1380 1322 1464 1354 pars
1485 1311 1650 1344 fortunae
1674 1310 1858 1354 congruit,
1899 1311 1967 1344 erit
1994 1311 2151 1345 amicitia
2174 1323 2259 1345 con-

1263 1366 1377 1393 tracta
1393 1360 1556 1394 utilitatis
1573 1372 1690 1395 causa.
1742 1360 1831 1394 Cum
1852 1373 1938 1394 vero
1960 1363 2152 1396 ascendens
2174 1374 2259 1396 con-

1263 1411 1378 1455 gruit,
1404 1410 1472 1444 erit
1486 1411 1641 1444 amicitia
1661 1411 1855 1456 voluptatis
1873 1423 1978 1445 causa
1995 1418 2189 1447 contracta.

1365 1469 1610 1503 conserendae
1635 1476 1753 1504 autem
1777 1476 1860 1504 sunt
1883 1482 2026 1514 geneses
2060 1472 2106 1504 ad
2136 1471 2260 1504 viden-

1264 1521 1363 1561 dum,
1386 1520 1425 1553 in
1441 1527 1521 1554 utra
1537 1520 1608 1554 sint
1624 1521 1767 1554 exaltati
1782 1521 1960 1565 planetae,
1988 1528 2022 1555 et
2039 1522 2077 1554 in
2097 1528 2179 1556 utra
2197 1521 2259 1554 alii

1265 1571 1353 1605 alios
1369 1571 1589 1606 intueantur.

1366 1629 1407 1663 In
1431 1642 1501 1675 qua
1534 1629 1643 1674 igitur
1673 1629 1740 1663 erit
1773 1629 1963 1670 exaltatio,
2007 1637 2070 1664 aut
2100 1631 2131 1665 si
2162 1630 2258 1664 idem

1265 1681 1405 1725 signum
1422 1681 1584 1725 proxime
1602 1681 1669 1713 erit
1684 1681 1893 1720 succedens,
1921 1680 1957 1714 id
1981 1681 2177 1715 amicitiam
2202 1682 2261 1715 vel

1266 1731 1489 1765 inimicitiam
1506 1731 1660 1765 maxime
1676 1737 1785 1775 reget.
1846 1731 1918 1764 Ubi
1942 1738 2060 1765 autem
2086 1732 2148 1765 alii
2170 1732 2261 1767 alios

1265 1783 1413 1816 feliciter
1449 1782 1668 1827 adspiciunt,
1720 1783 1765 1815 ad
1798 1782 2068 1816 beneficentiam
2102 1783 2260 1816 amicitia

1267 1834 1334 1867 erit
1352 1833 1493 1874 utilior,
1527 1840 1560 1866 et
1582 1833 1627 1866 ad
1650 1832 1878 1877 corrigendas
1901 1833 2098 1868 simultates
2121 1846 2262 1868 accom-

1267 1884 1460 1919 modatior.

1370 1942 1410 1977 ln
1427 1942 1551 1978 subitis
1568 1953 1653 1976 vero
1677 1942 1980 1976 familiaritatibus
2006 1949 2040 1976 et
2062 1942 2262 1984 discordiis,

1268 2000 1386 2029 motus
1404 1995 1628 2039 planetarum
1646 1994 1683 2026 in
1699 1999 1850 2038 utraque
1867 1993 1986 2037 genesi
2011 1993 2262 2028 considerandi

1269 2052 1370 2086 sunt,
1410 2043 1478 2078 hoc
1503 2050 1573 2084 est,
1617 2045 1761 2089 quando
1785 2051 2001 2088 prorogator
2025 2045 2199 2089 temporis
2223 2045 2263 2078 in

1269 2108 1360 2136 una,
1395 2095 1493 2129 venit
1515 2096 1560 2128 ad
1582 2101 1855 2139 prorogatorem
1879 2095 2051 2140 temporis
2075 2095 2114 2128 in
2138 2096 2263 2130 altera.

1270 2147 1321 2181 lta
1338 2147 1432 2180 enim
1447 2147 1537 2180 fiunt
1553 2145 1678 2179 breves
1695 2145 1871 2178 amicitiae
1888 2152 1922 2179 et
1943 2147 2111 2180 durantes
2135 2146 2262 2191 exiguo

1271 2206 1451 2242 tempore,
1479 2208 1590 2241 usque
1605 2197 1650 2229 ad
1668 2196 1949 2232 dissolutionem.
2008 2196 2152 2232 Diutius
2175 2209 2262 2232 vero

1272 2252 1420 2289 durant,
1447 2247 1475 2281 si
1491 2248 1634 2280 accedat
1649 2247 1775 2293 aliquis
1791 2248 1934 2292 planeta
1950 2249 2152 2283 succedens.

1374 2307 1463 2341 Cum
1479 2306 1587 2350 igitur
1602 2305 1774 2340 Saturnus
1791 2313 1824 2340 et
1837 2305 1971 2351 Iupiter
1987 2307 2036 2341 ita
2054 2312 2264 2352 congruent,

1273 2366 1313 2394 ut
1328 2359 1417 2392 alter
1432 2359 1477 2391 ad
1493 2356 1637 2390 alterius
1654 2357 1730 2390 loca
1745 2358 1950 2402 perveniat,
1977 2359 2113 2393 faciunt
2141 2358 2264 2392 amici-

1273 2411 1339 2444 tias
1356 2416 1417 2444 aut
1437 2408 1549 2442 civilis
1564 2408 1701 2442 consilii
1717 2409 1902 2451 societate,
1930 2416 1991 2444 aut
2006 2416 2155 2455 propter
2171 2409 2263 2454 agri-

1274 2463 1446 2496 culturam
1459 2487 1468 2501 ,
1496 2466 1556 2493 aut
1573 2457 1842 2495 haereditatem.

1375 2521 1549 2554 Saturnus
1582 2525 1616 2552 et
1639 2519 1737 2553 Mars
1771 2520 1969 2565 significant
1990 2532 2126 2565 pugnas
2149 2526 2184 2553 et
2208 2519 2262 2553 in-

1273 2572 1379 2608 sidias
1400 2570 1560 2605 consulto
1577 2569 1777 2605 instructas.

1374 2631 1548 2665 Saturnus
1573 2635 1607 2662 et
1628 2628 1768 2671 Venus,
1805 2630 2091 2664 coniunctionem
2116 2637 2263 2676 propter

1273 2689 1440 2728 cognatas
1458 2692 1628 2726 personas
1640 2708 1649 2722 ,
1676 2683 1736 2717 sed
1754 2694 1844 2727 quae
1863 2682 1932 2716 cito
1948 2682 2113 2727 frigescit.
