2373 2980
138 74 212 112 125
374 73 529 108 XLVIII.

136 161 228 195 belle
251 159 436 193 rideantur
459 159 508 190 illi
540 159 607 203 ipsi
635 171 653 192 a
680 157 873 193 Plutarcho
905 159 945 194 ἐν
967 162 1021 206 τῷ
1045 157 1127 205 περὶ

139 210 287 247 παίδων
310 209 512 258 ἂγωγῆςὸ).
566 210 673 243 Ratio
703 223 808 250 vero,
836 223 904 256 qua
939 211 1125 244 involucra

139 264 198 295 illa
236 261 471 305 explicamus,
508 259 724 308 μυθολογία
755 262 904 301 dicitur,
943 274 1054 307 quae,
1087 267 1127 294 ut

139 313 259 346 variae
284 324 340 345 res
365 324 383 344 a
409 312 523 355 poetis
547 319 719 356 aguntur,
743 313 928 356 multiplex
953 319 1023 352 est,
1056 312 1124 344 alia

140 365 183 396 ad
209 369 360 396 naturae
393 363 575 395 scientiam
600 361 662 397 καὶ
686 361 952 411 φυσιολογίαν,
983 363 1050 395 alia
1081 364 1126 395 ad

138 413 325 448 historiam
358 426 477 446 rerum
504 420 680 457 gestarum
706 414 879 456 pertinet,
912 415 977 446 alia
1008 426 1126 446 mores

137 466 282 498 format.
352 464 469 509 Atque
507 466 595 496 adeo
636 463 741 497 libuit
779 463 867 497 haec
908 465 1127 509 sapientibus

138 517 322 561 quondam
353 514 559 548 hominibus
587 520 741 547 tractare
772 515 919 554 sabulis,
952 522 992 548 ut
1013 515 1128 548 Maxi-

138 579 218 600 mus
229 566 360 610 Tyrius
379 566 507 610 inquit,
525 578 602 598 cum
621 566 666 598 ob
684 566 871 611 plerasque
887 578 1009 599 causas
1028 566 1127 604 alias,

138 624 214 651 tum
238 618 283 649 ob
307 615 398 649 hanc
422 616 669 660 potissimum,
695 618 790 660 quod
812 618 1039 664 χειραγωγεῖ
1060 614 1129 659 τήν

137 666 266 713 ψυχὴν
281 667 407 712 μῦθος
431 666 489 701 ἐπὶ
515 665 557 701 τὸ
574 664 845 710 θαυμάζεσθαι
868 667 931 701 καὶ
956 665 1127 712 ζητεῒνΊ).

139 719 260 763 Quare
286 718 417 761 opinor
440 730 457 750 a
474 715 669 751 Plutarcho
687 719 873 750 commode
891 718 1023 751 dictuin
1043 730 1129 757 esse,

137 768 180 804 τὸ
188 768 307 817 γλυκὺ
316 771 393 802 τῶν
409 765 626 813 ποιημάτων
645 767 713 802 οὐκ
723 766 958 815 ἀφιλόσοφον
973 767 1129 815 εἶναιῆ),

140 826 174 853 et
201 820 362 863 apposite
391 818 636 864 Horatius7¹³):

243 878 340 907 Omne
364 878 429 906 tulit
451 884 608 915 puuctum,
631 878 681 915 qui
705 878 817 906 miscuit
840 879 913 906 utile
936 878 1025 908 dulci.

138 930 245 974 Quod
262 929 450 962 artificium
473 929 546 962 sive
562 928 721 961 Homero
747 935 872 962 autore
896 929 1032 973 coepit,
1057 930 1129 963 sive

140 981 218 1014 aliis
236 980 501 1019 conditoribus,
527 979 587 1024 qui
607 979 709 1012 annis
726 979 923 1012 Homerum
946 987 1129 1024 superant,

139 1037 222 1064 sunt
244 1031 337 1063 enim
362 1031 544 1075 plerique,
570 1030 729 1073 profecto
754 1037 928 1075 quantum
956 1031 1128 1074 intelligo,

137 1082 344 1115 universum
363 1081 520 1113 Homero
546 1082 727 1114 debemus.
781 1081 904 1125 Neque
934 1088 1004 1121 est,
1032 1083 1128 1126 quod

140 1133 298 1172 dubites,
323 1132 351 1165 si
377 1132 428 1164 vel
443 1131 652 1163 Heraclidae
672 1132 957 1172 commentariis,
982 1133 1038 1164 vel
1055 1132 1129 1164 Ho-

139 1184 281 1216 ratiano
313 1182 464 1215 carmini
493 1182 581 1214 fidis.
634 1180 758 1227 Itaque
782 1181 972 1215 Thersiten
996 1183 1129 1216 Home-

140 1234 254 1267 ricum
278 1234 514 1276 interpretor,
538 1244 641 1276 quem
663 1233 691 1265 is
715 1233 900 1266 factiosum
920 1245 959 1265 ac
981 1234 1128 1266 scelera-

139 1291 216 1317 tum
242 1296 259 1316 a
287 1283 442 1316 consiliis
468 1283 671 1326 principum
703 1283 874 1316 Graeciae
900 1284 1020 1324 finxit,
1053 1297 1128 1316 ma-

139 1347 247 1378 gnam
271 1334 438 1366 universo
464 1333 630 1365 exercitui
648 1340 794 1376 pestem.
824 1334 897 1378 Qui
916 1335 1009 1366 enim
1028 1334 1129 1378 igno-

139 1391 208 1424 rat,
225 1385 311 1429 quid
327 1396 368 1416 ex
384 1383 480 1415 malo
498 1384 700 1416 consultore
718 1396 757 1416 ac
774 1385 987 1418 factionibus
1005 1385 1127 1417 damni

140 1435 183 1469 sit
211 1436 315 1468 rebus
341 1434 503 1478 publicis.
555 1433 740 1473 Fortasse,
770 1434 940 1479 quoniam
967 1436 1127 1480 exempla

139 1498 282 1519 morum
306 1485 514 1523 statuimus,
537 1484 655 1517 licebit
676 1483 783 1518 hodie
810 1498 953 1530 quoque
982 1485 1128 1520 Thersi-

139 1543 196 1570 tae
220 1537 284 1569 tibi
309 1536 440 1579 passim
464 1534 589 1573 multi,
621 1537 841 1570 consultores
864 1537 1029 1570 videlicet
1060 1538 1127 1570 ini-

141 1588 204 1634 qui
236 1587 440 1621 audiantur.
501 1584 735 1627 Astarothae,
768 1587 1063 1636 Pepericorni⁸)‚
1095 1595 1129 1622 et

174 1688 206 1715 6)
225 1686 276 1709 Hic
294 1686 403 1710 libellus
418 1687 561 1710 moralium
574 1687 712 1711 Plutarchi
729 1687 833 1716 primus
852 1689 911 1718 est3
931 1689 1129 1713 verosimiliter

208 1722 298 1744 autem
325 1722 403 1744 liuius
430 1722 508 1750 loco,
535 1722 673 1744 socundus
700 1722 844 1745 moralium
874 1723 982 1746 libellus
1006 1724 1064 1750 πῶς
1090 1722 1132 1747 δεῖ

208 1753 258 1778 τόν
273 1752 514 1787 νεόνποιημάτων
527 1753 647 1785 ἀκούειν,
667 1757 712 1779 ubi
732 1756 826 1778 dehac
846 1762 875 1779 re
894 1757 1052 1787 disseritur,
1072 1759 1096 1781 li.
1111 1758 1129 1782 l.

209 1789 407 1819 intelligendus
427 1791 478 1813 est.

174 1823 206 1851 7)
225 1822 287 1847 Vid.
302 1824 414 1847 Maximi
433 1824 511 1853 Tyrii
529 1824 671 1848 dissertat.
687 1824 722 1848 X.
743 1823 769 1855 §.
783 1824 807 1847 6.
827 1830 887 1855 pag.
901 1825 942 1848 37.
962 1826 1003 1848 ed.
1018 1826 1129 1848 Diibner

210 1858 405 1886 (Theophrasti
432 1859 626 1886 characteres,
657 1859 743 1881 Marci
770 1859 902 1882 Antonini
931 1860 1128 1889 commentarii,

208 1892 326 1920 Epicteti
358 1892 570 1916 dissertationes
583 1909 590 1921 ,
625 1893 779 1922 fragmenta
808 1895 834 1915 et
865 1894 1032 1917 enchiridion
1067 1900 1129 1917 cnm

209 1925 412 1949 Commentario
442 1927 593 1955 Simplicii,
631 1927 740 1950 Cebetis
773 1927 881 1954 tabula,
914 1928 1023 1950 Maximi
1050 1928 1129 1957 Tyrii

209 1959 432 1984 dissertationes.
469 1961 574 1983 Graece
593 1962 620 1983 et
640 1961 733 1985 latine.
777 1962 886 1984 Emend.
907 1962 987 1984 F.red
1007 1961 1129 1986 Diibner.

208 1993 298 2018 Paris.
322 1994 395 2018 1840.
423 1994 544 2021 Smai.),
564 1995 639 2018 Tom.
660 1995 677 2017 1.
698 2001 721 2023 p.
738 1995 786 2018 176
807 2002 866 2025 sqq.
888 1996 929 2018 ed.
950 1996 1059 2018 Reiske.

174 2027 222 2055 7a)
243 2027 321 2051 Conf.
335 2027 474 2050 Plutarch.
490 2027 547 2054 πῶς
566 2027 607 2051 δεῖ
619 2026 667 2051 τόν
686 2026 750 2051 νεόι
762 2036 925 2060 ποιιῑιιιιτων
944 2027 1054 2052 ἀκούειν
1072 2036 1095 2053 c
1106 2030 1127 2053 1.

172 2062 222 2087 71))
244 2063 338 2085 H0r.at
358 2068 405 2085 ars
427 2064 496 2091 poet
515 2062 574 2086 343.

173 2097 204 2123 8)
224 2095 435 2125 Pepericornns,
455 2096 527 2119 alias
547 2096 761 2127 Peperigranum
782 2097 799 2119 i.
815 2104 829 2120 e
857 2097 1040 2123 Pfefferkorn.
1061 2103 1128 2128 cog—

207 2136 305 2153 nomen
325 2130 453 2153 Iohannis
480 2130 619 2154 cuiusdam
638 2131 729 2154 ludaei
750 2131 896 2161 baptizati,
928 2132 971 2161 qni
991 2132 1129 2161 particeps

570 73 968 108 INTERPRETATIO
994 74 1212 119 ALIQUOT
1236 76 1477 110 LOCORUM
1505 75 1692 110 ILIADOS
1720 75 1920 110 HOMERI.
2099 78 2171 114 126

1182 161 1325 193 illorum
1351 162 1558 206 complices,
1585 162 1746 206 gigantea
1771 162 1901 201 moles,
1932 168 2026 208 terra
2055 175 2171 207 nuper

1182 211 1278 244 editi.
1332 211 1378 244 At
1402 226 1487 245 vero
1510 219 1550 246 ut
1572 214 1687 246 bonus
1712 213 1893 246 consultor
1920 209 2067 253 Ncsto‘r,
2091 226 2170 246 sua-

1182 263 1388 307 viloquens,
1411 263 1554 307 Ulysses
1580 264 1664 296 item
1692 264 1972 308 sapientissimus
1998 264 2168 297 Graeciae

1181 313 1404 356 principum,
1445 314 1575 346 silentii
1613 315 1790 348 studiosus
1829 316 2072 359 praedicatur:
2120 315 2169 347 ita

1181 362 1364 396 Thersites
1390 364 1543 408 loquax,
1569 376 1700 403 vanus,
1727 377 1765 397 ac
1794 366 2021 410 importunus
2047 372 2081 398 et
2103 366 2170 398 lin-

1182 427 1270 459 guae
1293 414 1463 458 prodigus
1489 414 1657 458 fingitur,
1689 416 1783 447 unde
1806 417 1906 449 facile
1928 424 1977 451 est
1995 418 2170 450 coniiccre

1183 478 1324 498 omnem
1343 465 1436 497 vitae
1455 463 1616 498 habitum
1629 477 1645 497 a
1658 471 1760 509 poeta
1774 468 1961 501 sceleribus
1975 469 2169 501 obnoxium

1182 516 1417 560 significatum
1455 516 1511 548 iri.
1576 515 1639 548 Est
1669 516 1761 548 enim
1797 516 1950 553 εἴδωὶον
1982 522 2049 553 τοῦ
2082 517 2171 565 βίου

1182 580 1245 601 και
1257 564 1441 612 χαρακῑὴ
1431 579 1450 599 o
1470 564 1488 600 ὃ
1506 563 1624 614 λόγος.
1677 566 1722 599 Et
1739 579 1783 599 ne
1803 569 1888 612 quid
1909 570 2054 609 deesset,
2073 570 2170 614 quod

1184 619 1228 650 ad
1253 630 1327 649 rein
1353 618 1383 649 [ιι
1378 623 1502 656 ccret,
1536 617 1698 660 corporis
1729 615 1917 663 ἁρμονίαν
1951 632 2028 651 cum
2060 620 2170 652 animi

1185 668 1278 701 vitiis
1301 667 1402 700 finxit
1426 669 1650 701 concordem.
1704 668 1767 701 Est
1799 670 1892 701 enim
1919 670 2046 702 mentis
2075 677 2171 708 nota,

1183 719 1311 757 facies,
1333 725 1373 751 ut
1395 719 1568 762 probant,
1602 719 1662 763 qui
1684 719 1843 752 rationes
1866 723 1934 754 τοῦ
1959 733 2172 767 φυσιογνω-

1182 769 1351 815 μονεΐν9)
1375 775 1658 814 persequuntur,
1686 776 1718 802 et
1733 769 1897 803 Marinus
1913 771 2171 815 Neapolitanus

1184 821 1361 853 inProclo
1373 819 1430 865 ¹⁰),
1446 821 1567 853 forsan
1584 820 1678 852 idern
1698 822 1840 854 volebat
1855 822 1958 854 Plato
1981 821 2173 865 significari

1183 869 1324 905 scholae
1343 883 1426 904 suae
1438 871 1689 915 inscriptione:
1707 869 2171 920 μήτιςᾶγεωιιιίτητροςωῧ)

1183 921 1310 961 εἶςίτω.
1364 921 1417 955 Ne
1437 922 1515 967 quis
1534 928 1758 965 ageometros
1786 923 2002 967 ingreditor,
2024 922 2091 955 hoc
2110 930 2172 962 est,

1183 973 1236 1007 Ne
1259 973 1337 1018 quis
1360 970 1569 1005 habitudine
1588 985 1628 1005 ac
1652 973 1877 1007 lineamentis
1903 975 2064 1018 corporis
2079 975 2172 1006 male

1184 1022 1455 1056 cohaerentibus
1480 1024 1690 1067 ingreditor.
1743 1025 1908 1058 Secutum
1933 1025 2025 1057 enim
2051 1026 2087 1057 in
2107 1023 2173 1057 hac

1183 1087 1221 1107 re
1238 1072 1467 1118 Pythagorae
1494 1075 1694 1107 institutum
1722 1076 1945 1109 crediderim.
1999 1076 2102 1109 Nunc
2127 1077 2171 1107 ad

1184 1138 1280 1164 rem,
1315 1125 1343 1158 si
1379 1125 1434 1158 cui
1464 1126 1562 1158 lubet
1595 1125 1758 1159 oratione
1784 1134 2034 1171 argumentum
2066 1127 2172 1160 latius

1182 1176 1368 1220 persequi,
1399 1174 1545 1208 habebit
1568 1174 1635 1209 hoc
1659 1177 1760 1217 loco,
1792 1178 1854 1211 ubi
1875 1191 1909 1211 se
1938 1191 2011 1210 non
2037 1179 2172 1210 incom-

1184 1228 1288 1259 mode
1314 1226 1539 1273 exerceatu).

1251 1352 1312 1373 erat
1338 1350 1413 1379 litis,
1446 1355 1524 1379 quam
1550 1349 1685 1373 Iohannes
1710 1350 1876 1373 Rcuchlinus
1901 1357 1925 1375 c.
1951 1357 1975 1375 a.
2004 1352 2076 1376 1518.
2111 1358 2172 1375 cum

1252 1384 1392 1407 monachis
1419 1384 1533 1406 habehat
1562 1384 1594 1407 de
1622 1385 1699 1406 libris
1720 1385 1855 1407 hebraicis
1874 1386 2081 1416 comburendis,
2110 1386 2171 1409 vide

1252 1418 1441 1441 Seckendorfii
1462 1418 1644 1442 commentar.
1665 1419 1698 1441 de
1717 1419 1927 1442 Lntlieranisino
1949 1420 1991 1442 lih.
2007 1420 2023 1442 1.
2045 1422 2110 1443 sect.
2129 1420 2170 1443 27.

1253 1451 1278 1483 §.
1295 1452 1380 1474 Lxx.
1401 1451 1467 1474 Add.
1489 1452 1507 1474 1.
1527 1458 1551 1474 a.
1572 1452 1634 1479 [Ed.
1649 1452 1673 1475 2.
1695 1453 1770 1481 Lips.
1788 1453 1860 1476 1694.
1887 1454 1946 1476 1³01,
1967 1459 2027 1483 pag.
2047 1454 2117 1481 103.)
2145 1456 2172 1477 et

1251 1487 1281 1510 Ε,
1302 1486 1349 1510 Th.
1372 1485 1541 1514 Mayerliotf:
1567 1486 1668 1509 lohann
1688 1486 1818 1509 Reuchlin
1838 1494 1863 1509 u.
1883 1487 1960 1510 seine
1980 1488 2042 1510 Zeit
2063 1489 2170 1516 [Berlin

1252 1520 1326 1543 1830.
1346 1520 1387 1547 8.)
1406 1526 1431 1548 p.
1448 1521 1496 1542 114
1513 1526 1571 1549 sqq.

1215 1564 1247 1591 9)
1266 1562 1525 1594 φυσιογνωμονεῑν]
1552 1562 1602 1586 Ed.
1631 1562 1706 1586 1518.
1732 1568 1828 1586 errore
1856 1564 1982 1593 typogr.:

1250 1604 1357 1628 μοι’ξΙν.

1220 1641 1264 1667 10)
1284 1639 1420 1665 Marinus.
1442 1638 1538 1661 Flavia
1557 1639 1670 1668 Neapoli
1690 1639 1786 1668 oppido
1798 1640 1938 1663 samariae
1958 1647 1980 1662 s.
1998 1641 2172 1665 Palaestinae

1251 1680 1336 1704 prope
1360 1675 1477 1696 montem
1496 1673 1619 1696 Garizim
1639 1675 1737 1701 natus,
1763 1673 1853 1697 Procli
1880 1675 2033 1703 discipulus
2058 1676 2172 1705 eiusque

1251 1709 1278 1731 in
1306 1708 1401 1731 schola
1419 1708 1580 1730 Atheniensi
1605 1713 1630 1732 a.
1653 1708 1711 1730 485.
1731 1714 1756 1736 p.
1777 1708 1839 1731 Chr.
1867 1715 2030 1735 successor,
2060 1712 2170 1739 praeter

1251 1742 1323 1765 alios
1350 1742 1434 1764 libros
1461 1742 1542 1764 etiam
1562 1742 1652 1764 Procli
1679 1742 1763 1764 vitam
1788 1743 1916 1765 versihns
1943 1744 1970 1765 et
1990 1750 2073 1771 prosa
2097 1750 2172 1767 com-

1252 1776 1352 1806 posuit.
1390 1776 1445 1798 Sed
1463 1776 1590 1799 versibus
1611 1775 1714 1805 scripta
1734 1776 1789 1799 vita
1808 1776 1911 1805 pridem
1930 1777 2084 1805 intercidit:
2104 1784 2170 1807 pro-

1252 1811 1327 1833 saria
1345 1812 1450 1837 autem,
1471 1811 1513 1833 cui
1533 1810 1640 1833 titulum
1661 1810 1725 1832 fecit
1738 1810 1862 1841 Πρόκλος
1878 1808 1894 1840 ἢ
1908 1810 1970 1841 περὶ
1985 1809 2172 1844 εὐδαιμονίας,

1252 1845 1314 1868 tulit
1339 1846 1467 1867 aetatem.
1512 1845 1592 1869 Couf.
1618 1844 1751 1867 Brnckeri
1778 1845 1847 1868 Hist.
1874 1845 1934 1868 crit.
1961 1846 2059 1875 philos.
2091 1848 2118 1869 Τ.
2138 1847 2170 1869 ll.

1251 1886 1276 1908 p.
1289 1878 1342 1902 318
1356 1885 1414 1907 sqq.
1434 1878 1485 1901 337
1499 1885 1557 1908 sqq.
1593 1878 1713 1901 Fabricii
1734 1878 1860 1903 Biblioth.
1881 1880 1979 1903 Graec.
2002 1882 2042 1904 ed.
2062 1881 2171 1904 Harles.

1251 1913 1315 1937 Vol.
1330 1912 1377 1936 IX.
1399 1919 1422 1940 p.
1441 1912 1492 1935 363
1506 1919 1548 1942 sq.
1568 1912 1619 1936 370
1633 1919 1674 1941 sq.
1718 1912 1822 1942 Pauly:
1850 1914 2100 1945 Real-Encyclop.
2121 1915 2169 1938 der

1251 1947 1332 1970 class
1353 1947 1605 1969 Altertliumswiss.
1642 1947 1670 1969 T.
1691 1947 1737 1971 lv.
1764 1954 1789 1976 p.
1812 1948 1886 1971 1571.

1219 1987 1282 2018 loa)
1302 1985 1523 2019 ιῖ)ειυιιέτρντος]
1543 1985 1889 2021 Εᾱ.15ι8.ιῗγιεωιιετρος

1220 2032 1265 2058 11)
1285 2032 1360 2054 lianc
1379 2032 1583 2054 annotationem
1604 2031 1631 2054 in
1651 2032 1706 2054 illis
1726 2033 1859 2056 lustitutt.
1879 2040 1919 2063 gr
1943 2040 1984 2064 gr.
2004 2034 2050 2057 ful.
2064 2042 2087 2064 p
2103 2035 2171 2058 2l1—

1251 2065 1284 2087 31,
1305 2065 1449 2094 sequitur
1454 2063 1603 2091 ,ExamerW
1620 2066 1747 2095 discipuli
1768 2067 1800 2090 de
1811 2062 1928 2095 sinunlis
1948 2069 2025 2091 huius
2048 2069 2098 2091 loci
2114 2070 2170 2092 Ho-

1251 2099 1345 2122 merici
1364 2099 1456 2122 verbis
1476 2101 1502 2122 et
1521 2100 1632 2129 turmis,
1653 2101 1722 2130 quod
1742 2101 1791 2124 hoc
1811 2103 1917 2131 quidem
1936 2103 1995 2125 loco
2010 2103 2169 2134 omittimus,

1252 2133 1343 2156 scrius
1368 2134 1459 2156 autem
1480 2134 1664 2157 Melanthonis
1685 2136 1886 2159 Grammaticae
1905 2137 2041 2160 addemus.

2015 1571 2170 1597 φυσιογνω-

601 2239 634 2274 b.
686 2237 766 2273 EX
801 2238 1056 2274 ILIADOS
1097 2239 1280 2276 LIBRO
1304 2240 1373 2277 ΙΙΙ.
1410 2240 1551 2277 LOCI
1589 2240 1709 2277 DUO

679 2307 905 2337 PH1L1PPO
940 2308 1279 2338 MELANTHONE
1311 2310 1635 2339 lNTERPRETE.

347 2381 380 2417 4.
412 2382 495 2416 Ilia
509 2385 587 2417 (los
611 2383 670 2424 Ill,
687 2385 918 2421 209—224.

138 2451 230 2478 Huius
254 2450 308 2478 loci
331 2451 534 2489 interpretatio
558 2453 706 2481 invenitur

224 2517 249 2537 a.
280 2509 307 2536 in
331 2509 529 2538 Metannmnis
552 2511 645 2547 oper.
668 2511 756 2540 Basil.
778 2512 863 2541 Tom.
880 2513 918 2542 v.
940 2523 969 2551 p.
986 2510 1061 2542 332.
1084 2513 1130 2540 in-

265 2552 364 2590 script.
387 2553 459 2589 „Ex
477 2554 528 2581 ΙΙΙ.
550 2553 699 2589 Iliados”;

224 2611 251 2638 b.
280 2611 309 2638 in
332 2611 480 2640 Vincentii
502 2612 675 2641 collectione
696 2613 965 2651 Epigrammatum‚
987 2614 1039 2641 fol.
1058 2610 1130 2642 03¹³
1155 2606 1156 2609 Ἴ

270 2652 354 2681 „4³

1266 2396 1291 2415 c.
1315 2387 1343 2414 in
1359 2386 1443 2414 huius
1460 2388 1548 2424 Coi-p.
1566 2386 1698 2414 Reform.
1716 2387 1781 2415 Vol.
1798 2387 1835 2415 X.
1853 2397 1882 2425 p.
1892 2387 1956 2417 545
1973 2399 2015 2427 sq.
2032 2399 2077 2417 nr.
2088 2389 2171 2430 127„

1308 2429 1356 2457 ubi
1377 2438 1472 2465 aeque
1495 2438 1528 2456 ac
1550 2429 1579 2456 in
1604 2429 1742 2466 praeced.
1766 2428 1938 2458 collectione
1955 2432 2094 2469 inscripta
2111 2414 2171 2462 esti

1307 2472 1375 2508 „De
1398 2471 1521 2498 diversis
1545 2472 1720 2509 generibus,
1743 2480 1781 2499 ex
1798 2472 1845 2501 111.
1873 2472 1977 2501 lliados
2000 2474 2128 2504 Homeri.
2132 2475 2149 2490 ”

1282 2546 1431 2580 Fors'ct
1457 2546 1608 2580 concilio
1635 2547 1817 2582 Troianae
1842 2549 1955 2593 gentis
1981 2550 2018 2582 in
2041 2551 2117 2595 ipso

1231 2597 1401 2637 Atriden,
1447 2597 1706 2644 dominumque
1744 2597 1885 2633 Ithacae
1924 2603 2170 2646 conspeximus

1856 2650 1953 2685 olim.
