2373 2980
229 113 273 146 31
829 108 951 143 PHIL.
981 107 1092 142 MliL.
1121 106 1323 142 SCRIPTA
1350 106 1687 142 PHlLOLOGICA.

560 198 612 228 De
640 196 888 229 allitialiuihns.

328 272 563 305 Altitudinum
583 272 805 315 planetarum
824 271 914 304 ratio
930 268 1016 303 llaec
1035 276 1096 303 est.
1133 269 1219 302 Cum

227 324 286 355 Sol
306 323 480 366 ingressus
497 322 652 354 Arietem
667 349 675 359 ,
704 323 747 354 ad
769 329 905 366 partem
926 322 1011 354 coeli
1038 321 1220 355 sublimio-

227 387 300 407 rem
321 387 440 406 versus
467 375 598 405 Arcton
626 374 787 411 accedat,
823 381 856 406 et
882 375 916 406 in
949 373 1052 404 Libra
1079 373 1220 404 descen-

225 427 283 458 dat
301 427 342 457 ad
355 426 542 462 Austrum,
569 425 821 457 conwnientor
838 425 866 457 ei
886 425 1035 457 altitudo
1057 422 1220 454 inAriete

225 477 393 509 attributa
418 482 488 513 est,
517 488 595 507 cnm
613 476 687 508 dies
705 483 786 508 tunc
807 482 986 513 crescant,
1020 481 1052 506 et
1069 474 1128 505 Sol
1148 486 1219 505 ma-

226 527 276 569 gis
311 528 498 559 calefacere
529 539 679 569 rorpora
719 527 873 570 incipiat.
936 526 1089 558 liconti-a
1122 536 1219 563 vero,

226 579 261 610 in
279 578 384 610 Libra
414 584 559 621 propter
583 578 799 610 contrariam
825 590 965 610 causam
992 576 1139 610 deiectio
1170 581 1219 608 est

226 630 328 662 Solis.

326 689 480 721 Saturno
499 694 615 719 autem
639 687 743 719 Libra
764 687 931 719 attributa
953 693 1021 724 est,
1050 693 1106 724 ut,
1130 686 1219 719 sicut

225 740 260 772 in
285 739 495 777 domiciliis,
539 739 585 770 ita
613 736 667 770 liic
694 751 835 783 quoque
861 738 1079 771 contrarium
1101 738 1216 770 locum

225 797 359 824 teneat:
404 790 505 821 Aries
539 795 654 821 autem
690 789 796 832 ipsius
821 790 969 821 deiectio
996 796 1056 822 est.
1126 788 1216 822 Nam

224 843 283 875 ubi
314 843 410 874 calor
443 841 658 879 intenditur,
700 841 747 871 ibi
781 841 912 873 remitti
944 840 1053 883 frigus
1079 852 1217 873 necesse

225 901 292 929 est2
323 900 353 925 et
372 904 492 925 rursus
512 891 570 923 uhi
591 892 686 923 calor
704 891 928 929 diminuitur,
957 893 1065 935 frigus
1084 891 1217 924 crescit.

225 945 313 977 Cum
335 950 449 976 autem
468 941 567 975 Luna
589 949 666 986 post
689 943 976 975 coniunctionem
994 943 1085 975 Solis
1110 942 1145 974 iu
1169 942 1217 974 al-

225 995 392 1033 titudine,
422 994 579 1026 videlieet
603 995 636 1025 iu
656 994 774 1026 Ariete
795 994 969 1037 primum,
1006 994 1133 1026 deinde
1157 1006 1217 1037 ap-

225 1052 346 1091 pareat
364 1052 397 1078 et
418 1046 518 1089 quasi
536 1045 724 1077 extollatur
743 1046 777 1077 in
800 1045 941 1084 Tauro,
970 1045 1136 1088 trianguli
1163 1044 1217 1077 sui

222 1097 401 1142 principe,
427 1096 568 1129 Taurus
588 1096 737 1129 altitudo
757 1097 830 1129 eius
851 1094 1075 1140 perhibetur,
1103 1096 1215 1128 eidem

223 1149 427 1193 oppositum
445 1148 584 1190 signum
603 1148 769 1191 Scorpius
788 1147 948 1180 deiectiO.

325 1207 458 1251 Iupiter
488 1214 627 1245 autem,
675 1220 753 1240 cnm
789 1207 942 1239 maxime
975 1207 1063 1239 cieat
1092 1212 1216 1238 ventos

223 1259 449 1304 aquilonares
476 1265 508 1290 et
537 1260 749 1296 foecundos,
796 1265 829 1291 et
854 1258 889 1290 in
916 1258 1053 1291 Cancro
1077 1258 1120 1289 ad
1146 1257 1216 1289 Bo-

223 1322 320 1343 ream
346 1310 507 1354 proxime
537 1310 698 1348 accedat,
743 1316 775 1341 et
806 1309 877 1341 vim
909 1322 1007 1342 suam
1042 1309 1088 1340 ibi
1121 1321 1217 1341 exer-

223 1368 315 1395 ceat:
358 1360 493 1393 Cancer
518 1360 591 1393 eius
617 1360 768 1393 altitudo
802 1367 873 1399 est,
918 1367 951 1393 et
976 1360 1216 1404 Capricornus

222 1412 383 1446 deiectio.

323 1470 478 1504 Econtra
506 1470 604 1503 Mars
628 1476 755 1502 natura
783 1477 964 1504 aestuosus
988 1476 1020 1502 et
1045 1469 1156 1513 magis
1180 1469 1216 1501 in

222 1523 463 1567 Capricorno,
507 1521 566 1566 qui
596 1521 701 1553 etiam
725 1533 765 1553 eo
793 1528 843 1554 est
873 1521 1090 1560 aestuosior,
1134 1520 1215 1566 quia

222 1574 334 1617 magis
360 1572 523 1606 australis
547 1578 608 1605 est.
671 1570 753 1604 Ideo
780 1573 942 1617 opposita
967 1571 1041 1605 Iovi
1065 1571 1216 1604 altitudo

222 1626 259 1658 in
290 1624 510 1668 Capricorno
541 1624 571 1656 ei
606 1624 796 1656 constituta
833 1631 902 1663 est,
945 1623 1094 1656 deiectio
1131 1635 1216 1656 vero

223 1677 371 1710 Cancer.

322 1734 443 1768 Venus
463 1741 580 1767 autem
598 1740 725 1767 natura
749 1732 958 1767 humectans
984 1741 1018 1767 et
1043 1734 1154 1778 magis
1181 1734 1216 1766 in

220 1786 399 1826 Piscibus,
422 1786 516 1819 unde
534 1784 726 1819 humiditas
744 1786 896 1818 vernalis
915 1792 1082 1829 augetur,
1109 1793 1142 1818 et
1156 1785 1217 1819 ubi

223 1837 342 1871 Venus
368 1837 541 1870 maiorem
568 1837 638 1869 vim
667 1843 822 1876 exercet,
860 1837 1083 1869 altitudinem
1112 1835 1217 1870 habet

223 1890 260 1922 in
277 1889 457 1928 Piscibus,
484 1888 717 1921 deiectionem
737 1900 820 1921 vcro
838 1888 875 1920 in
892 1887 1050 1932 Virgine.

321 1948 522 1982 Mercurius
539 1959 621 1980 vero
641 1947 795 1986 aridior,
830 1954 978 1991 propter
1000 1946 1217 1979 contrariam

222 2008 409 2040 naturam,
450 1999 486 2032 in
511 1999 611 2043 signo
637 1998 801 2043 opposito
827 1999 1052 2031 altitudinem
1079 1998 1217 2042 accipit,

223 2054 261 2086 in
285 2051 452 2095 Virgine,
496 2050 532 2082 in
567 2062 635 2095 qua
669 2050 832 2082 autumni
855 2049 992 2083 siccitas
1024 2049 1216 2093 impendet.

222 2104 379 2139 Econtra
396 2102 432 2134 in
451 2101 609 2135 Piscibus
625 2101 778 2133 deiectus
796 2100 896 2134 iacet.

609 2201 663 2232 De
687 2198 823 2241 finibus.

329 2273 381 2307 De
404 2274 532 2307 finibus
557 2274 687 2318 duplex
713 2274 873 2307 doctrina
898 2274 1069 2307 traditur:
1107 2273 1217 2305 altera

225 2326 420 2371 Aegyptia,
456 2338 545 2369 quae
575 2326 843 2358 accommodata
872 2331 923 2358 est
948 2327 993 2358 ad
1013 2325 1217 2367 ‚domicilio-

225 2390 306 2412 rum
336 2375 584 2413 autoritatem;
627 2377 736 2409 altera
764 2374 974 2415 Chaldaica,
1019 2388 1218 2408 accommo-

226 2430 309 2462 data
329 2428 374 2460 ad
390 2427 651 2470 triangulorum
670 2427 976 2471 gubernationem.

329 2485 504 2530 Aegyptia
522 2497 627 2523 vero,
654 2492 692 2518 ut
709 2487 834 2519 usitate
857 2486 1123 2525 circumfertur,
1155 2497 1219 2518 nec

228 2537 365 2572 ordinis
397 2548 461 2569 nec
494 2548 727 2569 numerorum
766 2537 1056 2582 consequentiam
1078 2543 1219 2582 servat.

227 2589 391 2623 Primum
419 2588 456 2620 in
481 2587 606 2620 ordine
629 2587 766 2631 priores
792 2589 921 2629 gradus
947 2587 1110 2621 attribuit
1142 2593 1220 2619 tan-

228 2652 337 2687 quam
362 2640 469 2679 fines,
510 2650 604 2671 nunc
629 2638 775 2671 domino
798 2639 1083 2679 domiciliorum,
1125 2650 1221 2671 nunc

228 2691 376 2726 domino
394 2689 583 2734 trianguli,
611 2689 804 2735 aliquando
824 2690 930 2722 etiam
949 2691 1020 2730 illi,
1048 2689 1146 2724 cuius
1170 2695 1222 2723 est

2217 109 2266 145 32

1275 193 1437 226 altitudo.
1505 193 1665 236 Exempli
1697 205 1820 234 causa,
1862 194 1890 228 si
1915 193 2179 227 domiciliorum
2203 195 2266 227 do-

1275 244 1389 277 minos
1423 244 1634 287 respiciunt,
1676 245 1797 289 quaeri
1827 252 1960 288 potest,
2002 258 2063 278 cur
2095 245 2130 277 in
2155 245 2265 278 Libra

1274 296 1410 338 priores
1430 295 1589 327 tribuant
1605 294 1780 335 Saturno,
1810 308 1848 329 ac
1874 309 1945 329 non
1962 296 2090 329 Veneri
2120 295 2264 341 potius?

1274 347 1428 390 itemque
1446 346 1558 378 curin
1577 345 1697 379 Ariete
1716 346 1787 379 lovi
1807 347 1924 391 potius
1943 360 2048 393 quam
2067 347 2202 380 Marti?

1374 405 1479 448 Quod
1512 405 1538 437 si
1569 404 1829 448 triangulorum
1859 407 2023 440 dmninos
2059 407 2265 451 respiciunt,

1274 467 1335 486 cur
1355 455 1533 488 Mercurio
1554 456 1690 500 priores
1709 457 1867 490 tribuunt
1893 458 1926 489 in
1947 458 2164 502 Capricorno
2178 485 2186 497 ,
2224 469 2264 490 ac

1274 518 1345 537 non
1369 506 1499 539 Veneri
1525 506 1665 551 potius?
1733 507 1895 554 Denique
1920 509 1947 542 si
1974 509 2177 542 altitudines
2210 521 2265 542 re-

1273 557 1446 600 spiciunt,
1488 571 1548 591 cur
1573 558 1682 591 Marti
1708 559 1743 592 in
1766 560 1903 593 Cancro
1927 560 2063 604 priores
2091 560 2264 600 tribuunt,

1274 621 1312 640 ac
1328 621 1401 641 non
1419 610 1535 653 potius
1554 608 1653 642 lovi?

1375 669 1563 702 Praeterea
1583 669 1611 703 si
1629 669 1708 702 inde
1726 676 1870 702 sumunt
1895 670 2000 709 sines,
2037 669 2118 715 quia
2143 669 2180 702 in
2202 669 2265 702 ali-

1273 732 1342 764 quo
1366 720 1465 763 signo
1492 721 1608 764 plures
1634 733 1757 754 causae
1782 727 2017 760 concurrunt,
2046 733 2106 754 cur
2124 720 2264 754 Mercu-

1273 771 1325 802 rio
1359 773 1521 804 tribuunt
1552 772 1687 816 priores
1722 771 1756 803 in
1783 771 1963 816 Aquario,
1998 784 2077 804 cum
2104 771 2150 803 ibi
2173 769 2263 804 nihil

1272 821 1377 861 iuris,
1410 823 1475 855 nisi
1495 829 1639 867 propter
1656 823 1856 865 trigonum,
1886 821 2039 855 habeat?
2091 822 2264 856 Saturnus

1273 885 1356 905 xero
1379 875 1508 917 praesit
1527 880 1697 918 tanquam
1715 874 1896 906 domicilio
1920 880 1953 906 et
1971 873 2138 917 trigono?
2193 873 2265 907 Cur

1272 924 1354 956 item
1378 925 1556 957 Mercurio
1576 925 1682 969 primi
1700 926 1785 957 lines
1805 925 1964 958 attributi
1982 931 2063 958 sunt
2088 925 2123 957 in
2141 923 2265 968 Capri-

1272 988 1399 1015 corno,
1428 989 1505 1008 cum
1526 976 1557 1008 ei
1584 988 1669 1019 noir
1689 977 1820 1019 praesit
1845 976 1915 1009 ullo
1942 978 2049 1008 modo
2061 975 2076 1007 ’.Ρ
2131 975 2179 1008 Ut
2199 973 2264 1008 hu·—

1272 1027 1424 1059 iusmodi
1442 1027 1726 1060 inconxenientia
1745 1027 1849 1060 etiam
1869 1028 1904 1060 in
1922 1028 2058 1073 reliqua
2076 1026 2164 1060 serie
2189 1025 2265 1059 ani-

1272 1078 1447 1110 madverti
1464 1085 1591 1121 potest.

1372 1137 1510 1169 Deinde
1529 1149 1697 1170 numerus
1714 1136 1837 1169 finium
1862 1136 2073 1169 inconcinne
2100 1136 2264 1169 traditur.

1270 1187 1381 1220 Aiunt
1399 1188 1491 1219 enim
1504 1214 1512 1227 ,
1538 1188 1696 1231 singulos
1715 1188 1873 1231 planetas
1892 1194 1944 1220 tot
1961 1186 2091 1220 habere
2119 1189 2205 1220 {ines
2227 1186 2265 1218 in

1270 1238 1397 1281 signis,
1426 1244 1513 1283 quot
1528 1245 1610 1271 sunt
1627 1239 1700 1271 eius
1718 1238 1801 1270 anni
1821 1238 1992 1275 maiores;
2028 1239 2064 1270 id
2081 1250 2165 1270 vero
2186 1237 2265 1270 nul-

1270 1290 1340 1321 lam
1379 1287 1485 1322 habet
1521 1290 1704 1333 propriam
1739 1301 1778 1321 ac
1816 1289 2037 1332 probabilem
2073 1289 2263 1322 rationem.

1271 1341 1368 1385 Quin
1385 1341 1491 1373 etiam
1510 1341 1537 1373 si
1563 1339 1643 1373 huic
1667 1340 1866 1372 collectioni
1892 1352 2123 1373 numerorum
2144 1340 2266 1372 creda-

1270 1404 1367 1430 mus,
1394 1391 1483 1424 sicut
1505 1397 1727 1424 asseveratur
1754 1391 1797 1422 ab
1814 1390 2014 1435 Aegyptiis:
2045 1390 2121 1423 fieri
2144 1396 2265 1422 tamen

1270 1448 1404 1486 potest,
1430 1448 1469 1475 ut
1491 1442 1588 1475 varie
1606 1447 1743 1474 mutato
1767 1453 1917 1474 numero
1942 1442 1980 1474 in
2004 1441 2130 1486 signis,
2165 1452 2265 1485 repe-

1270 1493 1384 1526 riatur
1402 1492 1496 1526 idem
1518 1505 1699 1526 numerus,

1373 1553 1478 1597 Quod
1505 1565 1588 1585 vero
1617 1552 1727 1597 aliqui
1752 1552 1973 1586 coniecturas
2001 1552 2136 1585 fucatas
2169 1551 2264 1584 adfe—

1270 1610 1373 1644 runt,
1400 1616 1545 1648 prorsus
1560 1604 1706 1643 fallunt,
1732 1616 1810 1636 cum
1833 1604 2073 1642 contendunt,
2101 1609 2265 1647 tempora

1271 1656 1518 1688 ascensionum
1538 1656 1755 1699 configurata
1772 1654 1922 1698 planetis
1939 1655 2074 1687 efficere
2090 1651 2185 1687 hunc
2200 1666 2266 1687 nu-

1271 1718 1408 1739 merum
1428 1707 1564 1740 finium.
1617 1706 1780 1739 Primum
1804 1706 1897 1738 enim
1925 1711 2123 1750 sequuntur
2144 1705 2267 1748 vulga-

1270 1770 1325 1790 res
1342 1758 1551 1791 traditiones
1573 1759 1616 1790 de
1639 1757 1753 1802 planis
1781 1756 2026 1789 ascensionum
2051 1755 2266 1796 eminentiis,

1270 1821 1344 1841 non
1360 1806 1480 1841 habita
1506 1810 1644 1843 ratione
1670 1809 1890 1841 diversarum
1914 1807 2151 1841 elevationum
2180 1806 2266 1851 poli.

1270 1860 1401 1893 Procul
1419 1860 1526 1904 igitur
1550 1874 1568 1893 a
1593 1860 1741 1893 veritate
1768 1860 1946 1891 aberrant.
2007 1858 2142 1892 Volunt
2167 1857 2263 1891 enim

1271 1911 1307 1943 in
1333 1911 1424 1943 linea
1450 1911 1722 1957 aequinoctiali,
1765 1922 1854 1954 quae
1880 1909 2007 1942 transit
2030 1922 2093 1954 per
2118 1908 2263 1942 inferio-

1272 1975 1345 1994 rem
1364 1963 1584 2007 Aegyptum,
1619 1974 1696 1995 cum
1716 1961 1861 2004 Virgine
1889 1967 1923 1993 et
1940 1960 2047 1993 Libra
2075 1961 2263 1994 ascendere

1271 2020 1432 2057 tempora
1466 2015 1609 2058 triginta
1638 2019 1717 2045 octo
1749 2018 1782 2044 et
1810 2011 1996 2051 trientem,
2039 2024 2118 2045 cum
2141 2011 2263 2044 Leone

1272 2071 1305 2097 et
1327 2065 1476 2109 Scorpio
1503 2073 1662 2109 tempora
1690 2063 1835 2106 triginta
1870 2063 2048 2108 quinque:
2093 2075 2172 2095 cum
2203 2063 2264 2094 de-

1272 2118 1484 2150 monstratio
1518 2116 1662 2150 linearis
1696 2115 1883 2153 ostendat,
1940 2126 2019 2146 cum
2055 2111 2109 2146 his
2145 2124 2265 2146 ascen-

1272 2169 1354 2200 dere
1382 2169 1460 2212 plus
1483 2175 1683 2212 temporum
1698 2193 1706 2206 ,
1741 2178 1819 2199 cum
1836 2165 1982 2209 Virgine
2000 2177 2086 2198 vero
2105 2170 2139 2197 et
2154 2163 2264 2197 Libra

1273 2232 1402 2253 minus.

1374 2278 1583 2317 Praeterea,
1622 2276 1683 2322 qui
1713 2273 1804 2309 hanc
1836 2275 2013 2308 rationem
2049 2274 2262 2307 constituere

1272 2330 1390 2362 conati
1423 2337 1524 2369 sunt,
1564 2341 1607 2361 ne
1630 2329 1678 2362 sic
1705 2328 1846 2373 quidem
1870 2327 2026 2359 retinent
2052 2326 2175 2358 finium
2198 2338 2265 2358 nu-

1272 2393 1410 2414 merum
1431 2382 1474 2413 al»
1494 2379 1570 2413 aliis
1595 2379 1785 2418 traditum,
1820 2378 1884 2412 etsi
1911 2389 2013 2422 saepe
2036 2376 2181 2409 mentiri
2205 2388 2264 2409 co-

1272 2438 1422 2476 guntur,
1466 2438 1499 2464 et
1535 2431 1712 2464 interdum
1748 2430 1931 2474 portiones
1965 2428 2174 2473 portionum
2203 2428 2265 2460 ad-

1273 2482 1415 2523 hibent,
1444 2490 1482 2516 ut
1497 2483 1785 2523 concinnitatem,
1808 2496 1915 2528 quam
1932 2484 2111 2521 volebant,
2138 2490 2262 2517 tuean—

1273 2541 1351 2574 tur,
1383 2546 1473 2580 quae
1498 2540 1531 2567 et
1555 2534 1630 2579 ipsa
1655 2546 1674 2566 a
1697 2547 1778 2568 vera
1801 2535 1939 2567 ratione
1956 2535 2108 2569 aberrat.
2162 2535 2263 2569 Ordo

1273 2593 1390 2619 autem
1425 2586 1576 2626 finium,
1626 2592 1665 2619 ut
1701 2597 1718 2618 a
1754 2586 1873 2619 multis
1906 2586 2084 2625 traditur,
2137 2593 2171 2619 et
2207 2587 2264 2621 cui

1273 2644 1421 2682 propter
1452 2637 1700 2682 antiquitatem
1732 2638 1815 2670 fides
1845 2635 2013 2676 habetur,
2051 2635 2107 2672 bic
2133 2637 2265 2672 adscri-

1273 2695 1354 2734 ptus
1383 2695 1444 2723 est.
