2373 2980
220 107 315 143 1027

564 189 777 237 [Strophe
804 187 866 236 3.]

275 260 346 291 Cre.
376 257 470 301 Quid
489 256 564 290 ais?

273 307 517 340 incredibilem
535 314 567 340 et
583 306 799 339 indicibilem

270 359 357 392 Rem
376 370 509 392 narras.

224 408 293 443 785
321 412 399 442 Seu.
430 408 473 441 Et
492 406 590 441 mihi.
647 410 718 443 Cre.
738 408 931 453 Quomodo
949 408 1130 441 oraculum
1149 409 1208 441 ab·

625 458 799 492 solvitur?

268 510 404 543 Clarius
423 508 510 542 mihi
529 509 656 547 dicito;
686 516 719 543 et
735 510 812 555 quis
829 517 880 543 est
896 508 952 543 hic
971 522 1058 554 puer
1070 511 1084 543 '?

269 562 364 594 (Ἰιον.
393 561 462 605 Qui
483 567 643 593 occurret
661 573 817 604 egressus
835 573 876 594 ex
897 562 1029 605 templo

270 611 348 643 Tuo
366 612 494 644 marito
514 612 651 655 primo,
679 610 773 645 hunc
793 612 889 645 dedit
907 613 938 645 ei
958 613 1080 646 filium.

567 694 777 743 [Strophe
807 695 861 744 4.]

271 767 342 799 Cre.
370 762 460 796 Heu.

222 816 292 848 790
321 815 427 859 Quod
445 815 489 846 ad
504 826 560 846 ine
580 814 725 853 attinet,
753 814 908 848 sterilem
928 815 1045 858 accepi

270 866 386 898 Vitam
400 892 408 905 ,
435 865 624 898 solitudine
642 865 746 897 vidua
767 867 893 898 domos
911 862 1130 898 inhabitabo.

268 917 355 961 Quis
372 917 478 960 igitur
495 916 708 960 significatus
727 922 777 949 est
795 916 958 955 oraculo,
987 916 1126 949 cuinam
1153 929 1209 949 oc-

625 973 736 1000 currit

271 1017 420 1050 Maritus
438 1015 612 1049 miserae?
641 1016 823 1061 quomodo
842 1028 920 1049 eum
942 1016 1107 1049 videam?

272 1070 368 1102 chor.
397 1067 515 1106 Nosti,
543 1064 648 1099 chara
671 1066 837 1106 domina,
864 1066 1144 1106 adolescentem,

224 1119 292 1152 795
326 1118 395 1163 Qui
416 1116 482 1151 hoc
502 1117 610 1151 verrit
629 1116 828 1162 templum?
856 1117 920 1152 iste
937 1124 987 1151 est
1005 1117 1107 1151 filius.

557 1203 764 1247 [strophe
795 1200 853 1245 5.]

269 1275 341 1306 Cre.
369 1270 514 1304 Utinam
532 1270 676 1303 volitem
696 1282 759 1314 per
776 1268 962 1304 humidum
982 1282 1098 1304 aerem

271 1322 378 1355 Extra
397 1321 585 1355 Graeciam

270 1374 323 1405 Ad
339 1373 455 1406 stellas
471 1371 670 1416 Hesperias.

270 1423 395 1468 Quali,
424 1423 519 1468 quali
537 1423 659 1456 dolore
677 1422 823 1456 afficior.

220 1476 293 1509 800
320 1477 401 1509 Seu.
431 1474 510 1519 Quo
528 1474 674 1507 nomine
690 1473 806 1517 ipsum
824 1472 1025 1505 nominavit
1042 1479 1160 1516 pater,

269 1525 396 1559 Nosti?
425 1537 469 1558 an
487 1525 626 1558 silentio
643 1522 710 1557 hoc
726 1524 899 1557 incertum
919 1523 1064 1556 manet?

271 1578 367 1610 Cher.
409 1574 522 1615 Ionis,
564 1575 733 1622 quoniam
766 1575 902 1619 primus
936 1574 1078 1608 obviam
1112 1574 1208 1607 venit

629 1626 734 1671 patri.

270 1682 350 1714 Sen.
378 1677 495 1710 Matre
517 1689 601 1710 vero
618 1690 659 1711 ex
675 1690 742 1722 qua
763 1676 837 1710 est?

270 1731 367 1763 Chor.
394 1729 475 1763 'Non
493 1741 635 1773 possum
653 1729 781 1762 dicere.

269 1780 336 1813 Sed
353 1780 457 1820 abiit,
484 1786 523 1813 ut
540 1780 659 1813 omnia
678 1780 784 1819 scias,
812 1790 903 1823 quae
922 1789 985 1821 ego
1004 1778 1096 1817 scio,

221 1830 294 1866 805
321 1830 392 1864 Pro
411 1831 482 1863 filio
499 1831 757 1864 sacrificaturus
775 1829 877 1863 xenia
896 1834 929 1861 et
945 1827 1121 1872 genethlia
1134 1855 1142 1867 ‚

268 1881 306 1914 In
322 1893 419 1915 sacra
438 1882 566 1925 templa
586 1882 674 1914 clam
692 1879 797 1914 huius
817 1879 986 1918 maritus,

269 1932 515 1965 Communiter
532 1932 770 1965 celebraturus
787 1930 929 1974 epulum
949 1941 1027 1962 cum
1047 1929 1118 1962 filio
1130 1928 1186 1974 87),

324 2068 417 2093 Dedit:
442 2066 570 2096 privatim
590 2065 655 2089 felix
675 2067 733 2095 est,
759 2064 820 2087 sine
839 2064 895 2086 hac.

323 2102 385 2127 Cre.
405 2102 462 2124 Hoc
480 2106 547 2123 vero
567 2106 650 2129 super
670 2100 718 2122 hoc
736 2103 866 2122 summum
886 2097 1002 2124 malum,

323 2136 448 2165 Loquuta
468 2141 498 2158 es
517 2134 641 2157 dolorem
659 2133 722 2157 milui
745 2132 898 2162 lugendum.

320 2173 383 2194 sen.
403 2170 498 2192 Utrum
517 2168 663 2192 creandum
682 2164 756 2191 iam?
781 2173 813 2189 ex
833 2171 885 2195 qua
903 2165 1033 2189 muliere.

320 2204 399 2227 Hunc
417 2203 500 2226 filium
521 2208 600 2232 quem
620 2198 736 2225 duxisti?
759 2202 807 2225 aut
825 2201 916 2223 natum
936 2196 1025 2223 dixit?

320 2237 405 2262 chor.
424 2237 480 2260 Iam
499 2238 635 2265 creatum,
660 2237 811 2266 perfectum
830 2234 1031 2258 adolescentem

321 2272 373 2295 Dat
393 2271 418 2294 ei
435 2271 549 2301 Apollo,
574 2271 649 2293 adfui
669 2276 734 2294 vero
753 2275 813 2300 ego.

250 2322 297 2352 87)
318 2322 380 2346 Cre.
401 2321 469 2350 Quid
487 2333 521 2338 -
540 2320 604 2343 filio.
625 2322 681 2348 (vs.
697 2319 887 2347 ⁷82—807.)]
907 2319 947 2342 sic
967 2319 1014 2342 Ed.
1036 2319 1125 2348 1562.;
1156 2320 1202 2342 Ed.

317 2389 380 2413 Cre.
401 2388 469 2418 Quid
487 2385 551 2411 ais?

317 2424 375 2446 Non
394 2422 552 2453 dicendum,
577 2427 630 2445 non
649 2420 807 2450 dicendum,
830 2426 884 2444 non
903 2420 1063 2451 loquendum

319 2459 476 2480 Sermonem
495 2456 557 2479 mihi
575 2455 648 2479 dicis.

318 2493 382 2515 Sen.
411 2491 444 2513 Et
462 2490 524 2513 mihi
544 2490 656 2520 quidem.

625 2525 761 2553 perat-tum
780 2520 845 2546 est?

317 2557 426 2582 clarius
444 2557 506 2580 mihi
528 2557 624 2580 dicito:
649 2557 742 2587 ecquis
762 2559 805 2580 est
824 2557 865 2580 hic
884 2554 972 2586 puer?

317 2592 400 2616 ebor.
419 2591 470 2615 cui
488 2590 595 2614 obviam
614 2591 736 2620 veniret,
762 2598 793 2614 ex
812 2591 862 2614 Dei
882 2592 981 2621 templo
1000 2598 1058 2615 cum
1079 2592 1146 2622 iret,

315 2625 406 2649 Primo
425 2625 540 2648 maritus
559 2626 638 2654 tuus,
663 2625 746 2648 filium
765 2625 838 2648 dedit
858 2625 881 2649 ei
902 2626 983 2650 Deus.

314 2659 376 2684 Cre.
399 2659 462 2683 Otto
481 2660 509 2682 to
527 2660 555 2681 to
571 2659 601 2681 ti.

311 2694 371 2717 Mea
391 2698 457 2716 sane
475 2692 619 2717 orbitatem
637 2692 738 2722 accepit

794 103 914 139 PHIL.
951 102 1062 138 MEL.
1098 99 1298 137 SCRJPTA
1333 96 1667 132 PHILOLOGICA.

712 2489 775 2513 Cre.
801 2489 941 2518 Quomodo
968 2495 1034 2513 vero
1061 2490 1199 2514 oraculum
1225 2508 1226 2516 1

2154 104 2248 138 1028

1313 187 1393 219 Sen.
1422 183 1598 223 Domina,
1625 181 1759 226 proditi
1774 194 1893 217 sumus
1914 184 2045 229 (tecum
2064 187 2186 232 doleo)

1312 237 1344 269 A
1361 242 1421 268 tuo
1443 235 1518 267 viro
1530 260 1538 273 ‚
1567 239 1601 266 et
1618 233 1787 266 instructa
1805 234 1928 267 fraude

1263 286 1336 319 810
1362 285 1494 318 Iniuria
1515 284 1706 323 afficimur,
1733 290 1767 316 et
1786 285 1893 318 domo
1910 285 2100 321 Erechthei

1311 336 1495 369 Eiiciinur.
1548 336 1631 369 Non
1648 333 1717 368 hoc
1737 335 1820 368 odio
1841 336 1892 368 tui
1912 337 1979 370 viri

1313 388 1401 420 Dico
1413 414 1421 426 ,
1449 387 1507 420 sed
1525 388 1621 431 quod
1639 393 1672 419 te
1689 386 1799 430 magis
1816 399 1923 432 quam
1940 389 2038 422 illum
2059 401 2151 422 amo.

1314 439 1383 482 Qui
1408 450 1485 470 curu
1511 438 1664 471 duxisset
1687 443 1739 476 te,
1777 438 1920 472 veniens
1945 437 2072 483 hospes
2098 440 2134 472 in
2159 438 2250 473 hanc

1675 494 1852 522 clvltatem
1864 516 1873 529 ‚

1313 538 1358 571 Et
1376 540 1522 572 domum
1544 545 1578 571 et
1594 536 1849 573 haereditatem
1866 547 1963 573 tuam
1983 542 2158 586 accipiens
2170 568 2179 581 ‚

1262 588 1335 623 815
1362 589 1414 622 Ex
1431 590 1499 622 alia
1519 590 1666 623 muliere
1685 602 1813 634 pueros
1830 604 2021 635 procreans

1313 640 1411 673 Clam
1439 639 1734 684 deprehenditur;
1770 654 1875 687 quam
1900 643 2021 677 furtim
2047 655 2151 681 vero,
2187 654 2250 685 ego

1673 692 1800 727 dicam.

1312 742 1507 788 Postquam
1527 750 1559 775 te
1575 744 1683 777 sensit
1708 756 1780 777 esse
1804 744 1979 785 sterilem,
2015 756 2088 777 non
2113 750 2166 778 sat
2190 742 2252 776 ha-

1671 795 1749 828 huit
1765 795 1829 828 tibi

1312 844 1443 877 Similis
1465 858 1554 885 esse,
1582 852 1614 878 et
1631 846 1795 879 fortunae
1813 846 2063 891 aequalitatem
2080 847 2188 885 serre,

1313 894 1381 928 Sed
1400 896 1595 940 adiungens
1613 897 1678 930 sibi
1698 897 1854 942 aliquam
1873 909 2009 931 servam
2023 924 2031 937 ‚
2059 897 2149 930 clam
2169 908 2252 929 con-

1674 960 1811 991 gressus

1234 996 1236 1014 '
1262 996 1336 1030 820
1360 995 1462 1029 Hunc
1478 1010 1628 1041 puerum
1648 999 1786 1042 genuit,
1815 999 2014 1043 ablegatum
2032 1011 2117 1032 vero
2136 999 2241 1031 alicui

1314 1045 1534 1090 Delphorum
1552 1049 1659 1081 tradit
1676 1050 1917 1087 educandum;
1954 1047 2010 1082 hic
2029 1062 2113 1083 vero
2132 1050 2168 1082 in
2185 1048 2253 1082 Dei

1311 1096 1463 1141 Templo
1480 1100 1666 1139 educatur,
1695 1106 1733 1133 ut
1747 1100 1902 1134 latitaret
1919 1107 2091 1146 tanquam
2102 1100 2177 1134 Deo
2194 1101 2253 1133 de-

1674 1150 1821 1184 dicatus.

1313 1198 1362 1231 Ut
1380 1212 1464 1232 vero
1484 1201 1593 1234 sensit
1609 1201 1866 1235 adolescentem
1887 1201 2101 1240 adolevisse,

1311 1250 1491 1283 Persuasit
1509 1252 1573 1284 tibi
1589 1252 1761 1296 proficisci
1778 1258 1926 1296 propter
1944 1252 2146 1284 orbitatem.

1264 1299 1336 1335 825
1361 1300 1406 1334 Et
1423 1301 1518 1336 Deus
1533 1315 1606 1336 non
1621 1302 1789 1336 mentitus
1807 1309 1878 1342 est,
1905 1302 1969 1336 iste
1987 1314 2073 1335 vero
2090 1307 2142 1336 est
2155 1313 2253 1334 men-

1675 1353 1777 1393 titus,

1313 1401 1385 1434 [am
1405 1398 1491 1436 olim
1509 1403 1605 1436 alens
1622 1401 1678 1437 hic
1694 1417 1796 1438 suum
1814 1404 1925 1437 filium
1943 1410 1978 1437 et
1992 1403 2114 1437 nexuit
2131 1403 2232 1436 dolos

1314 1453 1435 1487 Tales:
1465 1452 1704 1498 deprehensus
1722 1456 1858 1488 confert
1874 1467 2015 1488 causam
2032 1455 2069 1487 in
2087 1453 2216 1487 Deum.

1313 1503 1467 1538 Veniens
1500 1517 1584 1538 vero
1619 1507 1740 1540 volens
1769 1507 1921 1539 liberare
1946 1506 2056 1539 filium
2085 1510 2164 1549 post
2191 1503 2253 1536 ali-

1671 1558 1767 1602 quod
1786 1563 1944 1600 te1upUS‚

1312 1605 1505 1650 Imperium
1523 1613 1638 1639 terrae
1654 1607 1720 1651 ipsi
1738 1610 1876 1641 tradere
1894 1607 1979 1640 walt.

1262 1657 1335 1691 830
1370 1657 1512 1691 Novum
1539 1670 1622 1690 vero
1650 1670 1783 1691 nomen
1817 1664 1898 1703 post
1930 1658 2076 1701 longum
2112 1662 2250 1700 tempus

1672 1709 1791 1742 fictum
1804 1735 1813 1750 ‚

1310 1757 1373 1791 lon
1384 1785 1392 1799 ‚
1422 1759 1517 1804 quod
1536 1758 1667 1792 scilicet
1681 1760 1836 1794 occurrit
1852 1759 2007 1793 venienti
2015 1758 2073 1804 ⁸⁸).

1233 569 1236 583 l

1363 1893 1445 1922 Vita3
1472 1892 1620 1916 solitudine
1638 1897 1705 1915 vero
1725 1891 1822 1915 viduas
1841 1892 1937 1915 domos
1955 1889 2119 1915 inhabitabo.

1363 1927 1431 1956 Quis
1449 1927 1534 1957 igitur
1552 1928 1665 1956 praesto
1684 1922 1756 1949 fuit?
1780 1926 1822 1949 cui
1840 1925 1955 1949 contulit
1974 1923 2122 1954 vestigium
2140 1923 2216 1954 pedis

1361 1961 1479 1984 Maritus
1499 1957 1638 1984 miserae⁴.2
1662 1960 1770 1983 ubinam
1789 1960 1877 1989 ipsum
1896 1955 2067 1988 adspiciam?

1362 1995 1446 2019 Chor.
1465 1994 1590 2024 Novisti,
1615 1999 1630 2017 o
1651 1993 1733 2016 chara
1751 1993 1876 2019 domina,
1895 1993 2115 2021 adolescentem,

1231 2031 1233 2057 i
1362 2029 1412 2058 Qui
1430 2029 1481 2051 hoc
1498 2028 1586 2051 verrit
1604 2023 1755 2056 templum?
1789 2026 1843 2050 iste
1862 2028 1906 2050 est
1927 2026 2010 2050 filius.

1232 2072 1233 2086 l
1362 2062 1424 2086 Cre.
1444 2062 1554 2085 Utinam
1572 2068 1620 2092 per
1639 2061 1774 2086 humidum
1792 2061 1914 2084 volarem
1932 2066 2043 2092 aerem,

1231 2093 1233 2101 ¹
1360 2097 1441 2120 Ultra
1458 2097 1561 2120 terram
1580 2095 1778 2120 Graecanicam

1360 2131 1401 2154 Ad
1420 2130 1514 2153 sidera
1533 2130 1728 2159 occidentalia,

1362 2165 1456 2188 Talem
1475 2165 1557 2187 talem
1576 2164 1697 2188 dolorem
1718 2168 1803 2193 passa
1821 2169 1888 2187 sum.

1361 2200 1425 2222 Seu.
1443 2198 1556 2221 Nomine
1575 2203 1659 2225 vero,
1686 2203 1738 2227 quo
1757 2197 1846 2226 ipsum
1864 2194 2014 2220 nominavit
2033 2196 2126 2226 pater,

1358 2232 1482 2261 Novisti,
1506 2237 1542 2255 an
1564 2231 1675 2255 silentio
1689 2232 1739 2255 hoc
1757 2236 1811 2254 nou
1830 2232 1920 2253 ratum
1937 2225 2051 2252 manet?

1360 2266 1445 2291 Cher.
1464 2267 1572 2295 Ionem,
1600 2265 1728 2295 quoniam
1745 2263 1849 2294 primus
1869 2263 1976 2287 obviam
1995 2263 2071 2287 venit
2088 2264 2172 2294 patri.

1359 2302 1422 2325 Seu.
1441 2301 1531 2323 Matre
1546 2305 1612 2323 vero
1627 2305 1660 2322 ex
1674 2304 1726 2330 qua
1738 2299 1781 2322 est
1791 2294 1805 2322 2
1841 2297 1926 2323 Cher.
1946 2298 2007 2321 Non
2019 2303 2131 2327 possum
2145 2299 2243 2325 dicere.

1359 2334 1412 2358 sed
1431 2334 1516 2361 abiit,
1543 2334 1572 2357 ut
1590 2333 1664 2357 scias
1684 2333 1774 2357 omnia
1793 2337 1809 2355 a
1827 2339 1885 2362 me,
1913 2338 1928 2355 o
1948 2337 2050 2360 senex,
2076 2338 2126 2362 pro

1357 2368 1428 2392 Filio
1446 2367 1655 2391 sacrificaturus
1674 2366 1823 2396 hospitalia
1842 2369 1868 2389 et
1885 2365 2054 2397 genitalitia,

1357 2402 1399 2426 Ad
1415 2402 1593 2426 tabernacula
1611 2407 1694 2425 sacra
1711 2401 1791 2424 huius
1808 2401 1876 2423 clam
1896 2400 2029 2429 maritus,

1356 2436 1541 2461 communiter
1558 2436 1745 2459 celebraturus
1765 2435 1872 2464 epulum
1891 2441 1950 2458 cum
1969 2433 2026 2457 filio
2045 2434 2159 2459 receuti.

1286 2487 1553 2546 δθὲάδεῖἒὲοωίυα
1564 2499 1598 2504 --
1609 2486 1739 2511 venienti.
1759 2487 1815 2515 (vs.
1827 2485 1878 2509 808
1886 2484 2015 2513 -831.)]
2035 2484 2075 2509 sic
2089 2485 2138 2509 Ed.
2150 2485 2223 2511 15⁶2.
2234 2493 2241 2516 ς

1352 2559 1416 2582 Sen.
1434 2554 1565 2585 Domina,
1590 2554 1691 2584 proditi
1710 2559 1819 2583 sumus;
1844 2555 1932 2577 tecum
1951 2552 2020 2577 enim
2040 2552 2120 2576 doleo

1351 2591 1408 2615 'ruo
1427 2589 1545 2617 marito,
1570 2591 1596 2612 et
1611 2588 1738 2612 consulta
1758 2588 1854 2612 fraude

1350 2623 1479 2650 Iniuriam
1496 2622 1630 2653 patimur.
1658 2623 1684 2646 et
1703 2622 1782 2646 domo
1799 2620 1947 2645 Erechthei

1349 2658 1497 2688 Eiicimur,
1523 2659 1550 2681 et
1568 2659 1642 2680 tuum
1660 2662 1714 2680 non
1733 2656 1793 2680 odio
1811 2656 1916 2679 hahens
1936 2653 2063 2678 maritum

1350 2693 1433 2723 Dico,
1459 2691 1507 2716 sed
1527 2693 1554 2715 te
1573 2691 1678 2721 quidem
1696 2690 1784 2721 magis
1805 2694 1885 2720 qnam
1908 2689 1983 2712 illum
2003 2693 2115 2713 amans.
