2373 2980
112 106 189 144 785
640 106 747 143 LXV.

163 194 330 228 Catulum
348 191 467 226 aluisti
482 192 619 226 donum
635 195 733 228 urbis
751 195 882 230 videre.

162 246 254 279 Vide
268 256 418 278 aureum
435 244 597 288 corporis
615 245 746 286 robur,

162 297 258 331 Audi
275 307 448 340 pompam
465 296 634 330 nolarum

160 347 358 395 Sonantem
375 347 440 381 sub
456 347 543 382 loris
559 348 661 382 scuti.

109 397 185 434 385
212 399 329 439 Deus,
358 411 379 432 o
395 398 508 433 Troia
519 425 529 440 ,
556 398 653 434 Deus
668 399 744 444 ipse
760 399 858 436 Mars
869 428 879 443 ,

158 452 284 486 Pullus
300 450 530 496 Strymoniae
549 450 755 486 cantatricis

157 503 303 544 Musae,
329 502 476 536 veniens
498 502 659 547 adspirat
674 502 751 539 tibi.

277 588 493 633 [Rhe-vus,
521 588 705 628 Hector,
736 585 938 635 Chorus]

157 658 260 692 Rhes.
287 656 392 690 Salve
408 656 523 697 bone,
548 655 636 690 boni
651 657 764 701 patris
783 656 851 697 fili,
877 657 1024 690 domine
1045 655 1112 691 hu-

525 707 580 742 ius
597 713 733 748 terrae,

158 759 312 800 Hector,
340 759 504 803 exlongo
522 759 669 792 tandem
684 765 718 792 te
736 764 900 803 tempore
918 759 1096 805 alloquor.

105 811 181 845 590
207 812 358 845 Gaudeo
375 811 441 843 tibi
454 823 511 844 res
526 810 700 846 secundas
715 821 808 849 esse,
836 816 870 842 et
885 817 918 843 te
936 811 1091 845 assidere

156 862 335 897 Turribus
353 859 510 896 hostium
521 888 531 903 ,
559 868 594 895 et
611 873 676 905 ego
691 860 799 895 simul
817 873 1005 897 eversurus

154 914 516 959 Murosssraecorum
535 914 659 947 adsum
671 939 681 953 ,
709 918 744 946 et
759 912 971 949 incensurus
986 926 1108 950 naves.

152 968 250 1001 Hect.
278 965 312 999 O
329 965 380 998 fili
400 964 545 1004 matris,
570 964 677 997 unius
695 977 736 997 ex
751 964 885 1004 Musis,

153 1016 199 1051 Et
216 1016 419 1063 Strymonis
430 1043 440 1057 ,
466 1013 616 1049 Thracii
631 1015 790 1050 fluminis
801 1043 810 1056 ‚
835 1016 961 1050 studeo
982 1016 1083 1063 loqui

102 1067 178 1105 395
205 1069 299 1102 Vera
317 1080 478 1113 semper,
505 1079 571 1100 nec
588 1080 666 1101 sum
684 1068 816 1112 duplex
830 1067 898 1101 vir.

153 1121 270 1155 Multo
288 1126 370 1153 ante
387 1119 579 1164 oportebat
593 1125 626 1152 te
644 1118 815 1163 opitulari
832 1116 916 1152 huic
932 1124 1049 1151 terrae

150 1172 433 1212 Advenientem,
460 1177 495 1204 et
510 1181 607 1211 non,
634 1177 811 1215 quantum
834 1170 873 1203 in
897 1176 931 1203 te
958 1176 1026 1211 est,
1063 1171 1108 1204 ab

517 1221 661 1265 Argivis

154 1275 279 1310 Sinere
300 1274 452 1307 Troiam
471 1272 590 1317 perire
607 1272 714 1306 bello.

152 1327 237 1361 Non
252 1325 367 1366 dices,
395 1325 493 1370 quod
512 1336 587 1358 non
605 1329 752 1358 vocatus
769 1324 814 1357 ab
832 1325 977 1367 amicis,

101 1377 177 1413 400
202 1377 287 1413 Non
316 1376 477 1416 veneris,
518 1387 635 1421 neque
664 1387 771 1420 opem
806 1376 950 1418 tuleris,
990 1389 1108 1424 neque

515 1426 697 1461 curaveris
708 1426 752 1473 ¹⁵)
771 1439 848 1462 nos.

152 1479 243 1525 Quis
259 1479 356 1513 enim
372 1490 504 1524 praeco
516 1505 525 1520 ,
552 1485 614 1512 aut
629 1484 772 1513 senatus
788 1477 974 1525 Phrygum

150 1532 338 1566 Profectus
355 1532 401 1564 ad
422 1538 475 1572 te,
509 1543 585 1564 non
613 1531 809 1564 obtestatus
833 1538 904 1573 est,
938 1538 978 1565 ut
999 1543 1105 1576 opem

513 1582 623 1616 ferres
647 1582 809 1616 civitati?

151 1634 319 1679 Quorum
338 1635 519 1667 donorum
539 1640 707 1667 ornatum
724 1646 798 1668 non
815 1632 977 1668 misimus
995 1635 1085 1669 tibi?

151 1686 211 1720 Tu
234 1698 321 1719 vero
347 1692 519 1730 cognatus
543 1685 696 1719 existens
731 1692 766 1719 et
793 1685 989 1728 barbarus,
1022 1688 1105 1721 bar-

513 1737 622 1770 baros

98 1786 174 1824 405
202 1787 348 1822 Graecis
363 1788 582 1833 propinabas
594 1815 603 1828 ,
631 1787 728 1833 quod
746 1787 791 1819 ad
809 1793 841 1820 te
863 1789 1002 1825 attinet.

148 1839 261 1886 Atqui
281 1846 315 1873 te
331 1852 373 1873 ex
389 1852 502 1884 parvo
519 1839 672 1884 irnperio
689 1850 861 1882 magnum

148 1889 335 1925 Thracum
352 1903 473 1935 regem
487 1891 556 1925 feci
570 1889 637 1924 hac
654 1891 776 1924 dextra
787 1917 797 1931 ,

148 1942 306 1988 Quando
330 1942 424 1976 circa
440 1943 649 1988 Pangaeum
677 1940 891 1988 montem¹⁶)
904 1968 914 1982 ‚
940 1947 974 1975 et
990 1941 1103 1975 Paeo-

515 1995 612 2029 niam
632 2002 766 2028 terram

148 2044 239 2079 Cum
279 2045 596 2090 praestantissimis
627 2045 890 2080 Thracensium
926 2045 1101 2090 impetum

517 2099 651 2133 faciens
669 2098 707 2131 in
726 2097 800 2130 acie

95 2149 172 2187 410
199 2148 297 2194 Rupi
311 2149 444 2194 peltam
457 2176 466 2189 ,
495 2157 530 2184 et
546 2150 611 2183 tibi
629 2150 816 2184 subactum
834 2148 1010 2194 populum

143 2200 314 2235 Tradidi:
341 2213 496 2247 quorum
513 2202 666 2247 gratiam
683 2208 723 2234 tu
741 2201 895 2234 calcibus
910 2200 1098 2245 repellens,

144 2253 279 2287 Amicis
297 2253 391 2286 male
408 2250 623 2288 habentibus
642 2266 722 2288 sero
739 2252 939 2297 opitularis.

143 2304 237 2345 Alii,
264 2303 327 2350 qui
343 2316 418 2337 non
433 2312 516 2339 sunt
530 2305 635 2340 nobis
652 2304 815 2350 cognati,

143 2354 218 2389 Iam
237 2356 324 2389 olim
342 2364 566 2400 praesentes3
594 2357 656 2390 alii
673 2358 711 2390 in
731 2355 881 2401 aggestis
899 2354 1046 2389 tumulis

93 2405 168 2443 415
195 2406 316 2442 Iacent
339 2407 496 2448 mortui,
539 2409 797 2443 documentum
820 2407 903 2441 fidei
927 2419 1002 2441 non
1025 2405 1096 2440 exi-

507 2472 617 2504 guum
634 2460 806 2499 civitatis;

129 2584 175 2617 15)
194 2584 353 2614 curaveris]
379 2583 421 2608 sic
440 2585 540 2614 Barn...
562 2585 686 2616 Musgr.;
719 2585 804 2610 Editt.
829 2584 920 2616 1558„
948 2584 1024 2609 1562.
1044 2590 1093 2608 cu-

160 2620 242 2646 rasti.

128 2661 174 2695 16)
193 2664 227 2688 Η.
244 2664 263 2688 1.
287 2663 315 2688 in
333 2663 419 2689 Editt.
440 2662 532 2692 1558„
559 2663 633 2686 ¹562.
657 2664 724 2686 nota
741 2669 845 2693 marg.:
877 2661 949 2685 Vide
967 2662 1093 2686 Herodo-

162 2700 219 2722 tum
237 2698 283 2723 lib.
298 2699 324 2722 5.
350 2698 473 2728 Thucyd.
492 2697 518 2720 in
538 2697 592 2721 fine
619 2698 665 2721 lib.
680 2698 705 2723 2.
726 2698 790 2722 beni
810 2697 959 2727 Peloponn.
984 2697 1091 2725 [Hero-

163 2733 218 2757 dot.
231 2733 268 2764 V,
289 2733 329 2756 16.
355 2732 475 2763 Thucy-d.
490 2731 524 2762 u,
543 2732 610 2760 99.].

98 2775 282 2807 mautarn.
311 2775 419 2807 Orsa.
443 2775 527 2805 Vm..
551 2774 675 2806 xvul.

802 106 1203 146 INTERPRETATIO
1229 113 1372 149 RHESI
1397 114 1649 152 EURIPIDIS.

2095 124 2168 159 786

1219 199 1291 232 Alii
1308 198 1366 234 hic
1381 201 1418 234 in
1434 202 1543 237 armis
1561 210 1596 237 et
1614 205 1836 250 equestribus
1853 207 2015 242 curribus

1218 251 1384 296 Frigidus
1400 253 1506 288 flatus
1524 260 1557 287 et
1574 255 1795 291 sitibundum
1812 257 1932 302 ignem
1947 259 2017 294 Dei

1221 302 1372 337 Manent
1387 305 1600 340 sustinentes
1611 334 1620 348 ,
1646 320 1721 341 non
1740 308 1777 342 in
1795 309 1893 344 lectis
1904 337 1913 351 ‚

1218 353 1269 386 Ut
1288 360 1327 387 tu
1339 381 1348 395 ‚
1376 356 1611 401 propinantes
1632 359 1776 395 crebros
1792 358 1955 398 haustus.

1169 403 1244 440 420
1272 404 1388 447 Haec,
1416 413 1456 440 ut
1472 408 1560 443 scias
1578 409 1768 445 Hectorem
1786 424 1859 446 esse
1878 413 2031 450 liberum
2043 441 2053 457 ,

1218 455 1418 500 Expostulo
1437 464 1573 500 tecum,
1599 467 1634 494 et
1651 462 1730 495 dico
1749 463 1814 496 tibi
1828 463 1866 497 in
1882 477 1933 501 os.

1218 509 1322 542 Rhea.
1350 508 1450 543 Talis
1465 522 1544 544 sum
1561 517 1596 544 et
1615 524 1700 556 ego,
1724 520 1857 548 rectam
1876 529 2085 553 sermonum

1217 558 1323 593 Viam
1340 572 1463 594 secans
1475 588 1485 602 ‚
1512 574 1577 595 nec
1594 575 1672 596 sum
1690 565 1822 609 duplex
1836 566 1904 602 vir.

1215 609 1292 655 Ego
1310 623 1397 645 vero
1418 612 1532 657 magis
1551 626 1659 659 quam
1678 621 1716 648 tu
1728 641 1737 656 ‚
1766 617 1953 659 absensJab
1970 617 2038 655 hac
2053 628 2149 657 terra

1166 660 1242 698 425
1270 662 1405 697 Dolore
1422 665 1645 700 excruciatus
1660 679 1738 700 sum
1756 667 1793 701 in
1809 666 1956 713 hepate;

1216 714 1285 747 Sed
1301 715 1452 749 confinis
1469 728 1571 750 meae
1588 723 1705 751 terrae
1722 717 1906 764 Scythicus
1925 723 2080 768 populus

1216 764 1329 807 Mihi,
1358 767 1495 801 volenti
1511 769 1684 803 conficere
1700 770 1769 803 iter
1784 772 1828 804 ad
1843 770 1948 806 Ilium
1959 800 1969 815 ,

1216 815 1340 851 Intulit
1358 819 1504 854 bellum.
1558 819 1691 854 Euxini
1708 834 1793 856 vero
1811 823 1894 856 veni

1213 869 1270 902 Ad
1298 870 1398 904 littus
1431 871 1562 912 maris,
1598 879 1638 905 ut
1668 874 1893 908 traducerem
1923 874 2167 913 Thracensem

1578 924 1791 965 exercitum3
1856 918 1859 920 ¹

1162 971 1238 1006 430
1263 971 1315 1006 Ibi
1332 980 1500 1008 cruentus
1518 975 1663 1019 sanguis
1680 975 1865 1022 Scythicus
1883 978 1921 1012 in
1938 985 2072 1014 terram

1212 1023 1457 1058 Hauriebatur
1480 1023 1603 1067 hasta,
1646 1033 1681 1060 et
1705 1040 1812 1063 cruor
1835 1027 2013 1068 Thracius
2035 1032 2169 1071 mixtus

1580 1079 1699 1114 caede.

1214 1126 1315 1161 Talis
1333 1128 1518 1164 calamitas
1533 1137 1715 1164 remorata
1734 1138 1784 1166 est
1800 1145 1858 1167 me
1874 1135 1920 1168 ad
1938 1147 2106 1183 campum

1214 1178 1348 1212 Troiae
1365 1181 1488 1214 venire
1506 1182 1721 1227 opitulatum
1746 1183 1824 1219 tibi.

1211 1229 1409 1277 Postquam
1426 1245 1512 1267 vero
1540 1234 1742 1278 expugnavi
1765 1235 1865 1276 illos,
1901 1244 1935 1271 et
1959 1241 2080 1286 accepi
2106 1243 2169 1277 ob-

1575 1285 1668 1320 sides
1682 1283 1813 1320 horum
1828 1287 1960 1324 liberos
1970 1317 1979 1331 ,

1162 1330 1237 1367 435
1266 1332 1515 1377 Constituens‚
1559 1343 1600 1371 ut
1623 1350 1785 1372 annuum
1811 1339 1986 1376 tributum
2016 1343 2166 1380 domum

1580 1387 1671 1423 mihi
1688 1391 1872 1433 adferant,

1212 1435 1305 1470 Veni
1321 1438 1501 1475 traiiciens
1516 1441 1668 1476 navibus
1684 1449 1836 1486 pontum
1847 1471 1857 1485 ‚

1211 1488 1391 1524 Pedestris
1414 1492 1604 1527 conficiens
1621 1493 1710 1528 alios
1728 1495 1814 1530 fines
1829 1502 1945 1530 terrae
1959 1523 1970 1537 ,

1210 1539 1295 1575 Non
1307 1568 1317 1582 ,
1343 1549 1384 1576 ut
1398 1549 1437 1577 tu
1453 1545 1578 1579 obiicis
1596 1546 1761 1591 superbe,
1789 1560 1886 1582 meas
1901 1549 2097 1595 amystidas
2106 1551 2165 1599 ¹⁷),

1209 1591 1336 1639 Neque
1355 1595 1392 1627 in
1409 1597 1526 1631 aureis
1544 1598 1692 1631 aedibus
1710 1599 1906 1635 dormiens.

1159 1642 1235 1679 440
1261 1645 1331 1679 Sed
1347 1648 1445 1681 venti
1460 1649 1583 1694 quales
1599 1649 1757 1683 Pontum
1776 1649 1972 1686 Thracium
1985 1679 1995 1693 ,

1211 1696 1371 1731 Glaciem
1387 1699 1577 1741 facientes,
1604 1707 1639 1734 et
1657 1701 1886 1737 Pannoniam
1906 1705 2079 1749 perflant,

1209 1747 1427 1797 Sustinui¹³)
1462 1764 1542 1786 cum
1571 1750 1627 1786 his
1653 1753 1851 1789 inermibus
1877 1755 1968 1790 sicut
1991 1757 2030 1790 in
2053 1758 2163 1794 armis

1571 1804 1814 1842 existentibus.

1209 1850 1279 1886 Sed
1295 1865 1375 1887 sero
1394 1854 1538 1900 quidem
1555 1856 1657 1897 veni,
1684 1863 1806 1891 tamen
1825 1855 1942 1893 adhuc
1963 1859 2049 1895 satis
2073 1866 2162 1895 tem-

1573 1908 1722 1953 pestive.

1208 1954 1268 1989 Tu
1285 1956 1380 1990 enim
1396 1957 1468 1991 iam
1486 1959 1664 1994 decimum
1679 1972 1818 2005 pugnas
1838 1973 1973 1997 annum
1984 1991 1994 2006 ‚

1156 2004 1232 2041 445
1259 2007 1306 2041 Et
1322 2007 1413 2042 nihil
1428 2010 1554 2052 efficis,
1581 2013 1641 2046 sed
1659 2013 1754 2046 diem
1772 2014 1814 2046 de
1834 2013 1891 2047 die

1205 2058 1328 2101 Ducis,
1353 2067 1524 2108 tanquam
1541 2063 1667 2098 ludens
1682 2065 1896 2110 proeliando
1914 2078 1995 2100 cum
2005 2065 2159 2113 Argivis.

1204 2108 1300 2144 Mihi
1315 2112 1391 2147 dies
1409 2126 1480 2147 una
1499 2114 1691 2150 satisfaciet
1702 2143 1712 2157 ‚

1203 2160 1438 2208 Expugnanti
1462 2171 1600 2209 turres,
1642 2180 1683 2201 ac
1708 2174 1749 2202 ut
1769 2167 1945 2213 impetum
1965 2169 2096 2205 faciam
2119 2171 2158 2207 in

1573 2219 1745 2255 stationes
1762 2220 1929 2262 navium,

1201 2264 1249 2299 Et
1265 2272 1305 2300 ut
1320 2266 1531 2303 interficiam
1549 2271 1723 2310 Graecos;
1752 2278 1787 2304 et
1802 2272 1912 2305 altera
1928 2272 1986 2306 die
2002 2273 2046 2308 ab
2062 2273 2127 2309 [lio

1150 2314 1227 2351 450
1254 2317 1395 2353 Redibo
1413 2321 1560 2355 domum
1573 2349 1583 2363 ,
1610 2323 1739 2357 finiens
1754 2329 1834 2357 tuos
1850 2323 2003 2360 labores.

1201 2368 1327 2405 Nullus
1345 2367 1504 2406 vestrum
1522 2373 1686 2419 clypeum
1704 2374 1807 2409 tollat
1823 2387 1954 2416 manu;

1185 2506 1230 2534 17)
1249 2506 1422 2537 amystidas]
1446 2507 1514 2530 haec
1538 2514 1592 2531 vox
1617 2508 1645 2532 in
1670 2515 1758 2540 marg.
1777 2509 1862 2534 Editt.
1883 2510 1976 2541 ¹553„
2004 2511 2079 2537 1562.
2105 2513 2148 2538 sic

1216 2541 1384 2571 explicatur:
1404 2542 1497 2565 Genus
1518 2543 1614 2572 poculi.
1642 2544 1774 2567 Horatius
1787 2544 1838 2568 ode
1852 2545 1895 2569 36.
1914 2545 1958 2570 lib.
1976 2546 1998 2570 1,
2022 2547 2078 2575 [vs.
2091 2548 2147 2577 1⁴,J

1216 2576 1331 2599 Bassum
1345 2577 1472 2600 Threicia
1491 2577 1583 2600 vincat
1601 2579 1751 2608 amystide.
1788 2580 1828 2602 Ab
1849 2580 2000 2603 hauriendo
2020 2581 2126 2606 dicitur.

1182 2626 1228 2657 18)
1249 2628 1324 2650 venti
1349 2629 1445 2658 quales
1466 2647 1473 2653 .
1493 2648 1500 2654 .
1521 2648 1527 2653 .
1547 2631 1682 2659 perflant,
1720 2631 1859 2660 sustinui]
1885 2631 1927 2654 sic
1952 2632 2034 2657 Editt.
2056 2633 2142 2663 1553,

1217 2662 1307 2692 15623
1328 2663 1425 2693 Barth,
1444 2665 1566 2694 Mlisgr.:
1587 2666 1703 2697 venum,
1723 2665 1819 2695 quales
1838 2684 1844 2689 .
1865 2685 1870 2690 .
1893 2684 1899 2690 .
1920 2667 2052 2697 perflant,
2071 2668 2141 2691 Sus-

1214 2696 1302 2727 tinui;
1345 2698 1420 2723 Fixa
1453 2699 1548 2728 quales
1569 2699 1644 2722 venti
1663 2717 1669 2722 .
1689 2718 1694 2723 .
1716 2719 1723 2726 ,
1743 2702 1885 2732 premunt,
1927 2700 1978 2725 bos
1997 2719 2004 2726 .
2026 2718 2030 2724 .
2051 2702 2140 2726 susti-

1212 2736 1281 2754 neus
1300 2749 1307 2756 .
1328 2751 1334 2757 .
1353 2734 1483 2763 expertus
1501 2739 1572 2758 sum.

1575 2766 1625 2802 50
