2373 2980
231 87 326 122 1099

281 176 361 217 Lyc.
399 170 459 203 lue
486 180 558 201 non
586 168 703 205 adest,
732 178 847 212 neque
872 173 1042 203 venturus
1064 175 1115 203 est
1144 182 1209 204 un-

637 228 755 262 quam.

280 277 358 308 Am.
387 272 480 309 Non,
502 268 569 302 nisi
584 268 680 301 Deus
699 267 827 312 aliquis
843 268 1046 302 excitaverit
1065 281 1157 304 eum.

232 325 304 359 720
334 325 414 366 Lyc.
439 320 538 353 Vade
554 320 597 352 ad
616 330 691 351 eam
705 344 714 359 ‚
739 324 773 350 et
788 330 806 351 e
824 320 931 352 domo
949 321 1066 354 ducas.

279 377 355 408 Am.
379 372 561 414 Particeps
577 382 685 403 essem
706 369 841 409 caedis,
866 370 895 403 si
910 371 1059 404 facerem
1077 369 1174 405 haec.

282 426 362 467 Lyc.
389 422 462 456 Nos
474 448 483 461 ‚
507 421 535 454 si
553 421 695 466 quidem
716 417 783 452 hoc
799 420 862 452 tibi
880 427 931 454 est
948 422 1058 462 cordi,

279 474 350 518 Qui
367 485 487 507 sumus
507 478 603 504 extra
620 477 773 504 terrores
789 497 798 510 ‚
816 472 1002 506 educemus

277 523 425 557 Liberos
444 535 523 556 cum
540 529 665 556 matre.
719 521 796 555 Huc
811 523 1020 568 sequimini,
1044 523 1182 563 famuli,

228 574 300 610 ‘725
328 575 375 608 Ut
393 575 572 607 solvamus
588 584 727 606 moram
746 570 850 607 huius
866 574 999 618 negotii
1014 573 1173 608 libentes.

277 629 352 660 Am.
386 625 443 658 Tu
460 636 544 657 vero
563 636 630 657 eas.
683 623 792 657 Vadis
808 631 944 669 autem,
968 625 997 658 si
1017 625 1128 657 fatum
1145 630 1207 663 est,

640 674 707 707 alia
725 675 884 709 fortassis

277 727 387 760 Alteri
403 739 505 759 curae
522 732 636 759 erunt.
670 724 825 769 Expecta
843 733 959 760 autem
972 753 980 766 ,
1004 738 1082 759 cum
1099 726 1207 759 male-

636 777 771 815 seceris,

278 828 325 860 Ut
344 828 479 873 aliquid
497 827 581 860 mali
600 826 757 871 patiaris.
810 827 842 859 O
858 838 977 866 senes,
1000 833 1093 860 recte

275 879 399 917 Vadit,
423 879 582 923 capietur
600 878 728 910 retium
746 877 880 921 laqueis

227 930 299 964 730
324 928 505 968 Ensiferis,
525 928 586 973 qui
605 934 724 971 sperat
739 939 774 960 se
789 927 1054 961 interfecturum
1071 927 1206 960 vicinos

274 981 463 1014 Pessimus.
516 978 576 1011 lbo
590 1004 598 1016 ‚
621 984 659 1011 ut
679 978 817 1010 videam
835 984 1017 1011 mortuum

275 1031 485 1067 Cadenteun
511 1029 613 1061 affert
631 1029 725 1060 enim
746 1029 946 1072 voluptates
961 1028 1117 1061 moriens
1134 1028 1188 1060 vir

272 1081 437 1114 inimicus
449 1106 458 1120 ‚
475 1086 507 1113 et
526 1091 603 1112 cum
623 1079 793 1122 persolvit
809 1091 941 1123 poenas
959 1080 1134 1112 factorum
1144 1077 1204 1123 65).
1230 1091 1234 1122 1

1231 1125 1234 1146 ι

566 1135 785 1183 [Sti-ephe
808 1135 866 1184 1.]

275 1200 372 1233 Gkor.
395 1197 548 1230 Mutatio
565 1195 754 1230 malorum.

255 1347 302 1378 68)
324 1346 388 1374 Lyc.
408 1346 439 1369 lu
458 1346 580 1375 tempore
598 1356 632 1361 —
651 1344 793 1368 factorum.
814 1343 870 1375 (vs.
888 1341 1077 1375 701—733.)]
1098 1342 1138 1368 sic
1155 1344 1202 1368 Ed.

291 1380 381 1410 1562.;
399 1380 449 1403 Ed.
469 1380 560 1404 1558.:

324 1415 388 1443 Lyc.
410 1415 568 1443 Opportune
587 1419 601 1436 e
620 1413 698 1436 domo
717 1412 897 1442 Amphitryon
917 1412 1064 1443 egreditur.

324 1449 442 1478 Tempus
461 1448 531 1471 enim
549 1448 603 1471 iam
622 1447 748 1477 longum,
768 1453 801 1470 ex
819 1452 870 1476 quo
889 1446 977 1476 peplis

322 1482 435 1506 Ornatis
454 1487 564 1511 corpus,
584 1482 610 1504 et
628 1482 796 1504 mortuorum
815 1481 1002 1509 ornamentis;

326 1517 380 1540 sed
398 1522 465 1546 age,
485 1516 556 1538 filios
575 1517 602 1538 et
621 1520 734 1537 uxorem
752 1514 879 1537 Herculis

324 1551 410 1574 Extra
428 1550 490 1573 iube
508 1550 558 1572 has
578 1554 712 1578 apparere
731 1548 825 1578 aedes,

326 1585 365 1608 Ea
384 1583 554 1612 conditione,
574 1587 627 1612 qua
646 1582 812 1611 promisistis
831 1581 904 1605 ultro
927 1582 1043 1606 condicti
1062 1582 1138 1606 mori.

323 1619 384 1643 Am.
407 1618 428 1642 Ο
447 1623 507 1645 rex,
527 1617 602 1640 iubes
621 1623 662 1639 me
681 1616 782 1639 misere
798 1615 935 1648 affectum,

324 1652 504 1681 lniuriamque
523 1651 608 1674 infers
629 1656 694 1681 erga
715 1650 862 1673 morituros
882 1656 967 1680 meos,

321 1687 351 1710 ln
370 1685 465 1716 quibus
485 1685 612 1708 convenit
630 1686 658 1707 te
677 1685 817 1707 moderate
837 1684 902 1712 (etsi
922 1685 1009 1708 vietor
1029 1686 1073 1712 es]
1093 1689 1184 1714 agere.

325 1737 344 1748 „
357 1720 410 1744 Sed
430 1721 570 1749 postquam
590 1719 781 1742 necessitatem
801 1718 879 1741 addis
899 1719 976 1742 nohis
996 1718 1138 1743 moriendi.

324 1754 476 1785 „Fereuda
501 1759 586 1783 aeque
610 1753 779 1782 necessitas;
814 1752 966 1776 faciendum
991 1753 1061 1783 quod
1084 1752 1134 1775 tibi
1158 1751 1201 1774 vi-

631 1787 718 1810 detur.

323 1823 388 1850 Luc.
409 1822 460 1845 Ubi
478 1821 562 1852 igitur
580 1818 714 1851 Megara?
733 1821 778 1844 ubi
797 1821 867 1844 tilius
887 1821 1035 1844 Alcmenae
1053 1816 1122 1844 filii?

324 1857 383 1880 Am.
417 1856 504 1879 Video
531 1856 636 1885 quidem
667 1855 758 1886 illam,
787 1856 916 1884 tanquam
941 1855 1009 1878 foris
1041 1854 1201 1878 existentem

635 1888 795 1912 coniectari.

325 1925 390 1952 Lyc.
411 1924 494 1952 Quam
513 1929 570 1947 rem
589 1923 724 1952 opinionis
743 1923 822 1945 huius
839 1923 921 1946 habes
941 1918 1148 1946 coniecturam?

324 1959 383 1982 Am.
405 1958 558 1987 supplicem
575 1957 610 1980 ad
630 1957 777 1979 inviolatas
796 1956 863 1979 laris
883 1956 980 1980 sedere
997 1956 1102 1979 fossas.

326 1993 390 2020 Lyc.
410 1992 551 2014 Incassum
570 1996 637 2013 sane
656 1991 852 2020 supplicantem
871 1995 1039 2014 conservare
1057 1990 1148 2013 vitam.

322 2026 382 2050 Am.
402 2026 491 2049 Etiam
509 2026 643 2048 mortuum
661 2024 770 2047 invocat
788 2025 895 2047 frustra
913 2024 1048 2047 maritum.

324 2061 390 2088 Lyc.
427 2059 478 2082 Ille
505 2064 570 2082 vero
600 2064 653 2081 nou
687 2058 781 2087 adest,
819 2058 921 2081 utinam
953 2058 1034 2081 etiam
1066 2061 1201 2086 nunquam
1226 2056 1227 2066 ¹

628 2092 729 2115 veniat.

528 2126 581 2148 nisi
605 2126 701 2149 forsan
733 2125 866 2155 quispiam
890 2125 1009 2149 Deorum
1039 2124 1201 2148 excitaverit

626 2160 723 2188 ipsum.

324 2196 388 2223 Lyc.
408 2194 458 2218 Abi
476 2194 509 2217 ad
529 2199 603 2221 eam,
624 2195 649 2216 et
669 2193 735 2222 educ
754 2199 769 2216 e
788 2193 874 2215 domo.

322 2229 383 2253 Am.
403 2228 546 2258 Particeps
566 2234 657 2250 essem
677 2227 784 2255 caediS,
802 2227 909 2250 faciens
927 2227 985 2250 hoc.

324 2264 390 2291 Lyc.
408 2264 481 2289 MS,
500 2262 624 2292 quoniam
643 2261 691 2284 tibi
709 2262 759 2284 hoc
777 2262 822 2283 est
843 2261 929 2288 cordi,

322 2128 380 2152 Am.
416 2127 475 2150 Non
485 2144 492 2153 ,

324 2297 376 2326 Qui
395 2299 483 2320 metus
501 2298 630 2325 expertes
650 2300 742 2318 sumus
754 2311 761 2325 ,
781 2295 926 2318 educemus

322 2331 388 2355 Cum
407 2332 494 2354 matre
512 2330 632 2358 liberos3
651 2329 701 2352 huc
718 2328 861 2358 sequimini
880 2328 983 2357 famuli,

323 2366 357 2388 Ut
376 2364 459 2388 otium
477 2364 634 2393 solvamus,
653 2363 777 2386 lubentes
795 2363 928 2386 laborum.

323 2399 381 2422 Am.
407 2399 445 2421 Tu
465 2398 548 2428 igitur
567 2403 631 2426 eas3
656 2397 734 2420 vadis
752 2402 836 2426 vero,
859 2397 883 2420 si
900 2397 986 2420 fatum
1006 2397 1064 2419 est:
1089 2397 1199 2420 caetera
1224 2394 1227 2416 i

625 2431 719 2454 forsan

323 2465 411 2490 Alteri
430 2471 512 2488 curae
531 2466 620 2489 erunt.
657 2465 805 2494 „Expecta
822 2470 889 2488 vero
908 2464 1013 2488 faciens
1031 2464 1112 2493 male,

324 2516 342 2529 ,‚
354 2499 419 2523 Mali
437 2499 539 2528 aliquid
558 2504 713 2528 passurum.
749 2499 771 2522 0
791 2504 871 2521 senes
883 2515 890 2525 ,
910 2500 985 2522 recte

323 2534 403 2558 Abit.
423 2533 526 2562 laqueis
546 2533 644 2555 retium
662 2532 788 2562 capietur

323 2567 478 2596 Ensiferis,
497 2566 634 2595 proximos
652 2572 766 2596 sperans
785 2566 1003 2593 interfecturum.

325 2601 466 2625 Pessimus
487 2600 551 2628 iile3
569 2601 635 2623 abeo
655 2605 739 2629 vero,
757 2602 787 2623 ut
804 2600 910 2624 videam
929 2602 1063 2624 mortuum

322 2636 479 2659 cadentem.
506 2633 643 2664 „Praebet
661 2634 732 2657 enim
750 2634 924 2664 voluptates,
943 2641 1003 2658 cum
1023 2634 1138 2659 moritur
1157 2634 1200 2658 vir
1225 2631 1229 2664 Ι

325 2686 343 2700 ‚‚
353 2669 464 2698 Hostis,
484 2674 595 2698 cumque
613 2668 696 2691 solvit
715 2669 748 2692 ob
765 2670 924 2699 perpetrata
939 2674 1060 2699 poenam.
1224 2669 1228 2701 Ι

801 82 923 117 PHIL.
959 82 1071 120 MEL.
1105 84 1305 121 SCRIPTA
1338 87 1671 125 PHILOLOGICA.

2140 99 2236 134 1100

1261 171 1334 207 735
1357 173 1428 219 Qui
1447 186 1594 218 magnus
1613 187 1674 208 rex
1690 180 1791 208 antea
1809 184 1895 218 erat,

1310 223 1440 258 Iterum
1460 225 1567 258 flectit

1308 274 1427 308 Vitam
1447 276 1491 308 ad
1506 275 1709 310 Plutonem.

1310 325 1343 358 O
1357 324 1530 360 Iustitiam
1549 332 1583 359 et
1597 325 1757 360 Deorum

1308 375 1435 409 Fatum
1453 375 1614 410 refluens.

1232 428 1235 459 ἔ
1260 426 1333 460 740
1349 428 1426 460 Am.
1444 425 1580 461 Venisti
1590 427 1752 473 quamvis
1766 439 1857 469 ser0,
1874 430 1936 463 ubi
1951 439 2065 467 morte
2084 448 2236 480 poenam

1664 478 1739 511 lues

1309 526 1462 560 iniuriae
1475 554 1483 568 ,
1509 540 1616 573 quam
1634 528 1746 562 fecisti
1762 529 1969 565 melioribus
1987 538 2032 566 te.

1595 610 1809 659 [Str-ephe
1836 612 1898 661 2.]

1310 680 1407 712 Ghor.
1431 678 1570 712 Gaudia
1586 677 1849 724 lachrymarum

1309 728 1559 764 Excusationes
1576 731 1762 764 dederunt.

1311 779 1494 814 venerunt
1509 793 1630 814 rursus
1641 807 1650 820 ‚
1676 793 1765 825 quae
1781 788 1884 815 antea

1259 828 1332 864 745
1355 831 1549 877 Nunquam
1568 831 1687 864 animo
1707 843 1783 875 spe-

1309 881 1401 914 ravit
1417 894 1452 915 se
1475 894 1659 926 passurum
1677 882 1844 920 dominus
1863 888 1988 917 terrae.

1309 931 1395 971 Sed,
1421 944 1441 964 ο
1459 945 1583 973 senex,
1607 933 1693 978 quid
1711 933 1804 965 intra
1827 934 1973 967 domum
1989 934 2061 974 fiat,

1309 981 1518 1023 Videamus,
1535 983 1563 1017 si
1580 983 1658 1028 quis
1672 990 1773 1027 agat,
1796 990 1835 1016 ut
1852 996 1916 1028 ego
1935 985 2053 1029 cupio.

1598 1065 1810 1113 [strophe
1836 1066 1898 1114 3.]

1309 1134 1391 1175 Lyc.
1418 1132 1451 1165 Ο
1469 1145 1537 1166 me.
1591 1134 1688 1168 Ghor.
1713 1131 1840 1177 Incipit
1855 1132 1924 1167 hoc

1258 1180 1332 1215 750
1356 1183 1508 1216 Carmen
1520 1210 1529 1223 ‚
1553 1184 1650 1229 quod
1666 1181 1754 1216 mihi
1770 1185 1815 1216 ad
1832 1185 2047 1218 audiendum

1309 1233 1458 1267 Gratum
1477 1240 1527 1267 est
1543 1235 1579 1266 in
1600 1234 1756 1268 aedibus.

1307 1283 1407 1318 Mors
1422 1296 1495 1317 non
1512 1285 1654 1329 procul,
1679 1285 1820 1325 clamat,

1308 1334 1448 1368 Clamat
1464 1347 1606 1379 gemens
1624 1335 1849 1380 prooemium
1865 1334 1979 1368 caedis
1996 1346 2066 1370 rex.

1310 1388 1392 1429 Isyc.
1421 1385 1454 1418 O
1472 1393 1544 1419 tota
1562 1386 1687 1420 Cadmi
1704 1393 1818 1425 terra,
1844 1386 1926 1418 dolo
1941 1397 2061 1430 pereo.

1257 1434 1330 1469 755
1375 1437 1472 1472 Ghor.
1517 1437 1610 1481 Quia
1641 1436 1844 1481 perdidisti;
1882 1438 2086 1479 persolvens
2117 1443 2234 1471 autem

1663 1498 1808 1530 poenas,

1307 1537 1458 1576 Sustine,
1475 1548 1608 1580 poenas
1624 1537 1772 1570 daturus
1789 1537 1975 1569 factorum.

1599 1620 1808 1668 [strophe
1831 1619 1894 1667 4.]

1306 1689 1402 1722 ΟΙιον.
1429 1687 1517 1732 Quis
1531 1687 1711 1728 mortalis,
1726 1687 1821 1722 Deos
1836 1687 1998 1732 polluens
2014 1688 2199 1729 iniustitia,

1305 1738 1457 1771 Stultum
1478 1751 1679 1772 sermonem
1698 1745 1821 1772 contra
1835 1739 1957 1772 beatos
1975 1739 2115 1773 coelites

1303 1788 1431 1822 Emisit
1442 1816 1451 1829 ‚
1477 1791 1573 1835 quod
1589 1789 1650 1822 Dii
1666 1788 1757 1823 nihil
1771 1789 1932 1834 possint?

1255 1839 1328 1873 760
1350 1839 1456 1874 Senes
1467 1867 1476 1880 ‚
1499 1853 1573 1874 non
1589 1847 1640 1874 est
1656 1841 1806 1885 amplius
1827 1840 1956 1884 impius
1972 1840 2037 1873 vir.

1303 1890 1438 1924 Tacent
1456 1891 1544 1924 atria
1558 1918 1567 1932 ,
1590 1898 1772 1924 vertamur
1790 1892 1835 1924 ad
1850 1888 1990 1924 choros.

1303 1941 1418 1974 Amici
1435 1942 1529 1975 enim
1541 1969 1550 1982 ‚
1575 1955 1662 1988 quos
1678 1943 1761 1975 volo
1773 1968 1782 1982 ,
1806 1942 1922 1975 felices
1937 1941 2085 1987 suntffl).

1286 2090 1332 2121 69)
1355 2090 1438 2115 Cltor.
1457 2090 1570 2114 Mutatio
1589 2103 1622 2107 —
1641 2090 1735 2113 felices
1755 2092 1825 2112 sunt.
1847 2091 1902 2120 (vs.
1917 2088 2104 2118 734-762.)]
2124 2088 2164 2111 sic
2182 2088 2220 2111 Ed

1322 2124 1414 2153 1562.;
1434 2124 1482 2149 Ed.
1501 2125 1591 2148 ¹558:

1357 2159 1441 2183 Chor.
1462 2157 1672 2187 „Commutatio
1696 2160 1738 2181 est
1757 2158 1897 2182 maiorum.

1355 2194 1497 2223 „Magnus
1514 2194 1596 2216 antea
1615 2199 1663 2216 rex

1355 2227 1482 2255 „Iterum
1505 2227 1627 2250 deflectet

1355 2261 1473 2291 „vitam
1492 2261 1527 2284 ad
1543 2260 1694 2285 Plutonem.

1354 2295 1449 2325 „Hem
1468 2294 1615 2324 iustitiam,
1635 2295 1661 2317 et
1679 2295 1795 2317 Deorum

1356 2329 1468 2359 „Retro
1487 2329 1572 2351 fluens
1592 2328 1685 2352 fatum.

1354 2363 1413 2387 Am.
1434 2362 1543 2385 Venisti
1561 2362 1683 2392 quamvis
1701 2367 1782 2389 sero,
1802 2360 1845 2383 ubi
1865 2365 1979 2390 poenam
1999 2360 2076 2384 dabis
2095 2361 2230 2384 mortuus.

1353 2396 1455 2420 lniuria
1473 2396 1598 2419 afficiens
1617 2395 1838 2426 praestantiores
1858 2397 1892 2417 te.

1355 2431 1439 2455 Clior.
1460 2430 1593 2457 „Gaudia
1614 2430 1771 2459 lachrymas

1355 2482 1373 2495 ,,
1385 2466 1578 2489 Excusserunt.

1354 2500 1454 2522 lterum
1473 2498 1563 2526 venit,
1583 2503 1652 2528 quae
1672 2500 1752 2521 antea

1354 2534 1494 2562 Nunquam
1513 2532 1602 2555 animo
1622 2533 1745 2562 speravit

1357 2570 1393 2591 Se
1411 2572 1556 2596 passurum
1574 2568 1668 2589 terrae
1686 2572 1743 2589 rex.

1355 2601 1424 2629 Sed,
1444 2606 1459 2624 o
1479 2607 1562 2623 senex
1575 2617 1581 2625 .
1601 2601 1682 2623 etiam
1701 2601 1839 2624 domorum
1859 2600 1989 2623 interiora

1355 2634 1581 2661 consideremus,
1602 2641 1662 2658 num
1681 2636 1746 2665 agat
1764 2635 1824 2664 quis
1836 2651 1843 2659 .
1862 2636 1891 2657 ut
1911 2640 1961 2664 ego
1979 2634 2065 2663 cupio.

1357 2670 1421 2698 Lyc.
1441 2669 1524 2693 Eheu.
1563 2669 1647 2693 Cliur.
1668 2669 1725 2693 Hoc
1745 2669 1848 2692 initium
1866 2669 1937 2698 capit
