2373 2980
220 104 292 137 999

270 191 367 223 Cleor.
391 188 468 222 Huc
485 192 700 232 spectemus,
725 184 872 219 amicae.

270 243 340 274 Ion.
363 239 469 273 Vides
487 250 564 271 eam
577 263 586 277 ,
609 247 700 281 quae
717 236 886 270 adversus
903 235 1121 269 Enceladum

216 292 290 326 210
313 289 530 324 Horribilem
548 288 664 321 vibrat
685 287 873 332 clypeum?

268 344 365 376 Cher.
392 340 505 373 Video
521 339 704 373 Palladem
717 365 726 378 ,
749 350 866 371 meam
883 337 1009 371 Deam.

266 396 338 426 lon.
364 392 420 424 An
444 398 477 425 et
502 391 637 425 fulmen
654 389 822 434 utrinque
841 390 1014 429 candens,
1040 395 1073 421 et
1091 388 1201 431 impe-

627 447 769 474 tuosum

266 493 304 526 ln
320 492 579 527 iaculatricibus
597 491 760 525 manibus
778 490 894 525 on‘is'?

266 547 364 579 Ghor.
386 544 517 578 Video:
539 555 737 588 pugnacem

214 595 288 632 215
311 596 487 628 Mimanta
508 595 588 639 igne
607 594 777 628 incendit.

262 647 307 681 Et
324 645 483 681 Bacchus
502 646 609 679 alium

262 698 466 733 lmbellibus
484 696 688 731 hederaceis
705 695 837 729 baculis

260 749 429 783 Interficit
450 756 564 783 [errae
584 749 708 782 filium.

261 802 313 834 Te
329 802 511 834 aedituum
530 798 717 843 compello.

213 854 287 888 220
310 852 418 886 Estne
434 853 486 886 fas
502 851 653 884 transire
672 846 869 892 penetralia

262 904 353 937 Albo
372 902 488 948 pede?
535 904 608 935 Ion.
629 900 711 934 Non
729 904 780 931 est
796 898 860 930 fas.

262 956 360 989 Chor.
384 954 508 999 Neque
527 965 568 986 ex
584 959 617 984 te
635 948 807 984 audiero?

259 1008 331 1039 Ιοη.
373 1005 468 1050 Quid
492 1002 613 1048 cupis?
678 1002 774 1035 Ghor.
812 998 906 1032 Num
932 1009 1015 1029 vere
1040 996 1196 1029 medium

623 1051 832 1085 umbilicum
852 1055 968 1081 terrae

260 1105 397 1140 Phoebi
415 1107 574 1141 continet
591 1101 790 1147 templum?
846 1102 917 1133 lon.
943 1099 1123 1132 Ornatum
1142 1109 1198 1130 co-

613 1155 726 1194 ronis,

209 1208 282 1246 225
305 1209 349 1243 Et
367 1210 455 1243 circa
474 1215 556 1242 sunt
571 1208 769 1250 Gorgones.
827 1204 923 1237 Gleor.
949 1201 1006 1234 Sic
1024 1200 1163 1234 dicitur.

260 1265 329 1295 lon.
361 1261 396 1294 Si
434 1259 625 1295 accessistis
659 1258 703 1290 ad
731 1253 978 1300 praesegmina
1006 1251 1196 1286 sacrificio-

621 1321 702 1343 rum
711 1307 757 1354 32)
776 1311 857 1339 ante
874 1305 1034 1343 domum,

261 1363 306 1397 Et
323 1363 351 1396 si
370 1362 474 1397 vultis
491 1362 713 1405 interrogare
729 1356 930 1395 Phoebum,

259 1414 307 1448 lte
324 1415 361 1447 in
379 1426 497 1448 aream
512 1427 519 1452 ;
542 1414 705 1446 nondum
720 1422 803 1443 vero
824 1408 933 1441 caesis

260 1466 414 1506 Ovibus,
431 1478 506 1499 non
524 1464 671 1498 transite
687 1463 724 1495 in
743 1460 890 1494 interius
906 1457 1091 1501 templum.

312 1634 397 1657 Cher.
417 1632 475 1655 Non
493 1631 521 1654 in
540 1628 640 1653 divinis
660 1627 775 1651 Athenis

311 1667 490 1691 praestantes
508 1665 649 1688 columnas
668 1663 798 1685 habentes
819 1661 883 1683 sunt
901 1659 962 1682 alae

312 1703 431 1725 Deorum
450 1700 554 1730 solum⁷
573 1704 660 1727 neque
677 1696 749 1719 sacri

312 1736 425 1764 Vultus⁷
445 1740 540 1757 verum
559 1732 640 1756 etiam
659 1730 730 1760 apud
750 1728 913 1759 Apollinem,

311 1772 435 1794 Latonae
454 1768 554 1797 filium,
574 1766 748 1794 bicorpormn

311 1805 497 1829 Personarum
516 1802 644 1831 pulchras
665 1799 756 1822 ferras
777 1797 903 1820 referens
927 1795 1026 1818 lumenv

313 1840 376 1863 Ion.
395 1838 464 1861 Ecce
482 1837 552 1859 lianc
572 1834 691 1864 adspice.

313 1874 464 1897 Lernaeam
482 1870 599 1900 hydram
618 1866 747 1891 interficit

314 1909 408 1930 Aurea
428 1906 513 1934 harpe
532 1903 605 1926 lovis
624 1902 705 1925 filiuS.

312 1942 403 1965 Chara
421 1942 450 1962 tu
466 1938 577 1967 adspice
595 1936 690 1960 oculis,

313 1976 397 2001 chor.
417 1974 514 1997 Video.
550 1971 612 1995 Ion.
632 1971 667 1993 Et
686 1974 772 1998 prope
791 1973 852 1990 eum
871 1967 942 1990 alius

312 2010 433 2033 Allatam
453 2007 517 2037 igne
531 2005 683 2029 ambustam
702 2001 850 2026 interfecit.

311 2044 398 2069 onor.
418 2042 565 2071 Quisnam,
588 2038 632 2069 qui
651 2043 710 2061 mea
729 2037 859 2059 narratur

311 2077 390 2107 Apud
408 2072 515 2106 pensa?

312 2112 373 2136 Ion.
393 2109 512 2134 scutifer
531 2108 640 2135 Iolaus,
660 2105 705 2135 qui

313 2146 476 2170 Communes
496 2141 608 2166 subiens
625 2140 736 2162 labores

311 2179 409 2204 loviali
426 2177 482 2201 filio
499 2175 661 2200 collaborat.

310 2213 393 2243 Atqui
412 2213 481 2235 hunc
499 2209 610 2239 adspice

311 2247 386 2273 Aiati
403 2246 574 2270 insessorem
594 2242 664 2272 equi.

312 2283 405 2306 lovem
422 2280 562 2304 afflantem
581 2276 680 2301 occidit

311 2316 501 2345 Tricorporem
519 2312 582 2335 vim.

312 2351 399 2375 Chor.
424 2348 521 2373 omnia
540 2347 617 2370 certe
635 2344 723 2369 oculis
744 2348 904 2373 consequor.

312 2385 375 2409 lon,
393 2382 547 2407 Considera
564 2380 708 2403 tumultum
726 2378 754 2402 in
773 2377 923 2407 parietibus

312 2417 440 2447 Lapideis
458 2416 609 2445 gigantum.

242 2470 291 2502 32)
311 2467 467 2493 accessistis
487 2466 521 2489 ad
540 2464 731 2494 praesegmina
750 2460 961 2492 sacrificiorum]
989 2460 1029 2484 sic
1048 2461 1095 2484 Ed.
1118 2461 1190 2485 1562.

279 2503 344 2533 (Ed.
364 2501 444 2525 Basil.
466 2500 539 2523 ¹551.
559 2495 672 2522 ἐδὺσιιτε
693 2496 838 2524 πέλανον).
883 2496 932 2519 liis
959 2496 986 2519 iu
1009 2501 1095 2525 marg.
1116 2496 1190 2518 illius

276 2538 328 2563 Ed.
348 2535 493 2566 Xylander
514 2534 585 2557 hanc
609 2531 708 2555 adiecit
731 2530 949 2554 annotationem:
975 2527 1116 2561 „limante
1141 2529 1190 2552 πί-

280 2571 377 2595 λανον.
394 2569 469 2593 nullo
487 2573 578 2590 sensu.
621 2566 754 2595 Legerem
777 2561 896 2587 ἐθύσατε
913 2563 1051 2595 πέλανον,
1080 2565 1107 2587 et
1125 2569 1190 2587 ver-

277 2607 379 2630 terem:
416 2603 445 2627 Si
463 2602 567 2632 quidem
585 2599 719 2623 sacrificio
738 2598 851 2628 peracto
870 2599 935 2621 ante
958 2598 1087 2627 templum
1107 2604 1189 2628 expe-

278 2640 364 2663 tiistis
381 2632 567 2662 vaticinium.'’
588 2646 618 2650 -—
649 2633 732 2657 Editt.
753 2633 854 2655 recent.
873 2632 942 2655 haue
960 2632 1104 2656 lectionem
1122 2629 1189 2655 3315-

276 2680 344 2698 σατε
362 2680 391 2697 n.
411 2671 438 2695 in
463 2671 567 2694 textum
584 2668 747 2697 receperunt
766 2667 792 2689 et
811 2666 936 2689 vertunt:
964 2666 1119 2695 placentam
1136 2666 1188 2691 im-

277 2707 404 2733 molasus
423 2704 511 2737 [F‘um
532 2703 645 2729 hostiae
663 2699 823 2732 sanguinem
840 2697 998 2731 effudistis}

807 98 928 134 PHIL.
958 98 1069 133 MEL.
1097 96 1298 132 SCRIPTA
1324 93 1659 130 PHILOLOGICA.

2146 99 2244 133 1000

1253 183 1329 219 230
1355 184 1451 218 Clior.
1474 180 1636 224 Intelligo
1655 179 1722 213 Dei
1740 178 1862 219 ritum,

1304 234 1387 268 Non
1416 231 1739 276 transgrediemur;
1782 242 1872 275 quae
1896 243 1989 272 ,vvero
2021 239 2117 266 extra
2150 242 2242 275 sunt,

1662 281 1996 325 contemplabimur.

1305 339 1378 370 Ion.
1405 334 1538 369 Omnia
1553 340 1726 378 spectate,
1753 333 1925 377 quoniam
1940 334 1993 367 sas
2010 334 2127 382 estssss).

1307 389 1401 421 chor.
1426 386 1603 420 Miserunt
1618 396 1675 418 me
1693 383 1851 425 domini,
1870 382 1935 419 hos
1953 393 2105 421 secessus
2121 386 2187 420 Dei
2205 396 2243 421 ut

1669 435 1841 469 viderem.

1305 491 1377 521 Ion.
1402 487 1493 527 Vos,
1517 486 1665 520 ancillae
1676 513 1686 527 ,
1711 486 1809 520 cuius
1826 487 1985 521 familiae
2000 489 2204 522 vocamini?

1253 536 1328 573 235
1345 537 1497 584 Gh0›·.3'⁴)
1514 538 1608 572 Urbs
1623 538 1779 571 Palladis
1798 544 1848 572 est
1866 539 2060 573 domestica
2078 552 2241 574 meorum

1304 589 1565 630 Dominorum,
1590 587 1656 623 hos
1674 595 1876 634 praesentes
1892 591 2086 634 interroga.

1303 643 1377 673 Ion.
1403 640 1632 674 Generositas
1650 640 1716 673 tibi
1734 642 1844 681 adest,
1862 647 1896 674 et
1910 641 2083 675 indicium
2101 654 2242 675 morum

1303 691 1405 724 Hanc
1420 692 1572 736 speciem
1593 689 1721 732 habes,
1747 704 1983 738 quaecunque
2000 706 2045 727 es.

1304 742 1357 775 De
1374 741 1519 776 homine
1538 749 1575 777 ut
1594 743 1790 787 plurimum
1806 743 1957 776 iudicari
1972 750 2088 788 polest

1253 792 1328 828 240
1353 793 1407 827 Ex
1422 795 1535 838 specie
1546 821 1555 835 ,
1579 806 1665 827 num
1684 806 1875 839 generosus
1890 795 1946 830 sit.

1303 846 1395 889 Age,
1417 858 1528 890 quum
1547 857 1603 878 me
1620 845 1779 879 terruisti
1795 845 1962 880 claudens
1981 847 2115 887 oculos,

1301 895 1348 929 Et
1365 894 1546 930 humectas
1564 908 1752 941 generosas
1770 908 1889 940 genas,

1302 946 1500 993 Postquam
1517 948 1638 982 vidisti
1657 955 1792 982 castum
1810 948 1979 981 sacellum
1993 947 2184 992 Apollinis,

1304 998 1376 1031 Cur
1393 999 1522 1033 venisti
1538 1000 1576 1032 in
1591 997 1683 1032 lianc
1700 999 1978 1033 sollicitudinem
1989 1025 1998 1039 ,
2022 1011 2042 1031 o
2062 998 2215 1032 mulier?

1252 1047 1327 1083 245
1351 1049 1486 1084 Omnes
1504 1050 1598 1083 enim
1617 1050 1748 1095 reliqui
1762 1050 1960 1094 penetralia
1981 1049 2142 1083 videntes
2161 1049 2229 1082 Dei

1304 1100 1488 1139 Gaudent;
1539 1099 1597 1134 hic
1630 1113 1715 1134 vero
1754 1107 1835 1135 tuus
1879 1101 2001 1135 oculus
2040 1099 2242 1146 lachrymas

1662 1151 1791 1184 fundit.

1305 1205 1377 1237 Cre.
1421 1203 1454 1237 O
1476 1200 1624 1247 hospes,
1661 1208 1721 1235 tua
1745 1201 1883 1234 indoles
1910 1212 1986 1234 non
2010 1207 2062 1235 est
2082 1199 2240 1234 hominis

1662 1252 1834 1297 imperiti,

1301 1305 1485 1340 Venientis
1503 1305 1540 1338 in
1558 1304 1835 1338 admirationem
1855 1304 1897 1336 de
1915 1303 2004 1337 meis
2020 1300 2225 1348 lachrymis.

1301 1356 1376 1401 Ego
1395 1370 1500 1397 vero,
1524 1369 1604 1390 cum
1623 1355 1789 1389 vidissem
1808 1354 1985 1399 Apollinis
2000 1352 2065 1388 has
2084 1355 2199 1394 aedes,

1249 1405 1324 1443 250
1350 1408 1493 1442 Revoco
1513 1408 1694 1453 quandam
1715 1407 1900 1451 antiquam
1919 1405 2144 1445 memoriam,

1302 1459 1410 1493 Domi
1428 1466 1583 1493 mentem
1602 1456 1716 1491 habeo
1732 1456 1788 1490 hic
1811 1457 1972 1490 existens.

1281 1622 1330 1650 33)
1351 1623 1435 1647 Cher.
1456 1622 1515 1645 Huc
1533 1633 1567 1638 —
1586 1620 1629 1644 sas
1650 1620 1701 1644 est.
1722 1620 1779 1647 (vs,
1800 1618 1986 1651 208—232.)]
2012 1620 2054 1643 sic
2078 1620 2125 1643 Ed.
2147 1620 2237 1650 1562.;

1316 1657 1365 1681 Ed.
1386 1656 1476 1680 1558:

1352 1691 1439 1716 Char.
1459 1690 1517 1713 Huc
1536 1688 1697 1717 videamuS,
1716 1692 1732 1711 o
1752 1687 1862 1711 charae.

1351 1726 1414 1749 Ion.
1432 1724 1520 1748 Vides
1540 1723 1623 1754 igitur
1640 1728 1725 1752 prope
1743 1721 1923 1751 Enceladum,

1351 1758 1517 1783 Horrihilem
1535 1758 1691 1781 vibrantem
1709 1752 1858 1785 clypeum?

1352 1794 1436 1819 Char.
1456 1793 1544 1816 Video
1565 1791 1724 1820 Palladem,
1743 1795 1830 1813 meam
1850 1791 1946 1814 Deam.

1351 1828 1411 1852 Ion.
1432 1827 1535 1857 Ecquid
1553 1826 1657 1850 fulmen
1675 1825 1802 1854 utrinque
1820 1825 1958 1854 caudens,
1977 1823 2166 1854 impetuosum,

1350 1863 1382 1887 111
1400 1862 1475 1886 lovis
1496 1867 1579 1891 porro
1599 1859 1755 1884 volantibus
1773 1855 1920 1883 manibus?

1353 1897 1437 1921 Chor.
1460 1896 1546 1920 Video
1565 1895 1746 1925 impetuosum

1351 1931 1508 1955 Mimantem
1522 1947 1529 1961 ‚
1549 1930 1613 1960 igue
1631 1928 1719 1953 ardet.

1350 1966 1386 1989 Et
1403 1965 1528 1989 Bromius
1546 1963 1630 1988 alium

1351 1999 1510 2024 Imbellihus
1529 1996 1689 2022 hederaceis
1707 1995 1791 2020 ramis

1352 2033 1502 2064 luterficit,
1521 2035 1615 2056 terrae
1633 2031 1707 2054 filius
1727 2030 1775 2054 ille
1794 2031 1927 2056 Bacchus.

1350 2069 1388 2092 Te
1405 2068 1481 2091 certe
1499 2066 1638 2090 aedituum
1655 2070 1735 2095 voco,

1350 2102 1430 2126 Licet
1447 2100 1602 2131 penetralia
1618 2098 1727 2130 ingredi

1353 2137 1422 2160 Albo
1440 2132 1530 2166 pede?
1564 2134 1627 2158 Ion.
1644 2134 1705 2157 Non
1724 2132 1803 2164 licet,
1823 2139 1838 2157 o
1857 2133 1989 2164 hospitae.

1352 2170 1436 2195 Cher.
1460 2170 1554 2200 Neque
1574 2175 1609 2193 ex
1626 2169 1654 2192 te
1672 2165 1809 2192 audiero?

1350 2204 1413 2229 Ion.
1445 2205 1522 2233 Quae
1541 2209 1607 2227 vero
1626 2198 1726 2232 cupis?
1780 2201 1864 2226 Ultor.
1894 2202 1962 2226 Num
1981 2207 2012 2226 re
2032 2209 2099 2227 vera
2118 2203 2232 2228 medium

1655 2235 1808 2259 umbilicum
1826 2237 1921 2260 terrae

1348 2272 1449 2297 Phoebi
1468 2271 1591 2296 continet
1609 2265 1760 2300 templum?
1795 2269 1858 2295 lon.
1878 2269 1996 2294 Coronis
2015 2271 2214 2303 circumdatus;

1349 2307 1459 2331 Circum
1477 2311 1544 2329 vero
1567 2306 1720 2335 Gorgones
1758 2303 1842 2328 Ultor.
1865 2304 1910 2328 Sic
1929 2305 1957 2328 et
1975 2304 2049 2328 fama
2069 2306 2196 2336 loquitur.

1349 2342 1411 2366 Ion.
1446 2339 1670 2370 Quandoquidem
1696 2337 1856 2361 accessistis
1875 2344 1953 2363 aram
1976 2340 2162 2369 placentarum
2182 2347 2230 2371 pro

1655 2372 1772 2402 foribus,

1348 2410 1382 2433 Et
1401 2408 1526 2440 quiddam
1545 2407 1682 2431 sciscitari
1700 2406 1799 2436 cupitis
1819 2406 1966 2436 Phoebum,

1347 2444 1386 2467 Ite
1404 2444 1439 2467 ad
1456 2442 1626 2473 pavimenta,
1645 2442 1756 2470 insuper
1775 2446 1841 2464 vero
1861 2446 1914 2464 non
1933 2442 2024 2465 caesis

1348 2478 1466 2508 ovibus,
1485 2477 1625 2500 domorum
1644 2482 1678 2499 ue
1696 2475 1734 2498 ite
1752 2474 1779 2497 in
1798 2481 1935 2499 secessus.

1348 2512 1433 2536 Chor.
1454 2511 1526 2535 Scio.
1563 2510 1612 2533 Dei
1631 2515 1699 2533 vero
1719 2509 1801 2533 ritum

1344 2547 1406 2571 Non
1423 2544 1678 2576 transgrediamur;
1698 2549 1767 2574 quae
1785 2549 1852 2568 vero
1872 2544 1966 2576 extra,
1987 2545 2082 2570 oculos
2103 2547 2227 2571 oblecta-

1653 2579 1727 2602 bunt.

1344 2614 1405 2638 Ion.
1425 2613 1521 2638 omnia
1540 2614 1677 2643 spectate,
1697 2611 1825 2643 quoniam
1844 2613 1871 2636 et
1889 2612 1934 2636 fas
1954 2614 1997 2636 est
2016 2613 2113 2639 oculis.

1274 2665 1321 2697 34)
1342 2664 1440 2693 chon]
1461 2665 1501 2688 sic
1514 2664 1598 2688 Editt.
1615 2664 1707 2695 1558.,
1729 2663 1818 2695 1562„
1838 2664 1942 2695 Musgr.
1955 2680 1963 2696 ,
1981 2663 2058 2696 Fix.;
2076 2665 2127 2691 Ed.
2141 2666 2225 2691 Basil.

1311 2700 1385 2725 1551.
1406 2701 1434 2723 et
1452 2700 1532 2723 Barn.
1557 2699 1678 2724 creusa.
