2373 2980
204 96 296 130 1107

249 182 327 215 Heu
352 181 463 219 mala,

199 233 272 266 900
302 232 399 270 Heu,
425 229 512 269 lieu,

250 284 368 329 Quam
386 283 487 326 lugeo
508 292 626 314 senem

249 336 412 373 Patrem,
439 339 472 365 et
488 332 682 365 liberorum
702 330 889 363 nutricem.

251 386 397 419 Frustra
416 384 545 416 liberos
566 381 715 427 peperit.

251 437 339 469 Ecce
350 463 358 475 ‚
397 447 473 468 ecce
485 461 493 474 ‚

202 487 274 522 905
299 487 422 520 Turbo
441 484 595 519 concutit
612 485 758 517 domum
770 509 778 522 ‚
807 481 960 515 concidit
977 487 1120 515 tectum.

251 539 346 578 Heu,
374 535 464 577 lieu,
493 536 577 581 quid
595 535 686 579 agis,
715 547 735 567 o
754 533 802 567 fili
817 532 935 566 Iovis?

249 588 561 623 Perturbationeui
580 593 772 619 tartaream
790 585 827 617 iu
846 585 992 617 domum
1004 611 1012 624 ,

254 642 301 675 Ut
319 640 402 673 olim
421 639 539 673 Pallas
556 639 723 672 adversus
739 636 955 670 Enceladum
969 662 977 676 ,

253 692 291 725 ln
310 693 456 725 domum
474 689 595 723 mittis.
1055 704 1057 707 v

203 744 276 777 910
304 744 335 776 t)
360 742 458 776 senio
468 741 514 788 83)
542 741 620 774 alba
650 751 822 783 corpora,
851 750 921 783 quo
951 737 1105 769 clamore
1136 747 1190 767 me

608 789 735 824 vocas?

251 845 331 879 Non
352 844 550 887 effugienda
568 842 659 875 mala
686 853 745 880 ea,
781 851 870 885 quae
898 839 934 870 in
959 839 1083 876 domo;
1119 850 1190 870 non

609 894 736 926 ducam
755 891 862 923 alium
882 895 1010 923 vatem.

254 946 390 979 Mortui
407 952 488 980 snut
503 944 620 977 liberi:

251 998 329 1031 Heu
346 995 432 1030 heu!
457 997 591 1039 lugete,
619 993 700 1039 quia
719 992 869 1035 lugenda
889 996 987 1029 sunt,

252 1048 406 1082 Hostiles
428 1059 547 1085 neces,

202 1098 275 1133 915
303 1099 454 1133 Hostiles
471 1102 660 1142 parentum
678 1105 815 1127 manus.

252 1151 365 1185 Nemo
382 1155 499 1194 posset
516 1147 652 1181 maiora
673 1146 802 1184 dicere,
826 1155 933 1189 quam
949 1140 1043 1186 passi
1059 1150 1190 1173 sumus.
1217 1155 1219 1191 ᾗ

1217 1194 1219 1204 i

251 1202 443 1246 Quomodo
462 1200 580 1233 liberis
598 1196 861 1231 lamentabilem
885 1204 1015 1227 noxam
1025 1190 1090 1237 s³¹),

248 1253 387 1287 Noxam
407 1251 517 1296 patris
535 1247 768 1293 oste11dis⁸⁵)?

249 1304 334 1344 Dic,
363 1304 543 1349 quomodo
561 1297 789 1345 veneruntffi)
807 1296 977 1331 divinitus

202 1357 275 1391 920
302 1356 356 1389 Ad
371 1356 517 1388 domum
535 1351 621 1386 haec
640 1348 759 1384 mala?

250 1407 293 1439 Et
309 1406 455 1439 miseros
476 1417 574 1438 casus
592 1413 785 1447 puerorum
794 1399 853 1445 ⁸⁷).

305 1526 396 1554 Lyssa
413 1527 480 1546 vero
500 1523 527 1545 te
546 1519 681 1544 crudelis.
708 1518 848 1541 indemnes

302 1558 449 1582 Vindictae
467 1555 547 1579 malis
565 1554 781 1584 persequentur,
806 1557 821 1575 o
841 1551 921 1574 tecta.

302 1592 433 1622 Incipitur
452 1589 598 1620 tripudium
616 1589 718 1617 absque
736 1585 885 1616 tympanis.

304 1628 364 1651 Nou
383 1625 491 1649 Bromio
511 1624 607 1654 gratas
626 1628 675 1651 per
694 1622 838 1651 thyrsum,
865 1624 880 1642 o
900 1617 986 1642 domi.

305 1662 346 1685 Ad
365 1659 481 1689 caedes,
506 1664 559 1681 non
581 1656 765 1686 Dionysiacae

305 1696 449 1719 Botrorum
468 1693 502 1716 ad
522 1693 602 1715 luxus
624 1689 704 1722 [ln-o:
731 1689 831 1717 fluxus]
852 1687 1009 1718 proterviae

304 1730 395 1754 Cursu
413 1727 462 1751 filii
484 1725 605 1750 curritis.

303 1763 421 1788 Hostilis
439 1763 522 1785 haec.
547 1759 656 1783 hostilis

305 1797 403 1823 cantio
423 1795 566 1819 incinitur.

304 1833 481 1860 Venaturque
499 1829 615 1853 filiorum
639 1826 885 1856 persequutionem.

305 1867 446 1895 Nunquam
465 1864 544 1887 irrita
562 1862 635 1885 intus

306 1901 408 1924 Rabies
428 1898 609 1922 bacchabitur.

276 1977 414 2005 nectute);
438 1975 488 1998 Ed.
504 1973 578 1997 1562.
598 1974 741 2000 corrupte:
767 1970 865 1994 sentio.

240 2022 287 2048 5:⁴2)
308 2020 329 2044 Ο
348 2018 425 2042 senio
446 2029 477 2034 —
495 2021 592 2039 noxam
603 2016 625 2043 ,]
646 2014 671 2036 lii
686 2016 703 2036 8
718 2019 774 2036 vss.
796 2014 822 2035 et
841 2014 856 2034 4
870 2018 944 2041 seqq.
963 2017 1048 2041 aeque
1064 2017 1094 2035 ac
1111 2017 1193 2040 prae-

275 2055 403 2078 vedentes
423 2058 482 2075 vss.
495 2050 655 2074 874—909.
683 2047 708 2070 in
728 2046 810 2070 Etlitt.
828 2046 916 2074 1553,
947 2046 1019 2069 1562.
1046 2047 1192 2068 secundum

276 2089 322 2113 Ed.
342 2087 425 2111 Basil.
446 2086 521 2109 155¹.
541 2084 630 2108 Clwri
654 2082 735 2108 suntz
772 2081 797 2103 in
819 2080 866 2104 Ed.
887 2081 967 2103 Baru.
993 2086 1033 2102 vs.
1046 2079 1103 2102 910.
1129 2086 1193 2109 pars

274 2123 350 2154 prior
365 2138 384 2151 ‚‚
395 2121 416 2145 Ο
431 2119 508 2143 senio
525 2119 587 2142 alba
604 2113 702 2145 corp.''
717 2114 840 2139 Nuntii,
857 2114 948 2137 altera
963 2120 1042 2143 „quo
1056 2114 1135 2139 clani.
1153 2121 1194 2138 me

274 2154 357 2181 voc.⁷’
377 2155 466 2179 Chori
491 2154 551 2180 est,
584 2157 640 2175 vss.
654 2149 812 2173 911—912.
831 2147 939 2171 Nuntii
963 2150 1041 2173 sunt,
1073 2155 1115 2173 vs.
1134 2149 1193 2174 913,

273 2192 359 2215 verba
381 2189 475 2219 priora
501 2187 586 2214 „lieu
613 2181 704 2208 heu!'’
730 2183 832 2209 Cliori,
871 2183 955 2205 verba
980 2183 1194 2213 seqq„,111gete

275 2222 349 2250 etc.”
375 2225 402 2247 et
418 2229 476 2246 vss.
492 2220 648 2244 914—916.
674 2217 797 2245 Nuntii,
834 2224 890 2239 vSS.
909 2216 960 2239 917
973 2228 1006 2232 -
1020 2216 1080 2241 921.
1106 2218 1194 2241 Ultori

274 2260 363 2288 sunt.;
388 2258 417 2280 in
429 2256 510 2280 Editt.
528 2256 632 2282 Musgr.
653 2254 679 2275 et
696 2252 753 2275 Fix.
774 2257 830 2274 vss.
844 2251 904 2274 910.
925 2253 951 2273 et
969 2250 1126 2274 917—921-
1146 2257 1193 2274 ea-

274 2295 333 2318 dem
353 2292 475 2319 ratione,
494 2296 549 2313 vss.
563 2287 718 2311 911-916,
738 2287 828 2309 autem
847 2285 928 2308 aliter
949 2286 1013 2308 sunt
1032 2285 1176 2314 dispertiti.

237 2338 284 2365 85)
305 2330 462 2361 ostendis‘Z]
483 2332 521 2355 sic
546 2330 646 2360 scripsi
674 2332 721 2358 (z
739 2328 832 2358 Eurip.
851 2325 1016 2359 ἀμφᾳίνειῃ
1046 2328 1095 2351 Ed.
1121 2329 1193 2353 1558.

272 2375 405 2394 enarrare
419 2364 482 2391 vis?
501 2367 599 2391 Barm:
619 2360 744 2388 indicas?
763 2363 836 2386 Fix.:
859 2367 975 2385 enarras
985 2358 1030 2392 ?);
1058 2362 1107 2387 Ed.
1120 2363 1193 2386 1562.

272 2399 415 2428 ostendit?

236 2448 284 2480 ΕΘ)
305 2445 455 2473 venerunt]
476 2443 515 2467 sic
534 2443 618 2467 Editt.
635 2441 727 2469 1558„
750 2440 842 2469 1562.;
875 2440 976 2468 Barn.‚
997 2439 1117 2471 Mus‘gr.:
1144 2446 1194 2464 ve-

271 2481 371 2506 nerint.

233 2525 280 2551 147]
300 2525 359 2547 Heu
379 2522 451 2545 mala
466 2533 498 2537 —
512 2525 666 2550 puerorum.
694 2520 751 2545 (γε.
764 2517 814 2541 899
827 2516 953 2546 -7921.)]
975 2517 1015 2540 sic
1036 2516 1084 2540 Ed.
1103 2516 1192 2546 1562.;

266 2559 316 2583 Ed.
336 2557 425 2581 1553:

302 2592 353 2616 Hei
372 2590 513 2614 malorum.

301 2626 353 2650 Hei
372 2626 470 2647 iterum
489 2626 569 2652 atque
589 2621 703 2651 iterum,

300 2662 397 2684 Senem
417 2660 446 2682 ut
465 2659 545 2688 lugeo

299 2695 407 2719 Patrem
428 2694 454 2716 et
473 2693 604 2721 matrem,

787 89 908 126 PHlL.
938 91 1049 127 MEL.
1076 90 1278 126 SCRIPTA
1304 89 1638 126 PHILOLOGICA.

2136 93 2232 127 1108

1245 175 1473 224 [Nuntius‚
1496 178 1673 215 ΟΙιονιε-ς,
1691 176 1971 220 Amphitr-yn,
1992 177 2232 226 Hercules]

1293 246 1385 277 Nun.
1414 245 1504 277 Ante
1523 254 1640 275 arcam
1660 240 1751 275 Iovis
1770 248 1871 275 erant
1887 255 1984 277 sacra

1295 294 1522 327 Purificantia
1542 294 1687 332 domus,
1715 298 1902 338 postquam
1923 294 2145 330 intersectum
2170 295 2235 331 liu-

1654 343 1708 377 ius
1723 349 1837 377 terrae
1855 356 1972 389 regem

1215 390 1218 512 1
1294 395 1454 441 Eiieitssss)
1473 408 1512 429 ex
1531 393 1586 428 his
1601 395 1746 428 aedibus
1765 394 1943 431 Hercules.

1244 446 1318 482 925
1353 448 1476 480 Stabat
1507 453 1624 479 autem
1655 443 1783 479 chorus
1815 446 1959 490 pulchre
1995 456 2140 483 ornatus
2177 462 2235 483 ve-

1653 497 1783 537 stibus,

1294 549 1339 582 Et
1358 556 1457 593 pater
1473 555 1504 581 et
1523 549 1686 593 Megara;
1714 546 1871 582 calathus
1889 561 1972 581 xero
1991 549 2081 583 circa

1295 601 1402 632 Aram
1428 601 1626 639 serebatur,
1663 611 1784 632 xocem
1811 606 1927 633 autem
1959 614 2094 634 sacram
2131 598 2236 634 liabe-

1657 651 1793 684 hamus.

1216 698 1218 753 Ι
1297 702 1457 747 Cumque
1475 702 1577 734 vellet
1593 708 1726 735 torrem
1745 714 1854 735 manu
1872 703 1992 735 dextra
2009 703 2098 735 serre

1218 798 1219 804 ἵ
1296 753 1406 787 Filius
1424 754 1613 786 Alcmenae
1626 780 1634 793 ‚
1663 759 1702 786 ut
1719 753 1910 796 intingeret
1930 753 1964 785 in
1984 765 2134 798 aquam,

1217 806 1219 841 ἶ
1246 804 1318 838 930
1347 804 1513 838 Constitit
1531 805 1673 842 tacitus;
1702 811 1735 837 et
1753 817 1831 838 cum
1851 811 2076 837 cunctaretur
2093 803 2210 849 prius,

1217 845 1219 870 ¹
1297 856 1404 889 Pueri
1423 856 1653 889 intuebantur
1671 867 1763 889 eum.
1813 854 1872 888 Ille
1891 868 1973 888 vero
1992 868 2066 889 uon
2085 855 2236 900 amplius

1653 907 1745 939 idem
1765 913 1839 940 erat
1857 920 1864 944 ;

1296 958 1363 991 Sed
1383 965 1569 1001 corruptus
1587 957 1819 991 conversione
1838 958 2022 991 oculorum
2036 985 2044 997 ,

1297 1008 1340 1041 Et
1357 1009 1490 1042 emissis
1509 1010 1544 1041 in
1560 1009 1669 1042 oculis
1687 1010 1840 1042 cruentis
1857 1009 2067 1049 flammulis,

1294 1058 1503 1093 Destillabut
1522 1071 1683 1103 spumam
1702 1057 1847 1093 hirsutis
1862 1060 1970 1103 genis.

1218 1109 1219 1114 ¹
1245 1108 1319 1144 935
1346 1110 1444 1144 Dixit
1460 1118 1576 1143 autem
1595 1123 1674 1143 cum
1691 1110 1765 1143 risu
1781 1111 1934 1144 furioso:

1296 1162 1420 1201 Pater,
1463 1162 1547 1207 quid
1569 1161 1748 1200 sacrifico,
1790 1161 1998 1206 priusquam
2026 1160 2235 1193 interficiam

1656 1210 1896 1256 Eurystheum
1907 1211 1923 1244 ἐ’

1296 1263 1414 1306 lgnem
1433 1263 1613 1297 lustralem
1632 1269 1665 1296 et
1681 1263 1858 1307 duplicem
1874 1263 2034 1296 laborem
2053 1260 2187 1302 halam,

1297 1314 1386 1348 Cum
1403 1314 1508 1347 liceat
1524 1312 1612 1347 mihi
1632 1326 1701 1348 uua
1717 1327 1827 1348 manu
1844 1315 1908 1348 ista
1926 1312 2066 1347 facere?

1295 1366 1450 1410 Quando
1470 1378 1554 1398 vero
1572 1363 1641 1399 huc
1656 1366 1767 1399 feram
1787 1371 1894 1410 caput
1908 1361 2118 1410 Eurysthei,

1245 1416 1319 1451 940
1353 1417 1507 1461 Propter
1529 1423 1731 1461 praesentes
1755 1423 1915 1450 mortuos
1938 1415 2132 1460 purificabo
2164 1424 2237 1446 ma-

1657 1480 1733 1500 nus.

1296 1518 1476 1552 Effundite
1493 1519 1618 1558 fontes,
1647 1525 1680 1551 et
1697 1518 1837 1551 abiicite
1855 1517 2007 1551 canistra
2028 1529 2045 1549 e
2060 1516 2238 1549 manibus.

1295 1570 1383 1614 Quis
1401 1567 1489 1602 mihi
1508 1571 1567 1602 dat
1587 1568 1735 1602 arcum?
1764 1570 1842 1614 quis
1858 1580 1957 1601 arma
1979 1567 2129 1601 manus?

1300 1622 1355 1654 Ad
1374 1620 1541 1665 Mycenas
1559 1622 1667 1658 vado;
1695 1626 1837 1664 oportet
1857 1631 1982 1664 capere

1295 1672 1418 1705 Vectes
1437 1678 1471 1704 et
1486 1672 1620 1715 ligones
1632 1698 1640 1711 ,
1667 1677 1705 1704 ut
1723 1672 1841 1705 sedem
1860 1670 2086 1716 Cyclopicam

1245 1722 1319 1757 945
1347 1723 1482 1767 Regula
1503 1723 1651 1767 punicea
1668 1729 1701 1755 et
1719 1722 1960 1756 commissuris
1978 1726 2199 1766 compactam

1295 1774 1405 1807 Ferro
1422 1774 1550 1807 inflexo
1569 1780 1726 1807 evertam
1743 1774 1880 1808 urbem.

1295 1826 1423 1859 Postea
1443 1826 1585 1865 abiens,
1611 1838 1690 1858 cum
1708 1836 1782 1857 non
1805 1823 1952 1858 haberet
1977 1835 2118 1858 currum
2131 1850 2140 1863 ,
2175 1820 2238 1855 ha-

2193 1649 2217 1667 ἑο

1217 1897 1219 1919 i
1659 1868 1743 1909 ber'e
1764 1888 1799 1909 se

238 1944 283 1971 ⁵3)
303 1943 393 1970 senio]
413 1941 453 1964 sic
471 1939 555 1963 Editt.
569 1940 671 1961 recent.
692 1936 737 1967 (z
754 1935 845 1964 Eurip.
867 1933 952 1967 γήρᾳς
984 1935 1032 1957 Ed.
1053 1935 1124 1958 1558.
1146 1942 1193 1958 se-
1218 1933 1219 1942 ¹

1350 1993 1467 2017 Frustra
1486 1990 1535 2014 filii
1559 1992 1735 2020 generantur.

1350 2029 1407 2051 En.
1434 2032 1511 2054 ecce,

1349 2062 1438 2084 Turbo
1455 2059 1575 2083 concutit
1594 2059 1717 2087 domum,
1736 2058 1839 2081 corruit
1859 2059 1966 2082 tectum.

1349 2096 1398 2123 Εἰ,
1423 2095 1463 2125 ei,
1488 2095 1551 2124 quid
1570 2094 1656 2124 facis,
1683 2099 1698 2116 o
1717 2092 1755 2116 fili
1775 2089 1869 2116 lovis?

1349 2129 1428 2153 Atrio
1448 2128 1681 2158 perturbationem
1699 2127 1860 2155 immanem,

1350 2165 1385 2187 Ut
1402 2165 1500 2187 contra
1518 2162 1684 2186 Enceladum
1703 2161 1768 2185 olim
1786 2161 1898 2191 Pallas,

1350 2199 1379 2221 lu
1399 2198 1493 2220 domos
1513 2197 1608 2221 mittis.

1351 2233 1372 2256 Ο
1392 2232 1454 2254 alba
1473 2234 1614 2254 senectute
1634 2235 1766 2260 corpora,
1794 2235 1910 2253 revocas
1930 2235 1971 2252 me
1990 2234 2042 2259 qua
2061 2224 2150 2252 voce?

1349 2266 1459 2289 Perdita
1478 2271 1529 2292 ea,
1553 2270 1622 2294 quae
1639 2265 1730 2294 intus3
1754 2270 1833 2288 omen
1852 2269 1905 2287 non
1924 2263 1998 2286 aliud
2017 2263 2128 2292 ducam,

1349 2299 1450 2323 Mortui
1470 2301 1533 2322 sunt
1550 2299 1608 2322 filii.

1349 2335 1404 2361 Ae,
1430 2339 1478 2363 ae,
1505 2334 1611 2363 lugete,
1641 2332 1767 2362 quoniam
1787 2332 1904 2363 lugenda
1923 2333 1995 2362 sunt,

1350 2368 1474 2392 Hostiles
1493 2368 1601 2397 caedes,

1350 2403 1472 2427 Hostiles
1493 2408 1559 2425 vero
1582 2402 1725 2430 parentum
1744 2405 1847 2424 manus,

1349 2438 1433 2462 Nemo
1451 2436 1543 2460 dicere
1562 2437 1643 2465 queat
1661 2434 1767 2465 magis,
1794 2440 1872 2464 qnam
1891 2435 1968 2464 passi
1988 2442 2090 2459 sumus.

1351 2471 1489 2501 Quomodo
1508 2470 1572 2494 filiis
1592 2469 1792 2493 lamentandam
1815 2474 1927 2500 noxam,

1349 2506 1452 2530 Noxam
1471 2511 1487 2529 a
1506 2506 1586 2534 patre
1603 2509 1736 2527 enarrare
1755 2500 1818 2527 vis?

1348 2541 1415 2568 Dic,
1436 2539 1566 2570 quomodo
1584 2539 1720 2561 venerunt
1738 2544 1755 2561 a
1773 2538 1832 2561 Diis

1349 2575 1391 2598 Ad
1408 2574 1480 2598 atria
1498 2574 1569 2597 mala
1587 2573 1671 2599 haec,

1348 2610 1518 2638 Miserosque
1537 2613 1683 2637 puerorum
1700 2603 1805 2631 casus?

1278 2651 1324 2683 88)
1346 2651 1438 2680 Eiicit]
1456 2651 1497 2674 sic
1515 2650 1564 2674 Ed.
1578 2649 1669 2675 1562:
1696 2649 1744 2672 Ed.
1759 2649 1835 2674 1558.
1855 2649 1996 2680 mecei-at,
2017 2649 2098 2675 Editt.
2114 2651 2230 2674 recent.:

1312 2686 1399 2711 Eiccit
1417 2688 1466 2715 (Ξ
1483 2684 1575 2715 Eun-ip.
1591 2680 1739 2715 Ἔξέβαλε).
