2373 2980
68 97 142 134 893
509 94 665 131 LXVIII.

120 183 356 225 „Malalucra
377 182 553 215 damnum
572 181 779 215 attulerunt.
1095 201 1100 208 ·

119 236 185 270 Sil.
215 233 410 268 consulere
428 233 495 267 tihi
510 232 594 266 volo
606 259 616 274 ‚
645 232 806 267 carnium
816 231 862 280 ¹⁹)

117 283 216 321 Nihil
239 285 383 319 omittas
402 282 527 325 huius,
565 290 601 318 et
625 285 655 319 si
676 284 837 329 linguam
868 283 943 317 eius
974 295 1069 317 com-

484 336 619 376 ederis,

115 386 237 421 Bellus
255 399 310 428 es,
338 394 374 421 et
392 388 564 434 eloquens
580 386 743 432 Cyclops.

66 437 142 473 315
170 440 259 485 Cycl.
287 437 481 480 ‚‚Divitiae,
501 436 710 479 homuncio,
732 437 968 483 prudentibus
985 438 1070 470 deus

481 496 575 524 sunt.

120 540 306 587 „Reliqua
339 548 422 575 sunt
454 541 623 574 iactantia
658 541 854 587 quaedam,
897 547 931 574 et
961 540 1068 573 verba

486 593 686 637 splendida.

119 642 229 677 Arces
257 649 376 676 autem
402 644 581 684 marinas,
616 655 709 689 quae
734 649 817 677 sunt
843 648 1070 676 consecratae

482 707 564 728 meo
581 695 697 739 patri,

116 745 245 779 Valere
264 745 391 784 iubeo;
421 758 532 792 quare
551 744 638 779 haec
661 756 830 790 propono
849 744 887 778 in
902 745 1068 779 dicendo.

111 795 206 830 Iovis
224 809 288 841 ego
303 797 440 830 fulmen
453 809 528 831 non
544 803 685 837 metuo,
711 794 840 840 hospes
851 822 860 835 ,

65 848 141 883 320
168 847 242 882 Nec
258 848 344 889 scio,
359 850 458 895 quod
468 848 602 894 Iupiter
618 854 670 882 est
687 859 744 880 me
761 846 945 892 potentior
955 845 1069 879 Deus:

118 898 308 933 Caeterum
334 912 410 933 non
437 912 522 934 curo
533 926 543 940 ‚
577 905 632 939 et,
666 911 777 944 quare
799 910 874 931 non
905 898 951 932 sit
980 896 1069 931 mihi

480 962 585 985 curae
597 977 607 990 ,

114 1001 223 1036 Audi.
277 1001 433 1046 Quando
450 1003 618 1036 deorsum
636 1000 748 1034 mittit
765 1001 925 1046 pluviam
937 1027 947 1041 ‚

113 1052 156 1086 In
176 1051 245 1086 hoc
261 1059 366 1086 antro
383 1051 628 1087 habitaculum
645 1051 761 1086 habeo
779 1052 933 1086 solidum
946 1078 956 1091 ,

115 1103 161 1137 Et
178 1103 330 1137 vitulum
348 1110 504 1138 assatum
516 1132 526 1145 ,
555 1111 617 1138 aut
635 1104 792 1149 aliquam
809 1103 960 1137 bestiam

64 1153 140 1191 325
169 1154 335 1189 coenans
350 1155 389 1188 in
405 1156 518 1195 lecto,
552 1156 651 1201 quod
677 1155 772 1199 capit
792 1154 962 1200 supinum
986 1166 1069 1187 ven&

483 1213 588 1241 trem.

117 1257 212 1291 Tum
231 1257 376 1291 ebibens
390 1257 491 1292 lactis
511 1255 724 1302 amphoram
737 1283 746 1297 ,
774 1263 908 1291 vestem

118 1308 316 1349 Concutio,
345 1315 470 1343 contra
486 1309 648 1343 tonitrua
666 1307 760 1342 Iovis
778 1320 940 1353 crepans.

117 1360 273 1405 Quando
292 1372 378 1393 vero
396 1360 531 1394 Boreas
550 1359 726 1394 Thracius
744 1360 864 1393 nivem
881 1360 1019 1401 fundit,

116 1411 274 1444 Pellibus
290 1412 449 1445 ferarum
467 1423 596 1456 corpus
613 1411 839 1445 circumdans
858 1424 978 1445 meum
989 1438 998 1452 ,

66 1462 141 1497 330
168 1461 215 1495 Et
232 1462 351 1506 ignem
372 1464 587 1503 accendens,
613 1463 734 1496 nivem
752 1460 843 1495 nihil
860 1475 959 1497 curo.

117 1514 233 1547 Terra
250 1526 337 1547 vero
353 1514 573 1554 necessario,
602 1514 675 1548 sive
696 1514 800 1554 velit,
828 1514 901 1548 sive
919 1515 1029 1557 nolit,

118 1564 268 1599 Pariens
287 1563 435 1599 herbam
447 1593 456 1605 ‚
482 1565 702 1610 pinguefacit
717 1566 870 1610 pecudes
886 1579 983 1601 meas
995 1594 1004 1608 ,

117 1617 218 1662 Quas
235 1617 326 1650 nulli
342 1624 460 1650 macto
478 1623 732 1662 praeterquam
748 1614 838 1650 mihi
858 1616 950 1662 (non
961 1618 1070 1664 Diis)

118 1667 165 1702 Et
180 1668 299 1701 ventri
316 1666 418 1709 huic,
447 1669 509 1714 qui
527 1668 704 1703 maximus
720 1675 771 1702 est
789 1670 938 1703 deorum
951 1696 960 1710 ‚

69 1718 145 1755 335
171 1720 297 1765 „Quia
316 1721 504 1753 comedere
525 1726 559 1753 et
574 1720 696 1753 bibere
716 1720 898 1766 quotidie,

120 1770 188 1813 „Id
204 1784 290 1805 vero
309 1771 444 1816 Iupiter
460 1778 511 1806 est
529 1770 737 1805 hominibus
753 1772 973 1815 sapientibus
987 1803 996 1817 ,

121 1822 198 1865 „Et
211 1822 303 1857 nihil
322 1836 358 1858 se
373 1835 505 1868 angere
514 1823 579 1870 20);
607 1823 669 1869 qui
686 1836 772 1857 vero
790 1823 892 1868 leges*

121 1875 374 1917 „Posuerunt,
402 1875 583 1910 variantes
601 1874 789 1909 hominum
808 1876 919 1910 vitam
932 1904 941 1918 ,

122 1926 234 1968 „Illos
251 1928 394 1972 plorare
411 1927 536 1966 iubeo;
562 1940 664 1960 meae
684 1928 777 1960 vitae
794 1939 859 1971 ego

69 1979 144 2015 340
172 1979 287 2019 „Non
304 1979 465 2013 desinam
484 1980 711 2019 benefacere,
741 1980 847 2013 edens
864 1985 918 2020 te,

120 2031 275 2065 Xenium
295 2032 388 2065 dabo
408 2031 498 2072 tale,
525 2038 566 2065 ut
580 2028 905 2075 irreprehensibilis
923 2030 988 2064 sim
1001 2057 1010 2071 ‚

119 2082 240 2128 Ignem
252 2109 262 2123 ‚
291 2090 324 2117 et
342 2083 498 2128 patrium
519 2081 614 2117 hunc
630 2083 781 2116 lebetem
794 2109 803 2123 ‚
831 2083 893 2128 qui
909 2083 1049 2116 fervens

119 2135 238 2169 Tuam
257 2147 399 2169 carnem
418 2137 660 2180 ponderosam
681 2134 797 2179 capiet
813 2132 972 2180 pulchre.

117 2187 188 2222 Sed
204 2188 334 2233 serpite
352 2188 448 2221 intro
459 2215 468 2229 ‚
496 2187 555 2222 isti
570 2187 607 2221 in
623 2199 730 2231 specu
747 2187 814 2219 deo

67 2238 143 2276 345
168 2240 220 2274 Ut
237 2242 282 2273 ad
299 2241 422 2286 epulas
440 2246 573 2274 stantes
589 2238 712 2273 cibetis
727 2251 797 2272 me.
1095 2277 1096 2285 ἵ

122 2294 234 2338 Ulyss.
254 2293 334 2327 Heu
352 2291 435 2333 heu,
450 2292 591 2326 labores
609 2291 753 2338 quidem
765 2289 946 2324 Troianos
963 2289 1069 2334 effugi
1095 2289 1097 2302 ¹

119 2345 166 2378 Et
181 2345 308 2384 maris;
334 2356 430 2378 nunc
446 2356 532 2378 vero
551 2345 597 2378 ad
613 2341 770 2377 hominis
787 2341 892 2386 impii
1095 2341 1097 2390 i

122 2396 294 2430 Animum
314 2396 437 2441 appuli
453 2402 488 2429 et
504 2396 769 2441 importuosum
788 2406 862 2428 cor.
1095 2392 1097 2431 ζ

121 2448 154 2482 Ο
170 2448 287 2482 Pallas
299 2475 308 2487 ,
336 2461 355 2481 o
378 2448 525 2480 domina
542 2446 624 2481 love
643 2447 760 2491 genita
781 2445 854 2479 Dea
868 2472 877 2484 ,
1094 2441 1097 2516 ᾗ

107 2574 151 2605 19)
171 2574 309 2603 carnium]
335 2574 376 2597 sic
401 2573 500 2602 scripsi
522 2573 568 2604 (=
590 2573 683 2603 Eurip.
702 2572 757 2596 τῶν
775 2570 829 2604 μὲν
846 2570 950 2603 κρεώνι
986 2571 1070 2595 Editt.
1094 2558 1097 2610 i

139 2612 259 2634 recent.:
290 2609 323 2632 de
347 2609 477 2632 carnibus
505 2608 642 2637 quidem];
679 2608 763 2631 Editt.
784 2607 878 2637 ¹553,
906 2606 978 2630 1562.
1005 2611 1070 2628 cor·
1095 2613 1096 2629 1

142 2647 233 2674 rupte:
262 2643 383 2667 carmini.
1094 2644 1096 2677 ξ

105 2688 152 2717 20)
175 2688 203 2710 Η,
225 2688 241 2709 1.
262 2687 288 2710 in
307 2686 390 2710 Editt.
412 2685 505 2710 1558..
527 2685 599 2709 1562.
620 2686 685 2709 nota
704 2690 808 2716 marg:
844 2686 948 2708 Secura
967 2684 1023 2707 vita
1044 2684 1071 2707 et
1094 2679 1095 2703 i

140 2722 306 2752 voluptaria.
1093 2724 1096 2731 ’

724 93 1126 131 INTERPRETATIO
1162 97 1394 133 CYCLOPIS
1430 98 1682 135 EURIPIDIS.

2044 105 2119 140 894

1124 182 1199 218 350
1227 184 1350 226 Nunc,
1390 198 1485 220 nunc
1522 186 1718 231 opitulare;
1764 187 1809 220 ad
1835 188 1989 224 maiores
2014 191 2122 232 enim,

1538 249 1646 283 quam
1666 238 1704 272 in
1720 237 1806 279 Ilio,

1174 285 1334 321 Labores
1352 288 1431 321 veni
1443 315 1452 328 ‚
1481 295 1514 322 et
1534 290 1569 322 in
1587 290 1735 333 periculi
1752 291 1885 325 sedem.

1172 337 1219 370 Et
1234 344 1292 378 tu,
1319 339 1520 373 lucidarum
1538 342 1721 376 stellarum
1739 342 1800 389 qui
1818 340 1958 378 habitas
1975 344 2113 385 sedem,

1175 387 1209 422 O
1225 387 1379 433 Iupiter,
1407 391 1510 424 xenia
1531 392 1611 425 vide
1629 391 1726 428 haec.
1779 393 1817 427 Si
1833 394 1927 428 enim
1947 393 2035 429 haec
2049 408 2124 429 non

1538 444 1689 483 videris,

1174 489 1322 524 Frustra
1340 493 1524 536 putaberis
1540 491 1695 537 Iupiter,
1723 507 1801 529 cum
1823 508 1897 529 non
1918 497 1964 531 sis
1981 497 2089 533 Deus.

1124 540 1200 576 355
1229 544 1328 577 Ghor.
1357 544 1570 588 Amplarum
1589 545 1765 587 faucium,
1795 560 1814 579 o
1834 547 2005 593 Cyclops,

1175 594 1287 638 Aperi
1302 595 1422 635 labra,
1451 595 1533 641 quia
1550 603 1674 640 parata
1694 604 1777 631 sunt
1794 598 1859 631 tibi

1176 645 1285 679 Cocta
1301 652 1335 679 et
1354 654 1488 687 assata,
1517 659 1608 692 quae
1631 660 1650 681 a
1675 649 1799 693 prunis
1823 650 1868 682 ad
1894 650 2036 685 delicias
2064 663 2124 685 au-

1527 699 1643 733 serens

1174 745 1352 782 Dentibus
1367 749 1532 783 serendas
1544 776 1552 790 ,
1581 762 1702 784 secans
1721 751 1882 784 membra
1899 749 2082 797 hospitum

1175 796 1216 830 In
1232 795 1370 832 hirsuto
1389 800 1512 845 clypeo
1532 802 1659 836 occisa,

1124 848 1199 883 360
1226 849 1348 897 Sil.2¹)
1377 851 1455 885 Heu
1475 850 1584 893 mihi,
1611 865 1655 886 ne
1673 854 1815 897 prodas.

1173 900 1277 934 Solus
1292 903 1358 936 soli
1373 910 1479 947 porta
1495 903 1664 949 scapham
1682 905 1794 939 navis.

1174 951 1302 986 Valeat
1320 955 1401 987 aula
1420 953 1527 995 haec,

1174 1002 1302 1038 Valeat
1319 1018 1397 1038 cum
1419 1006 1490 1040 suis
1506 1006 1783 1041 mactationibus

1175 1053 1329 1099 Impius,
1358 1057 1420 1102 qui

1125 1104 1200 1140 365
1229 1107 1347 1141 Habet
1363 1108 1616 1149 mactationes,
1645 1109 1796 1154 Cyclops

1175 1160 1375 1200 Aetnaeus,
1402 1158 1584 1204 hospitum

1178 1210 1354 1245 Carnibus
1371 1211 1433 1257 qui
1451 1212 1647 1244 delectatur
1664 1212 1834 1246 vorandis
1849 1226 1854 1245 :

1177 1261 1317 1301 Durus,
1344 1275 1364 1295 o
1385 1263 1511 1303 miser,
1539 1262 1601 1308 qui

1176 1311 1216 1345 In
1235 1314 1381 1347 aedibus
1402 1315 1578 1359 supplices

1125 1364 1200 1398 370
1228 1364 1395 1410 Hospites
1414 1367 1590 1410 supplices
1610 1370 1764 1405 mactat,

1177 1416 1325 1457 Secans,
1354 1418 1534 1457 lacerans,
1563 1424 1597 1450 et
1614 1417 1809 1464 coctas‘ssa)
1829 1419 2018 1452 comedens

1174 1469 1438 1502 Abominandis
1456 1469 1621 1502 dentibus

1177 1519 1374 1553 Hominum
1393 1520 1525 1554 calidas
1543 1521 1586 1553 ad
1605 1519 1778 1554 carbones
1795 1532 1919 1554 carnes
1930 1521 1989 1567 22).

1396 1595 1621 1644 [Ulysses',
1651 1594 1854 1644 Chorus]

1180 1656 1289 1699 Ulyss.
1318 1654 1350 1688 Ο
1368 1654 1523 1700 Iupiter,
1552 1655 1639 1701 quid
1665 1655 1807 1688 dicam?
1835 1668 1943 1701 quam
1969 1653 2127 1689 horribi—

1538 1707 1586 1740 lia
1606 1707 1680 1740 vidi
1697 1706 1734 1739 in
1752 1713 1856 1740 antro

1125 1757 1199 1793 375
1227 1757 1273 1791 Et
1290 1771 1365 1791 non
1392 1759 1589 1798 credenda,
1615 1758 1745 1792 fabulis
1765 1759 1915 1800 similia,
1941 1771 2017 1792 non
2043 1771 2127 1804 ope-

1536 1810 1636 1844 ribus
1653 1808 1855 1844 hominum.

1177 1864 1274 1897 Chor.
1304 1861 1401 1907 Quid
1419 1868 1488 1900 est,
1517 1861 1685 1907 Ulysses'?
1711 1873 1799 1895 num
1819 1862 1985 1907 epulatur
2003 1868 2083 1895 tuos

1176 1912 1313 1948 Chai-os
1328 1915 1444 1947 socios
1462 1913 1593 1958 impius
1613 1913 1789 1958 Cyclops?

1179 1967 1288 2010 Ulyss.
1317 1966 1418 2000 Duos
1436 1965 1604 2010 colligens
1616 1992 1625 2006 ‚
1651 1971 1685 1998 et
1700 1965 1891 2010 imponens
1909 1965 2074 1998 manibus
2086 1991 2096 2010 ,

1175 2018 1248 2062 Qui
1264 2030 1408 2051 carnem
1427 2015 1631 2051 habuerunt
1648 2017 1933 2061 pinguissimam.

1123 2070 1198 2104 380
1227 2071 1326 2105 Chor-
1355 2069 1571 2115 Quomodo,
1600 2082 1620 2102 o
1640 2069 1782 2109 miseri,
1810 2068 1892 2102 estis
1909 2067 2003 2113 passi
2020 2066 2110 2101 ista?

1179 2122 1288 2166 Ulyss.
1315 2121 1514 2167 Postquam
1541 2133 1686 2155 saxeum
1711 2118 1806 2153 hunc
1831 2119 1981 2164 ingressi
2004 2130 2125 2152 sumus

1535 2184 1680 2217 specum
1692 2199 1702 2213 ,

1173 2224 1346 2257 Accendit
1362 2225 1479 2268 ignem
1503 2225 1682 2268 primum,
1709 2223 1800 2256 altae
1821 2234 1972 2268 quercus

1175 2276 1360 2309 Truncum
1378 2288 1484 2320 supra
1505 2277 1617 2309 latum
1635 2276 1753 2308 focum
1773 2273 1985 2314 conficiens,

1175 2327 1308 2361 Tribus
1325 2328 1488 2361 curribus
1505 2325 1708 2360 vehendum
1728 2326 1881 2370 pondus.

1124 2378 1199 2414 385
1226 2379 1365 2412 Deinde
1384 2392 1425 2412 ex
1442 2379 1536 2412 foliis
1555 2378 1713 2412 abietum
1732 2375 1833 2410 humi
1851 2382 2003 2410 stratum

1157 2491 1204 2521 2¹]
1226 2493 1293 2519 sil]
1313 2491 1352 2514 sie
1368 2490 1451 2514 Editt.
1465 2490 1556 2521 1558.‚
1581 2488 1674 2519 ¹562.;
1692 2487 1719 2511 iu
1733 2487 1816 2511 Editt.
1829 2486 1913 2511 Basit.
1934 2487 2009 2510 1551.
2030 2488 2056 2509 et
2075 2492 2124 2509 re-

1192 2529 1275 2551 ceutt.
1296 2527 1362 2549 haee
1381 2530 1500 2554 persona
1519 2525 1543 2548 h.
1562 2524 1579 2548 1.
1600 2529 1654 2547 non
1673 2522 1814 2551 adscripta
1834 2523 1884 2544 est.

1156 2569 1227 2602 21³)
1248 2570 1355 2597 coctas]
1375 2569 1415 2591 sic
1434 2568 1517 2593 Editt.
1536 2568 1656 2597 receut.;
1685 2566 1768 2590 Editt.
1789 2565 1882 2593 1558,
1904 2564 1978 2588 1562.
1998 2565 2105 2587 coctos.

1156 2612 1203 2641 22]
1222 2614 1251 2636 In
1271 2612 1354 2635 Editt.
1375 2611 1458 2635 Basil.
1479 2611 1571 2641 155¹.,
1597 2609 1656 2634 mx,
1681 2615 1724 2633 vs.
1739 2607 1902 2631 355—373.
1927 2608 1989 2629 sunt
2015 2606 2123 2635 Chori3

1191 2655 1218 2671 ιιι
1238 2647 1287 2672 Ed.
1304 2648 1385 2671 Bai-n.
1406 2646 1533 2669 versibus
1549 2645 1608 2669 355.
1629 2646 1656 2668 et
1674 2644 1735 2667 362.
1754 2642 1904 2672 praefixum
1927 2644 1968 2664 est
1986 2640 2121 2670 semich.;

1190 2683 1217 2705 in
1239 2682 1286 2706 Ed.
1306 2682 1410 2712 Musgr.
1437 2688 1478 2706 vs.
1492 2679 1654 2704 355-361.
1680 2679 1744 2701 sunt
1764 2677 1868 2703 Cliori,
1908 2683 1947 2699 vs.
1962 2674 2122 2699 362—373.

1190 2716 1359 2742 Semichori.
