2373 2980
15 92 139 165 &57

267 109 404 146 XLVII.

90 203 340 234 commoveant
355 202 416 229 aut
430 195 498 240 ipsi
514 195 697 239 planetae,
725 199 786 226 aut
803 192 985 236 signorum
1006 203 1088 236 par-

90 258 160 291 tes,
190 249 371 294 inquibus
389 247 560 284 existunt;
596 251 779 290 praeterea
806 244 843 276 in
870 255 975 288 quem
1003 255 1086 275 ven-

91 308 166 335 tum
196 306 318 344 vergat
350 305 456 344 atque
492 297 639 330 inclinet
660 295 761 329 Luna
795 294 983 328 latitudine
1012 305 1086 333 sua,

89 352 283 387 secundum
318 350 499 394 eclipticae
535 348 794 393 obliquitatem.
869 345 922 378 Ex
959 345 1086 390 quihus

91 403 257 436 omnibus
286 400 434 447 (notatis
459 398 677 444 potioribus)
704 397 878 431 mensium
906 397 1086 440 generales

90 460 201 488 status
220 466 259 486 ac
277 459 402 485 ventos
417 462 716 496 praecognoscere
737 449 945 494 poterimus.

193 512 318 545 Tertia
344 510 436 544 ratio
463 516 513 543 est
537 510 732 543 subtilioris
758 509 940 542 cuiusdam
967 507 1086 540 obser-

90 563 246 597 vationis
274 561 524 595 remissionum
555 567 589 593 et
620 560 882 599 intensionum,
927 570 996 604 qua
1023 570 1087 590 no-

91 615 221 648 tandae
241 620 323 646 sunt
346 612 437 645 Solis
455 611 650 656 Lunaeque
676 611 908 655 particulares
931 610 1086 652 configu-

92 665 268 703 rationes,
296 675 368 696 non
392 662 505 696 solum
530 663 565 694 in
590 663 792 696 interluniis
819 669 852 695 et
868 660 1085 706 pleniluniis,

90 717 151 750 sed
169 715 275 748 etiam
291 712 418 747 harum
435 713 590 753 mediae,
620 714 654 760 id
676 720 745 753 est,
773 715 979 759 quadratae.
1016 711 1086 744 Ubi

91 766 469 805 animadvertendum,
508 765 626 798 triduo
660 766 732 797 fere
766 771 958 810 antequam
983 762 1083 796 Luna

92 829 196 850 cursu
218 829 281 850 suo
305 816 379 850 Soli
406 823 642 861 exaequatur,
676 816 712 848 id
741 823 811 855 est,
852 816 971 848 triduo
1004 821 1085 846 ante

90 869 346 914 quadraturas,
381 879 642 912 nonnunquam
662 873 696 900 et
713 867 832 900 triduo
849 873 948 912 post,
978 866 1086 910 signi-

90 919 272 952 ficationes
297 918 537 951 mutationum
562 930 636 952 sese
661 931 846 962 promere,
889 931 967 951 cum
1003 930 1086 961 pro-

88 976 168 1014 pter
192 967 257 1003 hos
282 969 376 1013 ipsos
400 970 555 1013 positus,
595 975 670 1002 tum
703 976 738 1002 et
768 970 876 1009 alios,
913 969 1084 1001 nimirum

89 1021 250 1064 trigonos
269 1022 472 1064 adspectus,
500 1027 533 1053 et
549 1032 765 1064 sexzngonos,
793 1033 833 1053 ac
858 1021 1084 1065 planetarum

90 1077 312 1104 caeterorum
336 1083 415 1105 cum
431 1070 534 1104 Luna
561 1072 872 1116 configurationes.
925 1071 1017 1105 Nam
1045 1083 1086 1103 ex

88 1119 219 1156 horum
236 1129 364 1155 natura
384 1123 637 1155 convenienter
657 1123 866 1156 mutationis
885 1122 1086 1166 proprietas

89 1172 369 1218 deprehenditur
385 1200 394 1213 ,
448 1186 538 1218 quae
584 1175 776 1217 respondet
813 1173 1084 1216 adspicientium

89 1225 270 1258 stellarum
305 1230 338 1256 et
366 1225 551 1266 signorum
591 1236 672 1267 erga
711 1224 989 1257 circumdantem
1022 1236 1086 1256 nos

90 1288 209 1309 aerem
237 1287 277 1307 ac
300 1280 426 1307 ventos
450 1274 696 1307 familiaritati.

190 1334 325 1368 Verum
340 1332 469 1367 harum
486 1334 643 1377 ipsarum
664 1334 933 1378 particularium
957 1333 1086 1367 consti-

88 1386 269 1420 tutionum
294 1385 514 1417 intensiones
539 1385 810 1418 remissionesve
834 1386 923 1418 fiunt
945 1384 1086 1429 potissi-

87 1449 207 1476 mum,
236 1435 297 1469 ubi
313 1435 551 1468 inerrantium
568 1436 752 1469 stellarum
779 1448 859 1476 eae,
895 1448 986 1481 quae
1012 1448 1086 1468 ma-

86 1488 181 1522 xime
197 1487 350 1521 illustres
366 1492 449 1520 sunt
467 1492 500 1519 et
518 1487 673 1520 efficaces
685 1513 693 1526 ,
730 1499 835 1520 mane
863 1493 925 1520 aut
947 1486 1086 1531 vesperi

40 1561 41 1568 κ
84 1538 266 1579 fulserint,
301 1550 381 1571 cum
405 1538 528 1582 ipsove
552 1538 633 1571 Sole
662 1538 872 1572 emerserint
896 1544 956 1571 aut
981 1539 1085 1571 decu-

40 1604 41 1611 *
83 1590 239 1624 buerint.

290 1588 435 1622 Etenim
453 1590 663 1636 plerumque
682 1589 934 1634 particularem
953 1596 1083 1623 statum

87 1643 131 1675 ad
149 1643 298 1675 modum
315 1653 460 1674 suarum
477 1648 688 1675 naturarum
708 1641 912 1675 immutant.

187 1700 286 1734 Idem
309 1701 541 1735 iudicandum
573 1708 624 1735 est
654 1701 816 1741 evenire,
857 1701 918 1734 ubi
947 1700 1084 1734 lumina

85 1753 247 1786 cardines
264 1758 462 1786 transeunt.
514 1753 570 1786 Ad
589 1753 696 1785 talem
715 1753 811 1785 enim
835 1765 959 1786 eorum
985 1750 1085 1784 habi-

85 1810 160 1838 tum
194 1803 361 1837 horariae
389 1804 610 1837 intensiones
636 1811 669 1837 et
693 1804 919 1837 remissiones
943 1804 1085 1836 varian-

36 1871 37 1874 ’
84 1862 162 1894 tur;
190 1856 281 1889 sicut
297 1856 340 1888 ad
357 1854 480 1888 Lunae
499 1862 636 1888 motum
661 1862 777 1889 aestus
799 1856 909 1888 maris
934 1855 1084 1895 cientur,

35 1935 37 1937 .
84 1913 190 1952 atque
206 1907 378 1944 refluxus;
404 1907 560 1952 itemque
570 1906 670 1939 Luna
689 1907 851 1940 cardines
866 1913 1084 1946 transeunte,

85 1965 276 1991 ventorum
297 1958 463 1990 accidunt
479 1958 715 1996 mutationes,
753 1971 840 2003 quas
864 1958 939 2001 ipsa
966 1971 984 1990 a
1011 1970 1084 1990 me-

85 2009 144 2042 dio
163 2010 255 2043 Solis
272 2009 399 2042 itinere
416 2009 603 2042 deflectens
620 2009 736 2042 efficit.
797 2009 940 2054 Ubique
964 2015 1081 2042 autem

83 2058 153 2093 hoc
177 2061 371 2093 tenendum
398 2067 468 2100 est,
504 2062 601 2106 quod
625 2067 791 2104 praeeat,
829 2072 868 2092 ac
896 2059 1017 2104 potior
1040 2060 1084 2093 sit

83 2111 200 2156 prima
239 2118 344 2157 atque
380 2112 591 2145 universalis
629 2124 753 2149 causa;
799 2118 969 2156 sequatur
998 2123 1082 2143 vero

83 2163 163 2203 illa,
189 2175 207 2195 a
228 2176 296 2208 qua
316 2162 545 2206 particularia
576 2163 849 2207 proficiscuntur
875 2162 1082 2195 accidentia.

84 2213 179 2247 Tum
211 2226 296 2247 vero
333 2215 525 2247 roboretur
556 2221 661 2260 atque
696 2214 903 2246 intendatur
932 2214 1082 2253 effectio,

83 2277 162 2298 cum
201 2277 292 2311 quae
329 2266 524 2299 universali
557 2265 803 2299 constitutioni
848 2265 1084 2298 dominantur

81 2317 222 2357 stellae,
246 2315 320 2356 his,
349 2329 368 2349 a
394 2317 522 2362 quibus
548 2318 714 2350 oriuntur
736 2316 988 2360 particularia,
1023 2317 1082 2349 ad-

80 2374 202 2413 spectu
221 2375 255 2401 et
270 2368 552 2413 configuratione
572 2381 647 2402 sese
667 2368 930 2402 coniunxerint.

288 2484 343 2516 De
369 2482 618 2526 siqnificatione
641 2489 872 2517 meteororum.

181 2549 362 2582 Profuerit
379 2555 414 2582 et
429 2550 474 2582 ad
491 2549 762 2594 particularium
779 2549 1080 2594 significationum

77 2600 340 2644 praevisiones,
382 2607 509 2634 notare
538 2601 636 2644 signa
649 2628 659 2642 ,
701 2614 791 2647 quae
826 2601 922 2634 iuxta
948 2601 1081 2641 Solem,

77 2650 220 2684 Lunam
241 2657 274 2684 et
289 2652 407 2685 stellas
421 2659 609 2697 apparent,
651 2653 703 2686 Ac
722 2652 840 2686 Solem
861 2652 1081 2686 intuebimur

80 2702 276 2744 orientem,
305 2703 539 2737 coniectaturi
564 2705 606 2737 de
632 2704 902 2748 tempestatibus
923 2704 1080 2742 diurnis;

451 105 849 144 INTERPRETATIO
878 105 1049 140 OPERIS
1077 105 1462 150 QUADRIPARTITI
1488 106 1771 141 PTOLEMAEI
1798 107 1885 142 LIB.
1903 106 1944 141 ΙΙ.

1103 2265 1112 2737 ι

2079 106 2129 141 58

1143 191 1382 232 occidentem,
1433 194 1475 226 de
1509 193 1711 231 nocturnis;
1760 194 1803 226 de
1838 192 2136 233 diuturnioribus,

1141 254 1220 274 cum
1246 241 1347 275 Luna
1373 246 1644 288 configuratum.
1705 244 1796 278 Nam
1821 244 1978 287 singulae
2003 244 2136 286 figurae

1141 299 1406 336 tempestatem,
1444 296 1557 340 qualis
1581 308 1692 340 nsque
1721 297 1764 328 ad
1789 295 1990 339 proximam
2015 296 2134 327 sutura

1140 344 1203 383 sit,
1231 344 1412 377 declarare
1432 353 1704 380 consueverunt.
1765 347 1801 380 Si
1826 359 1909 390 ergo
1934 358 2022 390 pura
2047 346 2138 386 luce,

1140 395 1320 439 caliginis,
1348 396 1550 436 varietatis,
1576 404 1609 429 et
1625 398 1773 430 nubium
1793 410 1917 442 expers
1931 398 1991 431 Sol
2010 397 2137 436 oritur,

1139 447 1196 479 vel
1215 446 1361 486 occidit,
1389 459 1549 480 serenam
1569 454 1813 492 tempestatem
1832 450 2031 493 pollicetur.
2071 448 2134 481 Sin

1141 497 1240 530 vario
1259 498 1363 537 orbe,
1396 498 1510 544 aut¹⁵)
1534 499 1701 531 flammeo
1725 501 1918 543 prodierit,
1953 499 2137 539 abieritve,

1140 555 1201 581 aut
1216 549 1383 582 rubentes
1409 549 1566 582 emiserit
1586 550 1705 582 radios
1720 576 1728 589 ,
1760 551 1832 584 sive
1856 551 1893 583 in
1917 557 2051 584 rectum
2079 562 2136 583 ex-

1140 606 1342 644 porrectos‚
1370 600 1442 633 sive
1460 600 1495 632 in
1512 613 1586 634 sese
1605 607 1778 641 retortos,
1813 608 1872 634 aut
1890 615 1931 634 ex
1945 614 2015 634 una
2034 607 2136 645 parte

1140 651 1177 683 in
1203 651 1368 684 subiectis
1393 652 1547 685 nubibus
1566 664 1624 691 ea,
1654 665 1743 697 quae
1767 649 1927 697 παρήλια
1951 659 2137 691 vocantur,

1138 702 1322 742 formarit,
1347 704 1502 736 nubesve
1521 704 1695 736 subrutilo
1708 702 1752 748 16)
1772 703 1916 736 tinxerit
1934 703 2052 735 colore
2065 730 2074 742 ,
2103 709 2137 735 et

1140 753 1242 799 quasi
1273 765 1336 797 per
1370 760 1462 787 totas
1495 755 1606 787 nubes
1635 755 1760 798 longos
1786 754 1982 787 extenderit
2006 754 2138 793 radios,

1139 802 1365 837 vehementes
1383 805 1557 848 significat
1573 805 1703 845 flatus,-
1726 812 1915 850 erupturos
1933 806 1976 837 ab
1998 805 2056 837 illo
2077 817 2138 836 an-

1139 856 1243 900 gulo,
1279 868 1386 900 penes
1413 870 1517 901 quem
1543 857 1615 890 visa
1639 856 1698 889 illa
1724 857 1959 890 constiterint.
2026 855 2136 898 Niger

1140 914 1200 940 aut
1216 907 1353 940 luridus
1376 907 1404 941 si
1429 908 1465 940 in
1489 914 1570 941 ortu
1590 920 1761 942 occasuve
1779 907 2007 952 apparuerit,
2034 907 2138 939 nubi-

1138 959 1275 1003 busque
1300 959 1502 999 involutus,
1539 966 1601 991 aut
1626 971 1707 992 area
1734 960 1972 992 circumdatus
2001 971 2042 990 ex
2065 970 2135 991 una

1140 1016 1260 1054 parte,
1290 1016 1350 1043 aut
1366 1017 1467 1054 parte
1485 1016 1637 1055 utraque
1656 1011 1819 1054 pareliis,
1844 1017 1905 1044 aut
1919 1010 2039 1042 radios
2057 1021 2139 1053 sup-

1139 1061 1291 1105 pallidos
1313 1061 1480 1105 nigrosve
1504 1063 1692 1105 sparserit,
1734 1060 1867 1096 hiemes
1899 1061 2058 1093 minatur
2086 1066 2138 1092 at-

1141 1124 1208 1157 que
1226 1111 1369 1146 imbres.
1545 1114 1550 1117 ’

1241 1170 1382 1203 Lunam
1411 1172 1678 1206 observabimus
1709 1172 1746 1204 in
1777 1185 1841 1205 suo
1864 1172 1990 1204 itinere
2017 1171 2136 1204 triduo

1141 1228 1222 1255 ante
1240 1222 1294 1254 vel
1316 1228 1394 1265 post
1413 1223 1626 1262 interlunia,
1662 1229 1723 1256 aut
1749 1223 1967 1267 plenilunia,
2003 1229 2036 1256 et
2064 1235 2137 1255 me-

1140 1273 1238 1306 dium
1257 1279 1414 1316 tempus,
1443 1286 1514 1318 quo
1534 1285 1617 1317 erga
1634 1274 1753 1307 Solem
1779 1276 1988 1319 quadratur.
2042 1273 2136 1307 Nam

1140 1324 1167 1358 si
1186 1324 1283 1356 tenui
1301 1336 1461 1370 puraque
1480 1325 1556 1357 luce
1575 1324 1742 1365 nituerit,
1775 1323 1937 1370 nihilque
1956 1325 2053 1357 illam
2071 1324 2137 1357 cir-

1141 1375 1382 1415 cumdederit,
1417 1376 1643 1409 serenitatem
1669 1377 1831 1420 spondet.
1893 1376 1929 1409 Si
1953 1375 2053 1409 tenui
2077 1387 2137 1408 ru-

1139 1426 1257 1459 buerit
1276 1426 1372 1465 luce,
1406 1432 1552 1471 totaque
1571 1428 1757 1470 perspicua
1774 1428 1848 1461 visa
1866 1427 1993 1467 fuerit,
2029 1426 2136 1459 etiam

1140 1490 1178 1510 ea
1198 1483 1317 1521 parte,
1347 1489 1438 1522 quae
1463 1477 1539 1510 luce
1565 1478 1788 1518 destituitur,
1822 1484 1948 1511 ventos
1971 1477 2138 1511 excitabit

1139 1529 1221 1561 inde
1239 1528 1414 1568 orituros,
1442 1541 1513 1574 quo
1532 1528 1608 1572 ipsa
1627 1529 1793 1563 declinat.
1853 1529 1961 1573 Nigra
1975 1556 1983 1569 ‚
2012 1528 2136 1573 spissa,

1138 1580 1291 1625 pallida,
1316 1577 1450 1613 hiemes
1467 1586 1573 1625 atque
1591 1580 1721 1614 imbres
1740 1581 1911 1614 minatur.

1246 1639 1502 1673 Observandae
1537 1646 1619 1673 sunt
1651 1646 1685 1673 et
1716 1652 1839 1680 areae,
1881 1652 1971 1685 quae
1995 1638 2136 1672 Lunam

1139 1693 1356 1737 quandoque
1388 1691 1624 1724 circumdant.
1687 1691 1779 1725 Nam
1813 1691 1843 1725 si
1874 1703 1946 1724 una
1968 1690 2075 1724 suerit
2103 1696 2138 1722 et

1138 1755 1249 1787 pura,
1286 1742 1532 1788 paulatimque
1559 1755 1779 1777 marcescens
1804 1742 2010 1782 evanuerit,
2042 1754 2136 1775 sere-

1138 1795 1307 1831 nitatem3
1349 1793 1404 1827 sin
1427 1795 1517 1827 duae
1544 1800 1606 1827 aut
1630 1800 1720 1833 tres,
1762 1792 1897 1827 hiemes
1923 1794 2135 1838 significant.

1137 1845 1183 1879 Et
1214 1844 1278 1879 has
1309 1845 1475 1890 quidem,
1516 1845 1544 1878 si
1569 1846 1765 1878 subrubrae
1791 1845 1943 1885 fuerint,
1976 1851 2011 1877 et
2034 1843 2136 1890 quasi

1138 1903 1349 1941 perruptae,
1386 1908 1464 1929 cum
1483 1896 1692 1940 impetuosis
1708 1909 1748 1929 ac
1764 1894 2034 1930 vehementibus
2052 1907 2136 1928 ven-

1138 1949 1181 1982 tis
1196 1948 1383 1981 invasuras
1396 1948 1581 1981 denotant.
1635 1947 1672 1980 Si
1690 1948 1904 1992 caliginosae
1927 1959 1966 1980 ac
1991 1947 2135 1992 spissae,

1138 2013 1217 2033 cum
1236 1999 1395 2036 nivibus;
1424 1999 1451 2032 si
1472 1999 1629 2038 luridae,
1657 1999 1780 2043 nigrae
1806 2005 1839 2031 et
1863 2000 2022 2040 lacerae,
2055 2011 2134 2031 cum

1137 2051 1308 2096 utrisque.
1344 2049 1509 2095 Denique
1527 2063 1597 2095 quo
1615 2051 1734 2094 plures
1750 2051 1885 2084 fuerint
1900 2062 2016 2091 areae,
2034 2055 2134 2082 tanto

1138 2102 1292 2135 maiores
1323 2099 1458 2134 hiemes
1483 2103 1714 2145 portendunt.
1781 2101 1995 2135 Errantibus
2025 2107 2059 2133 et
2080 2100 2133 2132 in-

1137 2153 1339 2186 errantibus
1381 2152 1683 2197 splendidioribus
1733 2153 1966 2186 circumfusae
2017 2163 2134 2192 areae,

1137 2205 1356 2250 proprietate
1382 2204 1511 2238 coloris
1535 2204 1590 2237 sui
1615 2205 1829 2237 denuntiant
1853 2217 1913 2244 ea,
1955 2215 2045 2249 quae
2069 2214 2134 2235 na-

1137 2264 1238 2290 turae
1254 2257 1374 2289 ferunt
1389 2256 1584 2289 stellarum.

1239 2315 1481 2349 Inerrantium
1509 2315 1616 2348 etiam
1635 2314 1816 2347 minorum
1834 2314 1931 2347 velut
1949 2319 2134 2357 congestos

1137 2380 1283 2400 acervos
1308 2367 1563 2411 adspiciemus,
1592 2378 1663 2411 quo
1690 2366 1827 2405 colore,
1857 2377 1971 2411 quave
1996 2364 2133 2408 magni-

1136 2419 1258 2452 tudine
1276 2419 1476 2451 videantur.
1530 2417 1620 2450 Nam
1639 2417 1668 2450 si
1683 2417 1941 2461 splendidiores
1966 2415 2134 2460 grandio-

1136 2483 1262 2516 resque
1288 2469 1523 2514 apparuerint
1546 2467 1672 2509 solito,
1717 2480 1930 2514 quacunque
1963 2469 2000 2500 in
2028 2467 2132 2511 plaga

1136 2522 1225 2555 coeli
1253 2521 1497 2560 constiterint,
1533 2519 1577 2551 ab
1606 2532 1646 2552 ea
1680 2526 1805 2553 ventos
1839 2520 2038 2564 spiraturos
2073 2519 2133 2551 de-

1169 2639 1214 2666 15]
1235 2638 1316 2668 orbe,
1336 2638 1399 2666 aut]
1419 2636 1468 2662 Ed.
1485 2636 1560 2660 1553.
1581 2641 1677 2660 errore
1696 2636 1826 2666 typogr.:
1852 2636 1917 2666 orb,
1946 2636 2018 2659 eaut.

1174 2683 1220 2710 16)
1240 2680 1391 2709 subrutilo]
1410 2680 1460 2703 Ed.
1477 2679 1552 2703 1553.
1572 2679 1644 2703 male
1663 2677 1833 2702 disiunctim:
1866 2678 1917 2701 sub
1934 2678 2019 2703 rutilo
2043 2676 2132 2707 (Ptol.

1204 2710 1369 2747 ὗπὸκιρῥα).
