<?xml version="1.0" encoding="UTF-8"?>
<!DOCTYPE html PUBLIC "-//W3C//DTD XHTML 1.0 Transitional//EN"
    "http://www.w3.org/TR/xhtml1/DTD/xhtml1-transitional.dtd">
<html xmlns="http://www.w3.org/1999/xhtml" xml:lang="en" lang="en">
 <head>
  <title>
</title>
<meta http-equiv="Content-Type" content="text/html;charset=utf-8" />
  <meta name='ocr-system' content='tesseract 3.04.00' />
  <meta name='ocr-capabilities' content='ocr_page ocr_carea ocr_par ocr_line ocrx_word'/>
</head>
<body>
  <div class='ocr_page' id='page_1' title='image "./operaquaesupersu18melauoft/operaquaesupersu18melauoft_0025.png"; bbox 0 0 2373 2980; ppageno 0'>
   <div class='ocr_carea' id='block_1_1' title="bbox 0 0 59 1215">
    <p class='ocr_par' dir='ltr' id='par_1_1' title="bbox 0 0 59 1215">
     <span class='ocr_line' id='line_1_1' title="bbox 0 0 59 1215; baseline 0 0"><span class='ocrx_word' id='word_1_1' title='bbox 0 0 59 1215; x_wconf 95' lang='lat' dir='ltr'> </span> 
     </span>
    </p>
   </div>
   <div class='ocr_carea' id='block_1_2' title="bbox 15 1352 21 1379">
    <p class='ocr_par' dir='ltr' id='par_1_2' title="bbox 15 1352 21 1379">
     <span class='ocr_line' id='line_1_2' title="bbox 15 1352 21 1379; baseline 0 0"><span class='ocrx_word' id='word_1_2' title='bbox 15 1352 21 1379; x_wconf 71' lang='lat' dir='ltr'>l</span> 
     </span>
    </p>
   </div>
   <div class='ocr_carea' id='block_1_3' title="bbox 102 182 1104 970">
    <p class='ocr_par' dir='ltr' id='par_1_3' title="bbox 102 182 1101 373">
     <span class='ocr_line' id='line_1_3' title="bbox 102 182 1100 228; baseline -0.004 -10"><span class='ocrx_word' id='word_1_3' title='bbox 102 184 244 224; x_wconf 88' lang='lat' dir='ltr'>Tertia,</span> <span class='ocrx_word' id='word_1_4' title='bbox 272 196 351 217; x_wconf 85' lang='lat' dir='ltr'>cum</span> <span class='ocrx_word' id='word_1_5' title='bbox 369 184 472 228; x_wconf 66' lang='lat' dir='ltr'>vigor</span> <span class='ocrx_word' id='word_1_6' title='bbox 491 183 679 227; x_wconf 78' lang='lat' dir='ltr'>languefit,</span> <span class='ocrx_word' id='word_1_7' title='bbox 714 189 748 216; x_wconf 89' lang='lat' dir='ltr'>et</span> <span class='ocrx_word' id='word_1_8' title='bbox 770 182 911 215; x_wconf 87' lang='lat' dir='ltr'>initium</span> <span class='ocrx_word' id='word_1_9' title='bbox 942 188 992 215; x_wconf 88' lang='lat' dir='ltr'>est</span> <span class='ocrx_word' id='word_1_10' title='bbox 1017 193 1100 214; x_wconf 91' lang='lat' dir='ltr'>con-</span> 
     </span>
     <span class='ocr_line' id='line_1_4' title="bbox 105 234 1102 281; baseline -0.007 -10"><span class='ocrx_word' id='word_1_11' title='bbox 105 235 337 281; x_wconf 79' lang='lat' dir='ltr'>sumptionis,</span> <span class='ocrx_word' id='word_1_12' title='bbox 375 236 512 269; x_wconf 88' lang='lat' dir='ltr'>siccitas</span> <span class='ocrx_word' id='word_1_13' title='bbox 538 235 654 268; x_wconf 85' lang='lat' dir='ltr'>maior</span> <span class='ocrx_word' id='word_1_14' title='bbox 684 241 751 268; x_wconf 89' lang='lat' dir='ltr'>est:</span> <span class='ocrx_word' id='word_1_15' title='bbox 793 234 891 267; x_wconf 88' lang='lat' dir='ltr'>utin</span> <span class='ocrx_word' id='word_1_16' title='bbox 917 240 1102 266; x_wconf 28' lang='lat' dir='ltr'>Mmtmnno</span> 
     </span>
     <span class='ocr_line' id='line_1_5' title="bbox 104 283 1101 331; baseline -0.005 -10"><span class='ocrx_word' id='word_1_17' title='bbox 104 288 292 322; x_wconf 83' lang='lat' dir='ltr'>Postremo</span> <span class='ocrx_word' id='word_1_18' title='bbox 311 287 477 331; x_wconf 76' lang='lat' dir='ltr'>frigidior</span> <span class='ocrx_word' id='word_1_19' title='bbox 499 293 565 320; x_wconf 90' lang='lat' dir='ltr'>est:</span> <span class='ocrx_word' id='word_1_20' title='bbox 601 292 640 319; x_wconf 88' lang='lat' dir='ltr'>ut</span> <span class='ocrx_word' id='word_1_21' title='bbox 657 283 790 325; x_wconf 86' lang='lat' dir='ltr'>hiems,</span> <span class='ocrx_word' id='word_1_22' title='bbox 820 297 910 330; x_wconf 68' lang='lat' dir='ltr'>quie</span> <span class='ocrx_word' id='word_1_23' title='bbox 937 285 1101 328; x_wconf 80' lang='lat' dir='ltr'>proxima</span> 
     </span>
     <span class='ocr_line' id='line_1_6' title="bbox 105 338 301 373; baseline -0.016 0"><span class='ocrx_word' id='word_1_24' title='bbox 105 345 156 373; x_wconf 86' lang='lat' dir='ltr'>est</span> <span class='ocrx_word' id='word_1_25' title='bbox 180 338 301 372; x_wconf 85' lang='lat' dir='ltr'>morti.</span> 
     </span>
    </p>

    <p class='ocr_par' dir='ltr' id='par_1_4' title="bbox 105 394 1103 545">
     <span class='ocr_line' id='line_1_7' title="bbox 204 394 1103 443; baseline -0.006 -12"><span class='ocrx_word' id='word_1_26' title='bbox 204 398 260 432; x_wconf 91' lang='lat' dir='ltr'>Sic</span> <span class='ocrx_word' id='word_1_27' title='bbox 277 404 310 431; x_wconf 87' lang='lat' dir='ltr'>et</span> <span class='ocrx_word' id='word_1_28' title='bbox 333 404 489 443; x_wconf 67' lang='grc' dir='ltr'>(Ῑιιιῐιιοι-</span> <span class='ocrx_word' id='word_1_29' title='bbox 509 397 722 441; x_wconf 84' lang='lat' dir='ltr'>angulorum</span> <span class='ocrx_word' id='word_1_30' title='bbox 746 401 896 428; x_wconf 89' lang='lat' dir='ltr'>naturae</span> <span class='ocrx_word' id='word_1_31' title='bbox 920 394 1103 433; x_wconf 87' lang='lat' dir='ltr'>differunt,</span> 
     </span>
     <span class='ocr_line' id='line_1_8' title="bbox 105 447 1103 495; baseline -0.006 -12"><span class='ocrx_word' id='word_1_32' title='bbox 105 462 123 483; x_wconf 84' lang='lat' dir='ltr'>a</span> <span class='ocrx_word' id='word_1_33' title='bbox 150 450 278 495; x_wconf 85' lang='lat' dir='ltr'>quibus</span> <span class='ocrx_word' id='word_1_34' title='bbox 301 449 419 490; x_wconf 64' lang='lat' dir='ltr'>venti,</span> <span class='ocrx_word' id='word_1_35' title='bbox 462 449 523 494; x_wconf 90' lang='lat' dir='ltr'>qui</span> <span class='ocrx_word' id='word_1_36' title='bbox 556 455 646 480; x_wconf 84' lang='lat' dir='ltr'>totas</span> <span class='ocrx_word' id='word_1_37' title='bbox 672 447 749 480; x_wconf 84' lang='lat' dir='ltr'>illas</span> <span class='ocrx_word' id='word_1_38' title='bbox 771 452 889 490; x_wconf 88' lang='lat' dir='ltr'>partes</span> <span class='ocrx_word' id='word_1_39' title='bbox 914 451 1103 490; x_wconf 81' lang='lat' dir='ltr'>occupant,</span> 
     </span>
     <span class='ocr_line' id='line_1_9' title="bbox 105 501 255 545; baseline 0 -11"><span class='ocrx_word' id='word_1_40' title='bbox 105 501 255 545; x_wconf 79' lang='lat' dir='ltr'>spirant.</span> 
     </span>
    </p>

    <p class='ocr_par' dir='ltr' id='par_1_5' title="bbox 104 555 1104 746">
     <span class='ocr_line' id='line_1_10' title="bbox 207 555 1103 602; baseline -0.006 -10"><span class='ocrx_word' id='word_1_41' title='bbox 207 559 402 594; x_wconf 87' lang='lat' dir='ltr'>Orientalis</span> <span class='ocrx_word' id='word_1_42' title='bbox 418 558 566 601; x_wconf 88' lang='lat' dir='ltr'>angulus</span> <span class='ocrx_word' id='word_1_43' title='bbox 586 558 712 591; x_wconf 89' lang='lat' dir='ltr'>siccior</span> <span class='ocrx_word' id='word_1_44' title='bbox 730 563 798 596; x_wconf 91' lang='lat' dir='ltr'>est,</span> <span class='ocrx_word' id='word_1_45' title='bbox 826 557 908 602; x_wconf 86' lang='lat' dir='ltr'>quia</span> <span class='ocrx_word' id='word_1_46' title='bbox 921 583 929 596; x_wconf 92' lang='lat'>,</span> <span class='ocrx_word' id='word_1_47' title='bbox 959 569 1037 589; x_wconf 90' lang='lat' dir='ltr'>cum</span> <span class='ocrx_word' id='word_1_48' title='bbox 1054 555 1103 591; x_wconf 85' lang='lat' dir='ltr'>ibi</span> 
     </span>
     <span class='ocr_line' id='line_1_11' title="bbox 105 607 1104 654; baseline -0.008 -9"><span class='ocrx_word' id='word_1_49' title='bbox 105 612 166 646; x_wconf 91' lang='lat' dir='ltr'>Sol</span> <span class='ocrx_word' id='word_1_50' title='bbox 181 618 249 651; x_wconf 87' lang='lat' dir='ltr'>est,</span> <span class='ocrx_word' id='word_1_51' title='bbox 278 622 338 649; x_wconf 85' lang='lat' dir='ltr'>ea,</span> <span class='ocrx_word' id='word_1_52' title='bbox 365 621 455 654; x_wconf 88' lang='lat' dir='ltr'>quae</span> <span class='ocrx_word' id='word_1_53' title='bbox 470 615 572 642; x_wconf 88' lang='lat' dir='ltr'>nocte</span> <span class='ocrx_word' id='word_1_54' title='bbox 593 609 706 652; x_wconf 87' lang='lat' dir='ltr'>rigata</span> <span class='ocrx_word' id='word_1_55' title='bbox 725 609 887 647; x_wconf 85' lang='lat' dir='ltr'>fuerant,</span> <span class='ocrx_word' id='word_1_56' title='bbox 915 607 1033 641; x_wconf 90' lang='lat' dir='ltr'>statim</span> <span class='ocrx_word' id='word_1_57' title='bbox 1051 607 1104 639; x_wconf 69' lang='lat' dir='ltr'>in-</span> 
     </span>
     <span class='ocr_line' id='line_1_12' title="bbox 107 657 1104 707; baseline -0.005 -11"><span class='ocrx_word' id='word_1_58' title='bbox 107 663 243 707; x_wconf 90' lang='lat' dir='ltr'>cipiunt</span> <span class='ocrx_word' id='word_1_59' title='bbox 261 660 412 701; x_wconf 86' lang='lat' dir='ltr'>arefieri,</span> <span class='ocrx_word' id='word_1_60' title='bbox 440 666 473 693; x_wconf 89' lang='lat' dir='ltr'>et</span> <span class='ocrx_word' id='word_1_61' title='bbox 483 660 672 694; x_wconf 86' lang='lat' dir='ltr'>Subsolani</span> <span class='ocrx_word' id='word_1_62' title='bbox 689 666 772 693; x_wconf 89' lang='lat' dir='ltr'>sunt</span> <span class='ocrx_word' id='word_1_63' title='bbox 787 659 863 693; x_wconf 83' lang='lat' dir='ltr'>siue</span> <span class='ocrx_word' id='word_1_64' title='bbox 880 657 1044 698; x_wconf 85' lang='lat' dir='ltr'>humore,</span> <span class='ocrx_word' id='word_1_65' title='bbox 1070 667 1104 694; x_wconf 87' lang='lat' dir='ltr'>et</span> 
     </span>
     <span class='ocr_line' id='line_1_13' title="bbox 104 713 314 746; baseline 0 0"><span class='ocrx_word' id='word_1_66' title='bbox 104 713 314 746; x_wconf 83' lang='lat' dir='ltr'>arefaciunt.</span> 
     </span>
    </p>

    <p class='ocr_par' dir='ltr' id='par_1_6' title="bbox 102 769 1104 970">
     <span class='ocr_line' id='line_1_14' title="bbox 206 769 1104 816; baseline -0.004 -12"><span class='ocrx_word' id='word_1_67' title='bbox 206 771 375 804; x_wconf 77' lang='lat' dir='ltr'>Meridies</span> <span class='ocrx_word' id='word_1_68' title='bbox 395 771 544 803; x_wconf 72' lang='lat' dir='ltr'>calislior</span> <span class='ocrx_word' id='word_1_69' title='bbox 563 777 632 810; x_wconf 81' lang='lat' dir='ltr'>est,</span> <span class='ocrx_word' id='word_1_70' title='bbox 661 770 742 816; x_wconf 86' lang='lat' dir='ltr'>quia</span> <span class='ocrx_word' id='word_1_71' title='bbox 762 770 823 803; x_wconf 92' lang='lat' dir='ltr'>Sol</span> <span class='ocrx_word' id='word_1_72' title='bbox 849 769 884 802; x_wconf 90' lang='lat' dir='ltr'>in</span> <span class='ocrx_word' id='word_1_73' title='bbox 911 769 1030 802; x_wconf 88' lang='lat' dir='ltr'>medio</span> <span class='ocrx_word' id='word_1_74' title='bbox 1054 770 1104 801; x_wconf 84' lang='lat' dir='ltr'>fa-</span> 
     </span>
     <span class='ocr_line' id='line_1_15' title="bbox 103 820 1104 867; baseline -0.005 -10"><span class='ocrx_word' id='word_1_75' title='bbox 103 823 207 867; x_wconf 88' lang='lat' dir='ltr'>stigio</span> <span class='ocrx_word' id='word_1_76' title='bbox 227 823 410 855; x_wconf 73' lang='lat' dir='ltr'>ardentior</span> <span class='ocrx_word' id='word_1_77' title='bbox 427 828 497 861; x_wconf 81' lang='lat' dir='ltr'>est,</span> <span class='ocrx_word' id='word_1_78' title='bbox 526 828 559 854; x_wconf 91' lang='lat' dir='ltr'>et</span> <span class='ocrx_word' id='word_1_79' title='bbox 576 822 658 867; x_wconf 86' lang='lat' dir='ltr'>quia</span> <span class='ocrx_word' id='word_1_80' title='bbox 678 822 849 855; x_wconf 88' lang='lat' dir='ltr'>medietas</span> <span class='ocrx_word' id='word_1_81' title='bbox 877 821 965 854; x_wconf 91' lang='lat' dir='ltr'>coeli</span> <span class='ocrx_word' id='word_1_82' title='bbox 991 820 1104 864; x_wconf 86' lang='lat' dir='ltr'>magis</span> 
     </span>
     <span class='ocr_line' id='line_1_16' title="bbox 104 870 1104 918; baseline -0.003 -11"><span class='ocrx_word' id='word_1_83' title='bbox 104 876 148 907; x_wconf 88' lang='lat' dir='ltr'>ad</span> <span class='ocrx_word' id='word_1_84' title='bbox 164 874 351 907; x_wconf 80' lang='lat' dir='ltr'>meridiem</span> <span class='ocrx_word' id='word_1_85' title='bbox 370 874 543 913; x_wconf 88' lang='lat' dir='ltr'>declinat,</span> <span class='ocrx_word' id='word_1_86' title='bbox 572 886 637 917; x_wconf 91' lang='lat' dir='ltr'>pro</span> <span class='ocrx_word' id='word_1_87' title='bbox 665 873 733 906; x_wconf 86' lang='lat' dir='ltr'>situ</span> <span class='ocrx_word' id='word_1_88' title='bbox 757 879 892 912; x_wconf 83' lang='lat' dir='ltr'>terrae,</span> <span class='ocrx_word' id='word_1_89' title='bbox 928 884 1018 918; x_wconf 90' lang='lat' dir='ltr'>quae</span> <span class='ocrx_word' id='word_1_90' title='bbox 1042 870 1104 905; x_wconf 87' lang='lat' dir='ltr'>ha-</span> 
     </span>
     <span class='ocr_line' id='line_1_17' title="bbox 102 924 946 970; baseline -0.001 -11"><span class='ocrx_word' id='word_1_91' title='bbox 102 926 250 959; x_wconf 85' lang='lat' dir='ltr'>bitatur.</span> <span class='ocrx_word' id='word_1_92' title='bbox 303 925 464 970; x_wconf 87' lang='lat' dir='ltr'>Suntque</span> <span class='ocrx_word' id='word_1_93' title='bbox 483 925 605 958; x_wconf 79' lang='lat' dir='ltr'>Austri</span> <span class='ocrx_word' id='word_1_94' title='bbox 625 924 730 957; x_wconf 89' lang='lat' dir='ltr'>calidi</span> <span class='ocrx_word' id='word_1_95' title='bbox 753 931 786 957; x_wconf 85' lang='lat' dir='ltr'>et</span> <span class='ocrx_word' id='word_1_96' title='bbox 802 924 946 958; x_wconf 88' lang='lat' dir='ltr'>rarifici.</span> 
     </span>
    </p>
   </div>
   <div class='ocr_carea' id='block_1_4' title="bbox 104 981 923 1075">
    <p class='ocr_par' dir='ltr' id='par_1_7' title="bbox 104 981 923 1075">
     <span class='ocr_line' id='line_1_18' title="bbox 207 981 828 1028; baseline -0.003 -11"><span class='ocrx_word' id='word_1_97' title='bbox 207 983 380 1017; x_wconf 82' lang='lat' dir='ltr'>Occidens</span> <span class='ocrx_word' id='word_1_98' title='bbox 413 981 582 1017; x_wconf 85' lang='lat' dir='ltr'>humidus</span> <span class='ocrx_word' id='word_1_99' title='bbox 613 989 682 1023; x_wconf 90' lang='lat' dir='ltr'>est,</span> <span class='ocrx_word' id='word_1_100' title='bbox 724 983 828 1028; x_wconf 83' lang='lat' dir='ltr'>quia,</span> 
     </span>
     <span class='ocr_line' id='line_1_19' title="bbox 104 1033 923 1075; baseline -0.004 -6"><span class='ocrx_word' id='word_1_101' title='bbox 104 1035 265 1075; x_wconf 90' lang='lat' dir='ltr'>accessit,</span> <span class='ocrx_word' id='word_1_102' title='bbox 289 1033 478 1068; x_wconf 82' lang='lat' dir='ltr'>exhaustae</span> <span class='ocrx_word' id='word_1_103' title='bbox 497 1033 727 1068; x_wconf 80' lang='lat' dir='ltr'>lmmiditates</span> <span class='ocrx_word' id='word_1_104' title='bbox 748 1034 923 1073; x_wconf 76' lang='lat' dir='ltr'>interdiu,</span> 
     </span>
    </p>
   </div>
   <div class='ocr_carea' id='block_1_5' title="bbox 871 982 1103 1067">
    <p class='ocr_par' dir='ltr' id='par_1_8' title="bbox 871 982 1103 1067">
     <span class='ocr_line' id='line_1_20' title="bbox 871 982 1103 1016; baseline -0.009 0"><span class='ocrx_word' id='word_1_105' title='bbox 871 996 950 1016; x_wconf 90' lang='lat' dir='ltr'>cum</span> <span class='ocrx_word' id='word_1_106' title='bbox 975 982 1035 1015; x_wconf 89' lang='lat' dir='ltr'>Sol</span> <span class='ocrx_word' id='word_1_107' title='bbox 1062 994 1103 1014; x_wconf 93' lang='lat' dir='ltr'>eo</span> 
     </span>
     <span class='ocr_line' id='line_1_21' title="bbox 951 1033 1102 1067; baseline -0.013 -1"><span class='ocrx_word' id='word_1_108' title='bbox 951 1033 1102 1067; x_wconf 83' lang='lat' dir='ltr'>diffundi</span> 
     </span>
    </p>
   </div>
   <div class='ocr_carea' id='block_1_6' title="bbox 101 1072 1134 1203">
    <p class='ocr_par' dir='ltr' id='par_1_9' title="bbox 101 1072 1133 1182">
     <span class='ocr_line' id='line_1_22' title="bbox 101 1072 1133 1154; baseline -0.003 -35"><span class='ocrx_word' id='word_1_109' title='bbox 101 1087 290 1131; x_wconf 84' lang='lat' dir='ltr'>incipiunt.</span> <span class='ocrx_word' id='word_1_110' title='bbox 343 1087 503 1131; x_wconf 81' lang='lat' dir='ltr'>Suntque</span> <span class='ocrx_word' id='word_1_111' title='bbox 523 1084 678 1131; x_wconf 67' lang='lat' dir='ltr'>Zephyri</span> <span class='ocrx_word' id='word_1_112' title='bbox 706 1086 819 1119; x_wconf 86' lang='lat' dir='ltr'>teneri</span> <span class='ocrx_word' id='word_1_113' title='bbox 843 1093 876 1118; x_wconf 85' lang='lat' dir='ltr'>et</span> <span class='ocrx_word' id='word_1_114' title='bbox 897 1072 1133 1154; x_wconf 45' lang='lat' dir='ltr'>humectamj</span> 
     </span>
     <span class='ocr_line' id='line_1_23' title="bbox 103 1137 1134 1203; baseline -0.003 -32"><span class='ocrx_word' id='word_1_115' title='bbox 103 1145 166 1172; x_wconf 85' lang='lat' dir='ltr'>tes.</span> <span class='ocrx_word' id='word_1_116' title='bbox 219 1138 351 1170; x_wconf 85' lang='lat' dir='ltr'>Arctoa</span> <span class='ocrx_word' id='word_1_117' title='bbox 372 1137 469 1181; x_wconf 87' lang='lat' dir='ltr'>regio</span> <span class='ocrx_word' id='word_1_118' title='bbox 487 1137 614 1181; x_wconf 79' lang='lat' dir='ltr'>frigida</span> <span class='ocrx_word' id='word_1_119' title='bbox 640 1143 709 1176; x_wconf 86' lang='lat' dir='ltr'>est,</span> <span class='ocrx_word' id='word_1_120' title='bbox 742 1137 824 1182; x_wconf 85' lang='lat' dir='ltr'>quia</span> <span class='ocrx_word' id='word_1_121' title='bbox 852 1149 916 1180; x_wconf 89' lang='lat' dir='ltr'>pro</span> <span class='ocrx_word' id='word_1_122' title='bbox 941 1137 1009 1170; x_wconf 87' lang='lat' dir='ltr'>situ</span> <span class='ocrx_word' id='word_1_123' title='bbox 1036 1142 1134 1203; x_wconf 48' lang='lat' dir='ltr'>ter-⁸</span> 
     </span>
    </p>
   </div>
   <div class='ocr_carea' id='block_1_7' title="bbox 102 1187 1105 1385">
    <p class='ocr_par' dir='ltr' id='par_1_10' title="bbox 102 1187 1105 1385">
     <span class='ocr_line' id='line_1_24' title="bbox 103 1187 1104 1234; baseline -0.003 -12"><span class='ocrx_word' id='word_1_124' title='bbox 103 1201 185 1229; x_wconf 84' lang='lat' dir='ltr'>rae,</span> <span class='ocrx_word' id='word_1_125' title='bbox 213 1201 304 1234; x_wconf 89' lang='lat' dir='ltr'>quae</span> <span class='ocrx_word' id='word_1_126' title='bbox 324 1187 519 1227; x_wconf 82' lang='lat' dir='ltr'>habitatur,</span> <span class='ocrx_word' id='word_1_127' title='bbox 547 1188 752 1231; x_wconf 72' lang='lat' dir='ltr'>longissime</span> <span class='ocrx_word' id='word_1_128' title='bbox 773 1189 871 1220; x_wconf 82' lang='lat' dir='ltr'>abest</span> <span class='ocrx_word' id='word_1_129' title='bbox 887 1200 904 1219; x_wconf 89' lang='lat' dir='ltr'>a</span> <span class='ocrx_word' id='word_1_130' title='bbox 926 1199 1029 1220; x_wconf 83' lang='lat' dir='ltr'>causa</span> <span class='ocrx_word' id='word_1_131' title='bbox 1049 1199 1104 1219; x_wconf 84' lang='lat' dir='ltr'>ca—</span> 
     </span>
     <span class='ocr_line' id='line_1_25' title="bbox 102 1238 1104 1282; baseline -0.004 -9"><span class='ocrx_word' id='word_1_132' title='bbox 102 1240 209 1278; x_wconf 89' lang='lat' dir='ltr'>loris,</span> <span class='ocrx_word' id='word_1_133' title='bbox 237 1239 401 1272; x_wconf 61' lang='lat' dir='ltr'>videlicet</span> <span class='ocrx_word' id='word_1_134' title='bbox 418 1239 509 1272; x_wconf 78' lang='lat' dir='ltr'>Solis</span> <span class='ocrx_word' id='word_1_135' title='bbox 524 1239 686 1282; x_wconf 79' lang='lat' dir='ltr'>fastigio,</span> <span class='ocrx_word' id='word_1_136' title='bbox 715 1251 792 1271; x_wconf 89' lang='lat' dir='ltr'>cum</span> <span class='ocrx_word' id='word_1_137' title='bbox 819 1239 868 1270; x_wconf 89' lang='lat' dir='ltr'>ibi</span> <span class='ocrx_word' id='word_1_138' title='bbox 894 1238 939 1271; x_wconf 87' lang='lat' dir='ltr'>sit</span> <span class='ocrx_word' id='word_1_139' title='bbox 964 1244 1104 1270; x_wconf 88' lang='lat' dir='ltr'>contra-</span> 
     </span>
     <span class='ocr_line' id='line_1_26' title="bbox 105 1289 1105 1334; baseline -0.003 -10"><span class='ocrx_word' id='word_1_140' title='bbox 105 1291 199 1324; x_wconf 89' lang='lat' dir='ltr'>rium</span> <span class='ocrx_word' id='word_1_141' title='bbox 225 1290 417 1334; x_wconf 77' lang='lat' dir='ltr'>fastigium.</span> <span class='ocrx_word' id='word_1_142' title='bbox 478 1290 638 1334; x_wconf 81' lang='lat' dir='ltr'>Suntque</span> <span class='ocrx_word' id='word_1_143' title='bbox 658 1289 795 1322; x_wconf 86' lang='lat' dir='ltr'>Boreae</span> <span class='ocrx_word' id='word_1_144' title='bbox 818 1289 937 1333; x_wconf 76' lang='lat' dir='ltr'>frigidi</span> <span class='ocrx_word' id='word_1_145' title='bbox 965 1296 999 1322; x_wconf 85' lang='lat' dir='ltr'>ct</span> <span class='ocrx_word' id='word_1_146' title='bbox 1022 1301 1105 1321; x_wconf 88' lang='lat' dir='ltr'>con-</span> 
     </span>
     <span class='ocr_line' id='line_1_27' title="bbox 105 1342 293 1385; baseline -0.005 -11"><span class='ocrx_word' id='word_1_147' title='bbox 105 1342 293 1385; x_wconf 86' lang='lat' dir='ltr'>gelatores.</span> 
     </span>
    </p>
   </div>
   <div class='ocr_carea' id='block_1_8' title="bbox 102 1397 1104 1593">
    <p class='ocr_par' dir='ltr' id='par_1_11' title="bbox 102 1397 1104 1593">
     <span class='ocr_line' id='line_1_28' title="bbox 204 1397 1104 1433; baseline 0.001 -2"><span class='ocrx_word' id='word_1_148' title='bbox 204 1399 299 1431; x_wconf 88' lang='lat' dir='ltr'>Haec</span> <span class='ocrx_word' id='word_1_149' title='bbox 315 1397 496 1431; x_wconf 88' lang='lat' dir='ltr'>distinctio</span> <span class='ocrx_word' id='word_1_150' title='bbox 513 1398 609 1432; x_wconf 88' lang='lat' dir='ltr'>utilis</span> <span class='ocrx_word' id='word_1_151' title='bbox 627 1405 677 1431; x_wconf 94' lang='lat' dir='ltr'>est</span> <span class='ocrx_word' id='word_1_152' title='bbox 695 1400 739 1431; x_wconf 91' lang='lat' dir='ltr'>ad</span> <span class='ocrx_word' id='word_1_153' title='bbox 764 1399 1010 1433; x_wconf 88' lang='lat' dir='ltr'>diiudicandas</span> <span class='ocrx_word' id='word_1_154' title='bbox 1034 1400 1104 1433; x_wconf 90' lang='lat' dir='ltr'>sin-</span> 
     </span>
     <span class='ocr_line' id='line_1_29' title="bbox 103 1448 1104 1495; baseline 0 -12"><span class='ocrx_word' id='word_1_155' title='bbox 103 1450 280 1494; x_wconf 87' lang='lat' dir='ltr'>gularium</span> <span class='ocrx_word' id='word_1_156' title='bbox 308 1449 592 1484; x_wconf 83' lang='lat' dir='ltr'>commixtiones.</span> <span class='ocrx_word' id='word_1_157' title='bbox 645 1450 738 1483; x_wconf 87' lang='lat' dir='ltr'>Nam</span> <span class='ocrx_word' id='word_1_158' title='bbox 762 1457 911 1495; x_wconf 91' lang='lat' dir='ltr'>propter</span> <span class='ocrx_word' id='word_1_159' title='bbox 935 1448 998 1484; x_wconf 88' lang='lat' dir='ltr'>has</span> <span class='ocrx_word' id='word_1_160' title='bbox 1021 1463 1104 1484; x_wconf 90' lang='lat' dir='ltr'>con—</span> 
     </span>
     <span class='ocr_line' id='line_1_30' title="bbox 103 1501 1104 1547; baseline 0.001 -12"><span class='ocrx_word' id='word_1_161' title='bbox 103 1501 304 1535; x_wconf 86' lang='lat' dir='ltr'>stitutiones</span> <span class='ocrx_word' id='word_1_162' title='bbox 327 1507 552 1545; x_wconf 90' lang='lat' dir='ltr'>temporum,</span> <span class='ocrx_word' id='word_1_163' title='bbox 581 1502 683 1542; x_wconf 87' lang='lat' dir='ltr'>anni,</span> <span class='ocrx_word' id='word_1_164' title='bbox 718 1508 871 1534; x_wconf 85' lang='lat' dir='ltr'>aetatum</span> <span class='ocrx_word' id='word_1_165' title='bbox 899 1509 932 1535; x_wconf 90' lang='lat' dir='ltr'>et</span> <span class='ocrx_word' id='word_1_166' title='bbox 956 1503 1104 1547; x_wconf 88' lang='lat' dir='ltr'>angulo-</span> 
     </span>
     <span class='ocr_line' id='line_1_31' title="bbox 102 1550 985 1593; baseline 0.002 -7"><span class='ocrx_word' id='word_1_167' title='bbox 102 1565 180 1586; x_wconf 87' lang='lat' dir='ltr'>rum</span> <span class='ocrx_word' id='word_1_168' title='bbox 194 1579 203 1593; x_wconf 93' lang='lat'>,</span> <span class='ocrx_word' id='word_1_169' title='bbox 228 1550 395 1585; x_wconf 86' lang='lat' dir='ltr'>nonnihil</span> <span class='ocrx_word' id='word_1_170' title='bbox 412 1553 554 1586; x_wconf 79' lang='lat' dir='ltr'>variant</span> <span class='ocrx_word' id='word_1_171' title='bbox 570 1553 751 1587; x_wconf 88' lang='lat' dir='ltr'>stellarum</span> <span class='ocrx_word' id='word_1_172' title='bbox 767 1554 985 1588; x_wconf 56' lang='lat' dir='ltr'>effectione&amp;</span> 
     </span>
    </p>
   </div>
   <div class='ocr_carea' id='block_1_9' title="bbox 101 1611 1104 1915">
    <p class='ocr_par' dir='ltr' id='par_1_12' title="bbox 101 1611 1104 1915">
     <span class='ocr_line' id='line_1_32' title="bbox 204 1611 1102 1658; baseline 0.002 -14"><span class='ocrx_word' id='word_1_173' title='bbox 204 1612 337 1645; x_wconf 89' lang='lat' dir='ltr'>Purior</span> <span class='ocrx_word' id='word_1_174' title='bbox 355 1618 405 1645; x_wconf 89' lang='lat' dir='ltr'>est</span> <span class='ocrx_word' id='word_1_175' title='bbox 422 1611 515 1644; x_wconf 89' lang='lat' dir='ltr'>enim</span> <span class='ocrx_word' id='word_1_176' title='bbox 536 1613 709 1658; x_wconf 88' lang='lat' dir='ltr'>qualitas,</span> <span class='ocrx_word' id='word_1_177' title='bbox 733 1619 766 1645; x_wconf 90' lang='lat' dir='ltr'>et</span> <span class='ocrx_word' id='word_1_178' title='bbox 785 1613 939 1646; x_wconf 84' lang='lat' dir='ltr'>validior</span> <span class='ocrx_word' id='word_1_179' title='bbox 964 1614 1001 1647; x_wconf 87' lang='lat' dir='ltr'>in</span> <span class='ocrx_word' id='word_1_180' title='bbox 1024 1614 1102 1646; x_wconf 91' lang='lat' dir='ltr'>loco</span> 
     </span>
     <span class='ocr_line' id='line_1_33' title="bbox 103 1664 1103 1707; baseline 0.001 -11"><span class='ocrx_word' id='word_1_181' title='bbox 103 1669 338 1707; x_wconf 85' lang='lat' dir='ltr'>congruente:</span> <span class='ocrx_word' id='word_1_182' title='bbox 367 1669 406 1697; x_wconf 91' lang='lat' dir='ltr'>ut</span> <span class='ocrx_word' id='word_1_183' title='bbox 426 1664 559 1696; x_wconf 77' lang='lat' dir='ltr'>calidae</span> <span class='ocrx_word' id='word_1_184' title='bbox 584 1664 622 1696; x_wconf 86' lang='lat' dir='ltr'>in</span> <span class='ocrx_word' id='word_1_185' title='bbox 647 1664 769 1698; x_wconf 87' lang='lat' dir='ltr'>calidis</span> <span class='ocrx_word' id='word_1_186' title='bbox 792 1665 899 1705; x_wconf 84' lang='lat' dir='ltr'>locis,</span> <span class='ocrx_word' id='word_1_187' title='bbox 934 1664 1103 1699; x_wconf 87' lang='lat' dir='ltr'>humidae</span> 
     </span>
     <span class='ocr_line' id='line_1_34' title="bbox 101 1713 1104 1750; baseline 0.002 -2"><span class='ocrx_word' id='word_1_188' title='bbox 101 1715 139 1748; x_wconf 89' lang='lat' dir='ltr'>in</span> <span class='ocrx_word' id='word_1_189' title='bbox 156 1713 325 1748; x_wconf 88' lang='lat' dir='ltr'>humidis.</span> <span class='ocrx_word' id='word_1_190' title='bbox 378 1713 418 1748; x_wconf 91' lang='lat' dir='ltr'>In</span> <span class='ocrx_word' id='word_1_191' title='bbox 434 1715 623 1748; x_wconf 70' lang='lat' dir='ltr'>contrariis</span> <span class='ocrx_word' id='word_1_192' title='bbox 646 1728 731 1748; x_wconf 73' lang='lat' dir='ltr'>vero</span> <span class='ocrx_word' id='word_1_193' title='bbox 756 1716 904 1750; x_wconf 88' lang='lat' dir='ltr'>dilutior</span> <span class='ocrx_word' id='word_1_194' title='bbox 929 1729 968 1750; x_wconf 91' lang='lat' dir='ltr'>ac</span> <span class='ocrx_word' id='word_1_195' title='bbox 993 1717 1104 1750; x_wconf 84' lang='lat' dir='ltr'>imbe-</span> 
     </span>
     <span class='ocr_line' id='line_1_35' title="bbox 103 1766 1104 1810; baseline 0.001 -10"><span class='ocrx_word' id='word_1_196' title='bbox 103 1766 234 1800; x_wconf 87' lang='lat' dir='ltr'>cillior:</span> <span class='ocrx_word' id='word_1_197' title='bbox 261 1766 352 1800; x_wconf 89' lang='lat' dir='ltr'>utin</span> <span class='ocrx_word' id='word_1_198' title='bbox 369 1767 506 1810; x_wconf 85' lang='lat' dir='ltr'>frigidis</span> <span class='ocrx_word' id='word_1_199' title='bbox 531 1767 617 1799; x_wconf 89' lang='lat' dir='ltr'>locis</span> <span class='ocrx_word' id='word_1_200' title='bbox 643 1767 887 1809; x_wconf 65' lang='lat' dir='ltr'>calefactivae,</span> <span class='ocrx_word' id='word_1_201' title='bbox 923 1776 957 1801; x_wconf 89' lang='lat' dir='ltr'>et</span> <span class='ocrx_word' id='word_1_202' title='bbox 980 1769 1016 1801; x_wconf 91' lang='lat' dir='ltr'>in</span> <span class='ocrx_word' id='word_1_203' title='bbox 1039 1769 1104 1803; x_wconf 90' lang='lat' dir='ltr'>sic-</span> 
     </span>
     <span class='ocr_line' id='line_1_36' title="bbox 102 1815 1104 1865; baseline 0.002 -14"><span class='ocrx_word' id='word_1_204' title='bbox 102 1818 150 1852; x_wconf 89' lang='lat' dir='ltr'>cis</span> <span class='ocrx_word' id='word_1_205' title='bbox 168 1815 355 1858; x_wconf 76' lang='lat' dir='ltr'>humidae,</span> <span class='ocrx_word' id='word_1_206' title='bbox 385 1824 418 1851; x_wconf 91' lang='lat' dir='ltr'>et</span> <span class='ocrx_word' id='word_1_207' title='bbox 436 1818 525 1851; x_wconf 90' lang='lat' dir='ltr'>aliae</span> <span class='ocrx_word' id='word_1_208' title='bbox 550 1818 586 1850; x_wconf 91' lang='lat' dir='ltr'>in</span> <span class='ocrx_word' id='word_1_209' title='bbox 613 1818 690 1852; x_wconf 86' lang='lat' dir='ltr'>aliis</span> <span class='ocrx_word' id='word_1_210' title='bbox 713 1818 898 1860; x_wconf 88' lang='lat' dir='ltr'>similiter,</span> <span class='ocrx_word' id='word_1_211' title='bbox 932 1833 998 1865; x_wconf 88' lang='lat' dir='ltr'>pro</span> <span class='ocrx_word' id='word_1_212' title='bbox 1021 1833 1104 1865; x_wconf 88' lang='lat' dir='ltr'>pro-</span> 
     </span>
     <span class='ocr_line' id='line_1_37' title="bbox 102 1869 838 1915; baseline 0.003 -13"><span class='ocrx_word' id='word_1_213' title='bbox 102 1870 269 1915; x_wconf 90' lang='lat' dir='ltr'>portione</span> <span class='ocrx_word' id='word_1_214' title='bbox 286 1875 319 1902; x_wconf 91' lang='lat' dir='ltr'>et</span> <span class='ocrx_word' id='word_1_215' title='bbox 335 1870 549 1915; x_wconf 70' lang='lat' dir='ltr'>qualitatum</span> <span class='ocrx_word' id='word_1_216' title='bbox 571 1869 838 1904; x_wconf 78' lang='lat' dir='ltr'>commixtione.</span> 
     </span>
    </p>
   </div>
   <div class='ocr_carea' id='block_1_10' title="bbox 126 1957 1077 2002">
    <p class='ocr_par' dir='ltr' id='par_1_13' title="bbox 126 1957 1077 2002">
     <span class='ocr_line' id='line_1_38' title="bbox 126 1957 1077 2002; baseline 0 -11"><span class='ocrx_word' id='word_1_217' title='bbox 126 1959 181 1991; x_wconf 87' lang='lat' dir='ltr'>De</span> <span class='ocrx_word' id='word_1_218' title='bbox 198 1958 306 2000; x_wconf 70' lang='lat' dir='ltr'>siquis</span> <span class='ocrx_word' id='word_1_219' title='bbox 325 1958 475 2000; x_wconf 69' lang='lat' dir='ltr'>tropicis,</span> <span class='ocrx_word' id='word_1_220' title='bbox 497 1957 797 2002; x_wconf 71' lang='lat' dir='ltr'>aequinoctialibus</span> <span class='ocrx_word' id='word_1_221' title='bbox 814 1961 845 1990; x_wconf 80' lang='lat' dir='ltr'>et</span> <span class='ocrx_word' id='word_1_222' title='bbox 863 1957 1077 2000; x_wconf 62' lang='lat' dir='ltr'>bicorpor-eis.</span> 
     </span>
    </p>
   </div>
   <div class='ocr_carea' id='block_1_11' title="bbox 99 2024 1104 2739">
    <p class='ocr_par' dir='ltr' id='par_1_14' title="bbox 101 2024 1104 2378">
     <span class='ocr_line' id='line_1_39' title="bbox 206 2024 1104 2069; baseline 0.003 -12"><span class='ocrx_word' id='word_1_223' title='bbox 206 2024 270 2058; x_wconf 85' lang='lat' dir='ltr'>His</span> <span class='ocrx_word' id='word_1_224' title='bbox 288 2024 474 2069; x_wconf 81' lang='lat' dir='ltr'>expositis,</span> <span class='ocrx_word' id='word_1_225' title='bbox 502 2025 745 2058; x_wconf 85' lang='lat' dir='ltr'>annectendae</span> <span class='ocrx_word' id='word_1_226' title='bbox 773 2032 874 2058; x_wconf 88' lang='lat' dir='ltr'>erant</span> <span class='ocrx_word' id='word_1_227' title='bbox 901 2032 934 2058; x_wconf 90' lang='lat' dir='ltr'>et</span> <span class='ocrx_word' id='word_1_228' title='bbox 958 2033 1104 2060; x_wconf 88' lang='lat' dir='ltr'>natura-</span> 
     </span>
     <span class='ocr_line' id='line_1_40' title="bbox 101 2076 1100 2121; baseline 0.001 -11"><span class='ocrx_word' id='word_1_229' title='bbox 101 2077 151 2111; x_wconf 91' lang='lat' dir='ltr'>les</span> <span class='ocrx_word' id='word_1_230' title='bbox 169 2076 407 2121; x_wconf 67' lang='lat' dir='ltr'>proprietates</span> <span class='ocrx_word' id='word_1_231' title='bbox 424 2076 612 2109; x_wconf 87' lang='lat' dir='ltr'>duodecim</span> <span class='ocrx_word' id='word_1_232' title='bbox 629 2076 826 2120; x_wconf 87' lang='lat' dir='ltr'>signorum.</span> <span class='ocrx_word' id='word_1_233' title='bbox 879 2076 930 2110; x_wconf 86' lang='lat' dir='ltr'>Ac</span> <span class='ocrx_word' id='word_1_234' title='bbox 953 2090 1100 2121; x_wconf 88' lang='lat' dir='ltr'>genera-</span> 
     </span>
     <span class='ocr_line' id='line_1_41' title="bbox 101 2127 1104 2173; baseline 0.002 -12"><span class='ocrx_word' id='word_1_235' title='bbox 101 2129 151 2162; x_wconf 87' lang='lat' dir='ltr'>les</span> <span class='ocrx_word' id='word_1_236' title='bbox 178 2140 301 2161; x_wconf 87' lang='lat' dir='ltr'>eorum</span> <span class='ocrx_word' id='word_1_237' title='bbox 327 2127 419 2161; x_wconf 67' lang='lat' dir='ltr'>vires</span> <span class='ocrx_word' id='word_1_238' title='bbox 442 2134 644 2171; x_wconf 87' lang='lat' dir='ltr'>congruunt</span> <span class='ocrx_word' id='word_1_239' title='bbox 669 2141 748 2161; x_wconf 87' lang='lat' dir='ltr'>cum</span> <span class='ocrx_word' id='word_1_240' title='bbox 773 2128 844 2161; x_wconf 86' lang='lat' dir='ltr'>suis</span> <span class='ocrx_word' id='word_1_241' title='bbox 870 2130 1104 2173; x_wconf 80' lang='lat' dir='ltr'>temporibus.</span> 
     </span>
     <span class='ocr_line' id='line_1_42' title="bbox 102 2179 1103 2224; baseline 0.002 -12"><span class='ocrx_word' id='word_1_242' title='bbox 102 2179 170 2213; x_wconf 89' lang='lat' dir='ltr'>Sed</span> <span class='ocrx_word' id='word_1_243' title='bbox 196 2180 371 2224; x_wconf 86' lang='lat' dir='ltr'>quaedam</span> <span class='ocrx_word' id='word_1_244' title='bbox 396 2179 633 2224; x_wconf 77' lang='lat' dir='ltr'>proprietates</span> <span class='ocrx_word' id='word_1_245' title='bbox 656 2186 847 2213; x_wconf 89' lang='lat' dir='ltr'>sumuntur</span> <span class='ocrx_word' id='word_1_246' title='bbox 872 2192 890 2212; x_wconf 87' lang='lat' dir='ltr'>a</span> <span class='ocrx_word' id='word_1_247' title='bbox 918 2181 1103 2214; x_wconf 85' lang='lat' dir='ltr'>familiari-</span> 
     </span>
     <span class='ocr_line' id='line_1_43' title="bbox 103 2229 1103 2276; baseline 0.002 -12"><span class='ocrx_word' id='word_1_248' title='bbox 103 2237 174 2264; x_wconf 88' lang='lat' dir='ltr'>tate</span> <span class='ocrx_word' id='word_1_249' title='bbox 197 2231 307 2270; x_wconf 89' lang='lat' dir='ltr'>Solis,</span> <span class='ocrx_word' id='word_1_250' title='bbox 334 2229 459 2264; x_wconf 91' lang='lat' dir='ltr'>Lunae</span> <span class='ocrx_word' id='word_1_251' title='bbox 484 2237 518 2263; x_wconf 89' lang='lat' dir='ltr'>et</span> <span class='ocrx_word' id='word_1_252' title='bbox 541 2231 760 2276; x_wconf 87' lang='lat' dir='ltr'>reliquarum</span> <span class='ocrx_word' id='word_1_253' title='bbox 784 2232 987 2272; x_wconf 86' lang='lat' dir='ltr'>stellarum,</span> <span class='ocrx_word' id='word_1_254' title='bbox 1014 2233 1103 2267; x_wconf 90' lang='lat' dir='ltr'>sicut</span> 
     </span>
     <span class='ocr_line' id='line_1_44' title="bbox 102 2281 1102 2328; baseline 0.003 -13"><span class='ocrx_word' id='word_1_255' title='bbox 102 2289 224 2327; x_wconf 82' lang='lat' dir='ltr'>postea</span> <span class='ocrx_word' id='word_1_256' title='bbox 243 2281 391 2316; x_wconf 84' lang='lat' dir='ltr'>dicetur.</span> <span class='ocrx_word' id='word_1_257' title='bbox 445 2282 550 2316; x_wconf 87' lang='lat' dir='ltr'>Prius</span> <span class='ocrx_word' id='word_1_258' title='bbox 568 2283 662 2315; x_wconf 88' lang='lat' dir='ltr'>enim</span> <span class='ocrx_word' id='word_1_259' title='bbox 681 2282 793 2322; x_wconf 72' lang='lat' dir='ltr'>vires,</span> <span class='ocrx_word' id='word_1_260' title='bbox 827 2295 916 2328; x_wconf 87' lang='lat' dir='ltr'>quas</span> <span class='ocrx_word' id='word_1_261' title='bbox 939 2296 1003 2328; x_wconf 91' lang='lat' dir='ltr'>per</span> <span class='ocrx_word' id='word_1_262' title='bbox 1029 2297 1102 2319; x_wconf 86' lang='lat' dir='ltr'>sese</span> 
     </span>
     <span class='ocr_line' id='line_1_45' title="bbox 105 2331 1042 2378; baseline 0.002 -11"><span class='ocrx_word' id='word_1_263' title='bbox 105 2340 138 2367; x_wconf 88' lang='lat' dir='ltr'>et</span> <span class='ocrx_word' id='word_1_264' title='bbox 156 2345 237 2377; x_wconf 85' lang='lat' dir='ltr'>erga</span> <span class='ocrx_word' id='word_1_265' title='bbox 255 2345 328 2367; x_wconf 88' lang='lat' dir='ltr'>sese</span> <span class='ocrx_word' id='word_1_266' title='bbox 347 2333 498 2366; x_wconf 79' lang='lat' dir='ltr'>invicem</span> <span class='ocrx_word' id='word_1_267' title='bbox 516 2331 669 2374; x_wconf 85' lang='lat' dir='ltr'>habent,</span> <span class='ocrx_word' id='word_1_268' title='bbox 698 2334 928 2378; x_wconf 83' lang='lat' dir='ltr'>explicandae</span> <span class='ocrx_word' id='word_1_269' title='bbox 948 2342 1042 2370; x_wconf 88' lang='lat' dir='ltr'>sunt.</span> 
     </span>
    </p>

    <p class='ocr_par' dir='ltr' id='par_1_15' title="bbox 101 2385 1103 2583">
     <span class='ocr_line' id='line_1_46' title="bbox 206 2385 1103 2429; baseline 0.002 -12"><span class='ocrx_word' id='word_1_270' title='bbox 206 2385 370 2418; x_wconf 84' lang='lat' dir='ltr'>Primum</span> <span class='ocrx_word' id='word_1_271' title='bbox 389 2385 577 2418; x_wconf 85' lang='lat' dir='ltr'>discrimen</span> <span class='ocrx_word' id='word_1_272' title='bbox 594 2392 644 2419; x_wconf 89' lang='lat' dir='ltr'>est</span> <span class='ocrx_word' id='word_1_273' title='bbox 661 2385 861 2429; x_wconf 86' lang='lat' dir='ltr'>signorum:</span> <span class='ocrx_word' id='word_1_274' title='bbox 891 2393 930 2419; x_wconf 93' lang='lat' dir='ltr'>ut</span> <span class='ocrx_word' id='word_1_275' title='bbox 954 2387 1021 2420; x_wconf 88' lang='lat' dir='ltr'>alia</span> <span class='ocrx_word' id='word_1_276' title='bbox 1050 2387 1103 2420; x_wconf 91' lang='lat' dir='ltr'>di-</span> 
     </span>
     <span class='ocr_line' id='line_1_47' title="bbox 101 2437 1101 2484; baseline 0.003 -15"><span class='ocrx_word' id='word_1_277' title='bbox 101 2442 228 2470; x_wconf 86' lang='lat' dir='ltr'>cantur</span> <span class='ocrx_word' id='word_1_278' title='bbox 245 2448 316 2470; x_wconf 89' lang='lat' dir='ltr'>esse</span> <span class='ocrx_word' id='word_1_279' title='bbox 334 2437 469 2481; x_wconf 89' lang='lat' dir='ltr'>tropica</span> <span class='ocrx_word' id='word_1_280' title='bbox 482 2463 491 2477; x_wconf 92' lang='lat'>,</span> <span class='ocrx_word' id='word_1_281' title='bbox 527 2437 595 2470; x_wconf 88' lang='lat' dir='ltr'>alia</span> <span class='ocrx_word' id='word_1_282' title='bbox 615 2437 889 2483; x_wconf 73' lang='lat' dir='ltr'>aequinoctialia</span> <span class='ocrx_word' id='word_1_283' title='bbox 902 2465 910 2478; x_wconf 95' lang='lat'>‚</span> <span class='ocrx_word' id='word_1_284' title='bbox 946 2451 1101 2484; x_wconf 91' lang='lat' dir='ltr'>quorum</span> 
     </span>
     <span class='ocr_line' id='line_1_48' title="bbox 101 2488 1100 2533; baseline 0.003 -13"><span class='ocrx_word' id='word_1_285' title='bbox 101 2494 254 2533; x_wconf 82' lang='lat' dir='ltr'>utraque</span> <span class='ocrx_word' id='word_1_286' title='bbox 276 2494 358 2521; x_wconf 90' lang='lat' dir='ltr'>sunt</span> <span class='ocrx_word' id='word_1_287' title='bbox 388 2488 554 2526; x_wconf 77' lang='lat' dir='ltr'>mobilia3</span> <span class='ocrx_word' id='word_1_288' title='bbox 598 2489 726 2522; x_wconf 89' lang='lat' dir='ltr'>deinde</span> <span class='ocrx_word' id='word_1_289' title='bbox 761 2489 832 2522; x_wconf 81' lang='lat' dir='ltr'>alia</span> <span class='ocrx_word' id='word_1_290' title='bbox 866 2490 987 2530; x_wconf 89' lang='lat' dir='ltr'>firma,</span> <span class='ocrx_word' id='word_1_291' title='bbox 1032 2491 1100 2523; x_wconf 88' lang='lat' dir='ltr'>alia</span> 
     </span>
     <span class='ocr_line' id='line_1_49' title="bbox 102 2538 325 2583; baseline 0.009 -12"><span class='ocrx_word' id='word_1_292' title='bbox 102 2538 325 2583; x_wconf 86' lang='lat' dir='ltr'>bicorporea.</span> 
     </span>
    </p>

    <p class='ocr_par' dir='ltr' id='par_1_16' title="bbox 99 2590 1101 2739">
     <span class='ocr_line' id='line_1_50' title="bbox 201 2590 1100 2636; baseline 0.004 -14"><span class='ocrx_word' id='word_1_293' title='bbox 201 2590 357 2635; x_wconf 88' lang='lat' dir='ltr'>Tropica</span> <span class='ocrx_word' id='word_1_294' title='bbox 395 2597 478 2625; x_wconf 89' lang='lat' dir='ltr'>sunt</span> <span class='ocrx_word' id='word_1_295' title='bbox 513 2591 602 2625; x_wconf 89' lang='lat' dir='ltr'>duo:</span> <span class='ocrx_word' id='word_1_296' title='bbox 652 2591 858 2636; x_wconf 86' lang='lat' dir='ltr'>proximum</span> <span class='ocrx_word' id='word_1_297' title='bbox 894 2604 912 2624; x_wconf 90' lang='lat' dir='ltr'>a</span> <span class='ocrx_word' id='word_1_298' title='bbox 948 2591 1100 2626; x_wconf 86' lang='lat' dir='ltr'>solstitio</span> 
     </span>
     <span class='ocr_line' id='line_1_51' title="bbox 101 2640 1101 2688; baseline 0.002 -14"><span class='ocrx_word' id='word_1_299' title='bbox 101 2641 256 2682; x_wconf 82' lang='lat' dir='ltr'>aestivo,</span> <span class='ocrx_word' id='word_1_300' title='bbox 285 2640 352 2675; x_wconf 89' lang='lat' dir='ltr'>hoc</span> <span class='ocrx_word' id='word_1_301' title='bbox 371 2649 439 2683; x_wconf 89' lang='lat' dir='ltr'>est,</span> <span class='ocrx_word' id='word_1_302' title='bbox 467 2649 585 2687; x_wconf 82' lang='lat' dir='ltr'>partes</span> <span class='ocrx_word' id='word_1_303' title='bbox 601 2643 745 2687; x_wconf 84' lang='lat' dir='ltr'>triginta</span> <span class='ocrx_word' id='word_1_304' title='bbox 759 2643 904 2681; x_wconf 88' lang='lat' dir='ltr'>Cancri;</span> <span class='ocrx_word' id='word_1_305' title='bbox 929 2650 963 2676; x_wconf 88' lang='lat' dir='ltr'>et</span> <span class='ocrx_word' id='word_1_306' title='bbox 980 2644 1101 2688; x_wconf 84' lang='lat' dir='ltr'>proxi-</span> 
     </span>
     <span class='ocr_line' id='line_1_52' title="bbox 99 2691 1098 2739; baseline 0.002 -13"><span class='ocrx_word' id='word_1_307' title='bbox 99 2705 200 2727; x_wconf 86' lang='lat' dir='ltr'>mum</span> <span class='ocrx_word' id='word_1_308' title='bbox 224 2705 243 2726; x_wconf 86' lang='lat' dir='ltr'>a</span> <span class='ocrx_word' id='word_1_309' title='bbox 271 2693 422 2727; x_wconf 86' lang='lat' dir='ltr'>solstitio</span> <span class='ocrx_word' id='word_1_310' title='bbox 445 2691 617 2736; x_wconf 87' lang='lat' dir='ltr'>hiberno,</span> <span class='ocrx_word' id='word_1_311' title='bbox 652 2701 690 2728; x_wconf 93' lang='lat' dir='ltr'>ut</span> <span class='ocrx_word' id='word_1_312' title='bbox 713 2701 833 2739; x_wconf 87' lang='lat' dir='ltr'>partes</span> <span class='ocrx_word' id='word_1_313' title='bbox 856 2695 1003 2739; x_wconf 86' lang='lat' dir='ltr'>triginta</span> <span class='ocrx_word' id='word_1_314' title='bbox 1032 2695 1098 2728; x_wconf 89' lang='lat' dir='ltr'>Ca-</span> 
     </span>
    </p>
   </div>
   <div class='ocr_carea' id='block_1_12' title="bbox 1127 201 1131 267">
    <p class='ocr_par' dir='ltr' id='par_1_17' title="bbox 1127 201 1131 267">
     <span class='ocr_line' id='line_1_53' title="bbox 1127 201 1131 267; baseline 0 2713"><span class='ocrx_word' id='word_1_315' title='bbox 1127 201 1131 267; x_wconf 95' lang='lat' dir='ltr'> </span> 
     </span>
    </p>
   </div>
   <div class='ocr_carea' id='block_1_13' title="bbox 468 92 2154 141">
    <p class='ocr_par' dir='ltr' id='par_1_18' title="bbox 468 92 2154 141">
     <span class='ocr_line' id='line_1_54' title="bbox 468 92 2154 141; baseline -0.004 -10"><span class='ocrx_word' id='word_1_316' title='bbox 468 95 870 133; x_wconf 80' lang='lat' dir='ltr'>INTERPRETATIO</span> <span class='ocrx_word' id='word_1_317' title='bbox 897 95 1069 130; x_wconf 81' lang='lat' dir='ltr'>OPERIS</span> <span class='ocrx_word' id='word_1_318' title='bbox 1097 94 1485 141; x_wconf 79' lang='lat' dir='ltr'>QUADRIPARTITI</span> <span class='ocrx_word' id='word_1_319' title='bbox 1511 93 1796 129; x_wconf 68' lang='lat' dir='ltr'>PTOLEMAEI</span> <span class='ocrx_word' id='word_1_320' title='bbox 1832 93 1920 127; x_wconf 86' lang='lat' dir='ltr'>LIB.</span> <span class='ocrx_word' id='word_1_321' title='bbox 1946 93 1972 128; x_wconf 85' lang='lat'>1.</span> <span class='ocrx_word' id='word_1_322' title='bbox 2105 92 2154 129; x_wconf 75' lang='lat'>26</span> 
     </span>
    </p>
   </div>
   <div class='ocr_carea' id='block_1_14' title="bbox 1129 179 2156 378">
    <p class='ocr_par' dir='ltr' id='par_1_19' title="bbox 1129 179 2156 353">
     <span class='ocr_line' id='line_1_55' title="bbox 1156 179 2154 225; baseline -0.004 -11"><span class='ocrx_word' id='word_1_323' title='bbox 1156 181 1326 225; x_wconf 87' lang='lat' dir='ltr'>pricorni.</span> <span class='ocrx_word' id='word_1_324' title='bbox 1380 181 1442 215; x_wconf 83' lang='lat' dir='ltr'>His</span> <span class='ocrx_word' id='word_1_325' title='bbox 1460 194 1476 214; x_wconf 89' lang='lat' dir='ltr'>a</span> <span class='ocrx_word' id='word_1_326' title='bbox 1496 193 1532 214; x_wconf 84' lang='lat' dir='ltr'>rc</span> <span class='ocrx_word' id='word_1_327' title='bbox 1548 193 1682 213; x_wconf 90' lang='lat' dir='ltr'>nomen</span> <span class='ocrx_word' id='word_1_328' title='bbox 1701 179 1852 212; x_wconf 88' lang='lat' dir='ltr'>inditum</span> <span class='ocrx_word' id='word_1_329' title='bbox 1878 186 1946 218; x_wconf 89' lang='lat' dir='ltr'>est,</span> <span class='ocrx_word' id='word_1_330' title='bbox 1982 179 2154 224; x_wconf 89' lang='lat' dir='ltr'>quoniam</span> 
     </span>
     <span class='ocr_line' id='line_1_56' title="bbox 1227 230 2156 275; baseline -0.004 -10"><span class='ocrx_word' id='word_1_331' title='bbox 1227 259 1236 272; x_wconf 88' lang='lat'>,</span> <span class='ocrx_word' id='word_1_332' title='bbox 1278 232 1340 265; x_wconf 86' lang='lat' dir='ltr'>ubi</span> <span class='ocrx_word' id='word_1_333' title='bbox 1363 230 1450 265; x_wconf 89' lang='lat' dir='ltr'>haec</span> <span class='ocrx_word' id='word_1_334' title='bbox 1478 233 1654 275; x_wconf 84' lang='lat' dir='ltr'>ingressus</span> <span class='ocrx_word' id='word_1_335' title='bbox 1684 238 1754 271; x_wconf 86' lang='lat' dir='ltr'>est,</span> <span class='ocrx_word' id='word_1_336' title='bbox 1796 237 1894 263; x_wconf 84' lang='lat' dir='ltr'>retro</span> <span class='ocrx_word' id='word_1_337' title='bbox 1922 230 2156 269; x_wconf 62' lang='lat' dir='ltr'>conxertitur,</span> 
     </span>
     <span class='ocr_line' id='line_1_57' title="bbox 1129 271 2155 360; baseline -0.002 -45"><span class='ocrx_word' id='word_1_338' title='bbox 1129 271 1131 360; x_wconf 66' lang='lat' dir='ltr'>i</span> <span class='ocrx_word' id='word_1_339' title='bbox 1156 283 1299 316; x_wconf 87' lang='lat' dir='ltr'>flectens</span> <span class='ocrx_word' id='word_1_340' title='bbox 1331 295 1472 316; x_wconf 87' lang='lat' dir='ltr'>cursum</span> <span class='ocrx_word' id='word_1_341' title='bbox 1505 284 1541 315; x_wconf 90' lang='lat' dir='ltr'>in</span> <span class='ocrx_word' id='word_1_342' title='bbox 1575 283 1791 316; x_wconf 84' lang='lat' dir='ltr'>contrariam</span> <span class='ocrx_word' id='word_1_343' title='bbox 1824 282 2070 320; x_wconf 84' lang='lat' dir='ltr'>latitudinem,</span> <span class='ocrx_word' id='word_1_344' title='bbox 2118 281 2155 313; x_wconf 88' lang='lat' dir='ltr'>in</span> 
     </span>
    </p>

    <p class='ocr_par' dir='ltr' id='par_1_20' title="bbox 1157 331 2154 378">
     <span class='ocr_line' id='line_1_58' title="bbox 1157 331 2154 378; baseline -0.002 -11"><span class='ocrx_word' id='word_1_345' title='bbox 1157 334 1296 368; x_wconf 90' lang='lat' dir='ltr'>Cancro</span> <span class='ocrx_word' id='word_1_346' title='bbox 1313 340 1397 366; x_wconf 90' lang='lat' dir='ltr'>aest</span> <span class='ocrx_word' id='word_1_347' title='bbox 1392 341 1480 366; x_wconf 70' lang='lat' dir='ltr'>utem</span> <span class='ocrx_word' id='word_1_348' title='bbox 1503 335 1668 374; x_wconf 77' lang='lat' dir='ltr'>estlciens,</span> <span class='ocrx_word' id='word_1_349' title='bbox 1689 335 1725 366; x_wconf 91' lang='lat' dir='ltr'>in</span> <span class='ocrx_word' id='word_1_350' title='bbox 1746 334 1782 367; x_wconf 91' lang='lat' dir='ltr'>C·</span> <span class='ocrx_word' id='word_1_351' title='bbox 1777 333 1968 378; x_wconf 61' lang='lat' dir='ltr'>*pricorno</span> <span class='ocrx_word' id='word_1_352' title='bbox 1985 331 2154 365; x_wconf 85' lang='lat' dir='ltr'>hiemem.</span> 
     </span>
    </p>
   </div>
   <div class='ocr_carea' id='block_1_15' title="bbox 1157 232 1215 265">
    <p class='ocr_par' dir='ltr' id='par_1_21' title="bbox 1157 232 1215 265">
     <span class='ocr_line' id='line_1_59' title="bbox 1157 232 1215 265; baseline 0.034 -2"><span class='ocrx_word' id='word_1_353' title='bbox 1157 232 1178 263; x_wconf 95' lang='lat' dir='ltr'> </span> <span class='ocrx_word' id='word_1_354' title='bbox 1182 245 1200 265; x_wconf 95' lang='lat' dir='ltr'> </span> <span class='ocrx_word' id='word_1_355' title='bbox 1204 233 1215 264; x_wconf 95' lang='lat' dir='ltr'> </span> 
     </span>
    </p>
   </div>
   <div class='ocr_carea' id='block_1_16' title="bbox 1156 392 2157 592">
    <p class='ocr_par' dir='ltr' id='par_1_22' title="bbox 1156 392 2157 592">
     <span class='ocr_line' id='line_1_60' title="bbox 1258 392 2157 438; baseline -0.002 -12"><span class='ocrx_word' id='word_1_356' title='bbox 1258 394 1349 426; x_wconf 86' lang='lat' dir='ltr'>Sunt</span> <span class='ocrx_word' id='word_1_357' title='bbox 1364 400 1397 426; x_wconf 92' lang='lat' dir='ltr'>et</span> <span class='ocrx_word' id='word_1_358' title='bbox 1413 394 1689 438; x_wconf 80' lang='lat' dir='ltr'>aequinoctialia</span> <span class='ocrx_word' id='word_1_359' title='bbox 1707 396 1794 427; x_wconf 89' lang='lat' dir='ltr'>duo:</span> <span class='ocrx_word' id='word_1_360' title='bbox 1825 406 1975 426; x_wconf 61' lang='lat' dir='ltr'>vernum</span> <span class='ocrx_word' id='word_1_361' title='bbox 1993 392 2096 426; x_wconf 83' lang='lat' dir='ltr'>Aries</span> <span class='ocrx_word' id='word_1_362' title='bbox 2123 398 2157 424; x_wconf 92' lang='lat' dir='ltr'>et</span> 
     </span>
     <span class='ocr_line' id='line_1_61' title="bbox 1157 443 2156 490; baseline -0.002 -13"><span class='ocrx_word' id='word_1_363' title='bbox 1157 445 1363 478; x_wconf 87' lang='lat' dir='ltr'>autumnale</span> <span class='ocrx_word' id='word_1_364' title='bbox 1380 444 1511 485; x_wconf 89' lang='lat' dir='ltr'>Libra,</span> <span class='ocrx_word' id='word_1_365' title='bbox 1541 446 1668 490; x_wconf 87' lang='lat' dir='ltr'>quibus</span> <span class='ocrx_word' id='word_1_366' title='bbox 1686 451 1719 477; x_wconf 85' lang='lat' dir='ltr'>et</span> <span class='ocrx_word' id='word_1_367' title='bbox 1737 444 1820 488; x_wconf 88' lang='lat' dir='ltr'>ipsis</span> <span class='ocrx_word' id='word_1_368' title='bbox 1838 458 1855 477; x_wconf 88' lang='lat' dir='ltr'>a</span> <span class='ocrx_word' id='word_1_369' title='bbox 1881 457 1917 477; x_wconf 91' lang='lat' dir='ltr'>re</span> <span class='ocrx_word' id='word_1_370' title='bbox 1943 456 2077 477; x_wconf 89' lang='lat' dir='ltr'>nomen</span> <span class='ocrx_word' id='word_1_371' title='bbox 2103 443 2156 476; x_wconf 88' lang='lat' dir='ltr'>in-</span> 
     </span>
     <span class='ocr_line' id='line_1_62' title="bbox 1156 495 2157 541; baseline -0.001 -12"><span class='ocrx_word' id='word_1_372' title='bbox 1156 496 1270 529; x_wconf 88' lang='lat' dir='ltr'>ditum</span> <span class='ocrx_word' id='word_1_373' title='bbox 1290 502 1358 535; x_wconf 87' lang='lat' dir='ltr'>est,</span> <span class='ocrx_word' id='word_1_374' title='bbox 1389 496 1491 541; x_wconf 86' lang='lat' dir='ltr'>quia,</span> <span class='ocrx_word' id='word_1_375' title='bbox 1520 508 1599 528; x_wconf 91' lang='lat' dir='ltr'>cum</span> <span class='ocrx_word' id='word_1_376' title='bbox 1620 496 1680 529; x_wconf 90' lang='lat' dir='ltr'>Sol</span> <span class='ocrx_word' id='word_1_377' title='bbox 1699 497 1742 528; x_wconf 86' lang='lat' dir='ltr'>ad</span> <span class='ocrx_word' id='word_1_378' title='bbox 1761 496 1817 528; x_wconf 90' lang='lat' dir='ltr'>illa</span> <span class='ocrx_word' id='word_1_379' title='bbox 1838 495 2061 540; x_wconf 72' lang='lat' dir='ltr'>pervenerit,</span> <span class='ocrx_word' id='word_1_380' title='bbox 2093 507 2157 539; x_wconf 89' lang='lat' dir='ltr'>per</span> 
     </span>
     <span class='ocr_line' id='line_1_63' title="bbox 1158 546 2110 592; baseline 0 -12"><span class='ocrx_word' id='word_1_381' title='bbox 1158 560 1281 580; x_wconf 90' lang='lat' dir='ltr'>omnes</span> <span class='ocrx_word' id='word_1_382' title='bbox 1299 553 1412 580; x_wconf 85' lang='lat' dir='ltr'>terras</span> <span class='ocrx_word' id='word_1_383' title='bbox 1431 547 1594 592; x_wconf 87' lang='lat' dir='ltr'>aequalia</span> <span class='ocrx_word' id='word_1_384' title='bbox 1614 547 1728 591; x_wconf 89' lang='lat' dir='ltr'>spatia</span> <span class='ocrx_word' id='word_1_385' title='bbox 1745 554 1827 580; x_wconf 90' lang='lat' dir='ltr'>sunt</span> <span class='ocrx_word' id='word_1_386' title='bbox 1845 547 1915 579; x_wconf 84' lang='lat' dir='ltr'>diei</span> <span class='ocrx_word' id='word_1_387' title='bbox 1935 554 1968 580; x_wconf 88' lang='lat' dir='ltr'>et</span> <span class='ocrx_word' id='word_1_388' title='bbox 1983 546 2110 580; x_wconf 90' lang='lat' dir='ltr'>noctis.</span> 
     </span>
    </p>
   </div>
   <div class='ocr_carea' id='block_1_17' title="bbox 1129 383 1132 475">
    <p class='ocr_par' dir='ltr' id='par_1_23' title="bbox 1129 383 1132 475">
     <span class='ocr_line' id='line_1_64' title="bbox 1129 383 1132 475; baseline 0 0"><span class='ocrx_word' id='word_1_389' title='bbox 1129 383 1132 475; x_wconf 95' lang='lat' dir='ltr'> </span> 
     </span>
    </p>
   </div>
   <div class='ocr_carea' id='block_1_18' title="bbox 1130 605 2157 703">
    <p class='ocr_par' dir='ltr' id='par_1_24' title="bbox 1130 605 2157 703">
     <span class='ocr_line' id='line_1_65' title="bbox 1130 605 2157 652; baseline -0.001 -13"><span class='ocrx_word' id='word_1_390' title='bbox 1130 616 1132 632; x_wconf 74' lang='lat'><strong>⁴</strong></span> <span class='ocrx_word' id='word_1_391' title='bbox 1259 605 1313 639; x_wconf 81' lang='lat' dir='ltr'>Ex</span> <span class='ocrx_word' id='word_1_392' title='bbox 1330 606 1475 652; x_wconf 87' lang='lat' dir='ltr'>reliquis</span> <span class='ocrx_word' id='word_1_393' title='bbox 1492 612 1572 639; x_wconf 82' lang='lat' dir='ltr'>octo</span> <span class='ocrx_word' id='word_1_394' title='bbox 1591 606 1700 650; x_wconf 89' lang='lat' dir='ltr'>signis</span> <span class='ocrx_word' id='word_1_395' title='bbox 1717 613 1873 652; x_wconf 87' lang='lat' dir='ltr'>quatuor</span> <span class='ocrx_word' id='word_1_396' title='bbox 1898 607 1999 639; x_wconf 86' lang='lat' dir='ltr'>firma</span> <span class='ocrx_word' id='word_1_397' title='bbox 2026 618 2157 639; x_wconf 86' lang='lat' dir='ltr'>vocan-</span> 
     </span>
     <span class='ocr_line' id='line_1_66' title="bbox 1131 658 1668 703; baseline 0.002 -13"><span class='ocrx_word' id='word_1_398' title='bbox 1131 667 1132 670; x_wconf 75' lang='grc'>’</span> <span class='ocrx_word' id='word_1_399' title='bbox 1158 663 1236 698; x_wconf 88' lang='lat' dir='ltr'>tur,</span> <span class='ocrx_word' id='word_1_400' title='bbox 1267 664 1422 703; x_wconf 87' lang='lat' dir='ltr'>quatuor</span> <span class='ocrx_word' id='word_1_401' title='bbox 1443 658 1668 702; x_wconf 87' lang='lat' dir='ltr'>bicorporea.</span> 
     </span>
    </p>
   </div>
   <div class='ocr_carea' id='block_1_19' title="bbox 1130 717 2159 1172">
    <p class='ocr_par' dir='ltr' id='par_1_25' title="bbox 1157 717 2159 1172">
     <span class='ocr_line' id='line_1_67' title="bbox 1260 717 2158 762; baseline 0.002 -13"><span class='ocrx_word' id='word_1_402' title='bbox 1260 717 1350 750; x_wconf 89' lang='lat' dir='ltr'>Sunt</span> <span class='ocrx_word' id='word_1_403' title='bbox 1367 723 1485 750; x_wconf 87' lang='lat' dir='ltr'>antem</span> <span class='ocrx_word' id='word_1_404' title='bbox 1504 718 1619 757; x_wconf 78' lang='lat' dir='ltr'>firma,</span> <span class='ocrx_word' id='word_1_405' title='bbox 1642 717 1805 761; x_wconf 76' lang='lat' dir='ltr'>proxima</span> <span class='ocrx_word' id='word_1_406' title='bbox 1825 718 1971 761; x_wconf 87' lang='lat' dir='ltr'>tropicis</span> <span class='ocrx_word' id='word_1_407' title='bbox 1988 724 2019 750; x_wconf 90' lang='lat' dir='ltr'>et</span> <span class='ocrx_word' id='word_1_408' title='bbox 2037 717 2158 762; x_wconf 85' lang='lat' dir='ltr'>aequi-</span> 
     </span>
     <span class='ocr_line' id='line_1_68' title="bbox 1157 768 2158 814; baseline 0.001 -14"><span class='ocrx_word' id='word_1_409' title='bbox 1157 768 1371 801; x_wconf 85' lang='lat' dir='ltr'>noctialibus</span> <span class='ocrx_word' id='word_1_410' title='bbox 1384 795 1393 807; x_wconf 94' lang='lat'>‚</span> <span class='ocrx_word' id='word_1_411' title='bbox 1422 769 1582 807; x_wconf 86' lang='lat' dir='ltr'>Taurus,</span> <span class='ocrx_word' id='word_1_412' title='bbox 1615 768 1710 808; x_wconf 90' lang='lat' dir='ltr'>Leo,</span> <span class='ocrx_word' id='word_1_413' title='bbox 1745 768 1931 812; x_wconf 85' lang='lat' dir='ltr'>Scorpius,</span> <span class='ocrx_word' id='word_1_414' title='bbox 1966 769 2158 814; x_wconf 75' lang='lat' dir='ltr'>Aquarius,</span> 
     </span>
     <span class='ocr_line' id='line_1_69' title="bbox 1159 817 2157 864; baseline -0.001 -12"><span class='ocrx_word' id='word_1_415' title='bbox 1159 821 1255 864; x_wconf 87' lang='lat' dir='ltr'>quod</span> <span class='ocrx_word' id='word_1_416' title='bbox 1274 817 1483 863; x_wconf 86' lang='lat' dir='ltr'>perborum</span> <span class='ocrx_word' id='word_1_417' title='bbox 1501 826 1663 863; x_wconf 86' lang='lat' dir='ltr'>tempora</span> <span class='ocrx_word' id='word_1_418' title='bbox 1676 846 1684 859; x_wconf 86' lang='grc'>,</span> <span class='ocrx_word' id='word_1_419' title='bbox 1712 832 1790 853; x_wconf 89' lang='lat' dir='ltr'>cum</span> <span class='ocrx_word' id='word_1_420' title='bbox 1809 821 1851 852; x_wconf 87' lang='lat' dir='ltr'>ad</span> <span class='ocrx_word' id='word_1_421' title='bbox 1869 832 1907 852; x_wconf 90' lang='lat' dir='ltr'>ea</span> <span class='ocrx_word' id='word_1_422' title='bbox 1923 820 1984 853; x_wconf 89' lang='lat' dir='ltr'>Sol</span> <span class='ocrx_word' id='word_1_423' title='bbox 2002 821 2157 860; x_wconf 88' lang='lat' dir='ltr'>accessit,</span> 
     </span>
     <span class='ocr_line' id='line_1_70' title="bbox 1158 869 2157 915; baseline 0 -12"><span class='ocrx_word' id='word_1_424' title='bbox 1158 869 1407 910; x_wconf 85' lang='lat' dir='ltr'>humiditates,</span> <span class='ocrx_word' id='word_1_425' title='bbox 1435 871 1591 910; x_wconf 86' lang='lat' dir='ltr'>calores,</span> <span class='ocrx_word' id='word_1_426' title='bbox 1619 871 1793 904; x_wconf 88' lang='lat' dir='ltr'>siccitates</span> <span class='ocrx_word' id='word_1_427' title='bbox 1811 877 1845 904; x_wconf 91' lang='lat' dir='ltr'>et</span> <span class='ocrx_word' id='word_1_428' title='bbox 1864 871 2076 915; x_wconf 83' lang='lat' dir='ltr'>frigiditates</span> <span class='ocrx_word' id='word_1_429' title='bbox 2100 884 2157 903; x_wconf 71' lang='lat' dir='ltr'>ve-</span> 
     </span>
     <span class='ocr_line' id='line_1_71' title="bbox 1157 920 2159 966; baseline 0.001 -12"><span class='ocrx_word' id='word_1_430' title='bbox 1157 920 1397 955; x_wconf 87' lang='lat' dir='ltr'>hementiores</span> <span class='ocrx_word' id='word_1_431' title='bbox 1416 928 1449 954; x_wconf 90' lang='lat' dir='ltr'>et</span> <span class='ocrx_word' id='word_1_432' title='bbox 1464 922 1641 955; x_wconf 86' lang='lat' dir='ltr'>firmiores</span> <span class='ocrx_word' id='word_1_433' title='bbox 1658 922 1693 954; x_wconf 92' lang='lat' dir='ltr'>in</span> <span class='ocrx_word' id='word_1_434' title='bbox 1718 922 1929 966; x_wconf 84' lang='lat' dir='ltr'>corporibus</span> <span class='ocrx_word' id='word_1_435' title='bbox 1954 923 2086 956; x_wconf 83' lang='lat' dir='ltr'>nostris</span> <span class='ocrx_word' id='word_1_436' title='bbox 2112 923 2159 955; x_wconf 86' lang='lat' dir='ltr'>es-</span> 
     </span>
     <span class='ocr_line' id='line_1_72' title="bbox 1157 973 2158 1019; baseline 0 -13"><span class='ocrx_word' id='word_1_437' title='bbox 1157 973 1342 1012; x_wconf 88' lang='lat' dir='ltr'>ficiantur,</span> <span class='ocrx_word' id='word_1_438' title='bbox 1370 985 1444 1006; x_wconf 90' lang='lat' dir='ltr'>non</span> <span class='ocrx_word' id='word_1_439' title='bbox 1463 975 1560 1019; x_wconf 86' lang='lat' dir='ltr'>quod</span> <span class='ocrx_word' id='word_1_440' title='bbox 1577 980 1659 1006; x_wconf 90' lang='lat' dir='ltr'>tunc</span> <span class='ocrx_word' id='word_1_441' title='bbox 1684 974 1775 1008; x_wconf 87' lang='lat' dir='ltr'>aeris</span> <span class='ocrx_word' id='word_1_442' title='bbox 1802 980 1913 1008; x_wconf 85' lang='lat' dir='ltr'>status</span> <span class='ocrx_word' id='word_1_443' title='bbox 1941 986 2002 1007; x_wconf 87' lang='lat' dir='ltr'>sua</span> <span class='ocrx_word' id='word_1_444' title='bbox 2029 980 2158 1006; x_wconf 86' lang='lat' dir='ltr'>natura</span> 
     </span>
     <span class='ocr_line' id='line_1_73' title="bbox 1157 1025 2158 1071; baseline -0.001 -13"><span class='ocrx_word' id='word_1_445' title='bbox 1157 1025 1201 1058; x_wconf 89' lang='lat' dir='ltr'>sit</span> <span class='ocrx_word' id='word_1_446' title='bbox 1217 1025 1414 1069; x_wconf 86' lang='lat' dir='ltr'>simplicior</span> <span class='ocrx_word' id='word_1_447' title='bbox 1424 1051 1433 1064; x_wconf 83' lang='lat'>‚</span> <span class='ocrx_word' id='word_1_448' title='bbox 1459 1026 1519 1058; x_wconf 90' lang='lat' dir='ltr'>sed</span> <span class='ocrx_word' id='word_1_449' title='bbox 1541 1025 1623 1070; x_wconf 86' lang='lat' dir='ltr'>quia</span> <span class='ocrx_word' id='word_1_450' title='bbox 1643 1026 1734 1058; x_wconf 70' lang='lat' dir='ltr'>xires</span> <span class='ocrx_word' id='word_1_451' title='bbox 1753 1025 1874 1071; x_wconf 86' lang='lat' dir='ltr'>qualit</span> <span class='ocrx_word' id='word_1_452' title='bbox 1871 1032 1966 1059; x_wconf 64' lang='lat' dir='ltr'>itum</span> <span class='ocrx_word' id='word_1_453' title='bbox 1984 1038 2084 1058; x_wconf 88' lang='lat' dir='ltr'>mora</span> <span class='ocrx_word' id='word_1_454' title='bbox 2108 1026 2158 1057; x_wconf 62' lang='lat' dir='ltr'>f·-</span> 
     </span>
     <span class='ocr_line' id='line_1_74' title="bbox 1158 1076 2159 1122; baseline 0.001 -13"><span class='ocrx_word' id='word_1_455' title='bbox 1158 1076 1257 1110; x_wconf 89' lang='lat' dir='ltr'>cilius</span> <span class='ocrx_word' id='word_1_456' title='bbox 1289 1076 1510 1116; x_wconf 88' lang='lat' dir='ltr'>sentiuntur,</span> <span class='ocrx_word' id='word_1_457' title='bbox 1556 1082 1747 1122; x_wconf 85' lang='lat' dir='ltr'>postquam</span> <span class='ocrx_word' id='word_1_458' title='bbox 1777 1077 1885 1122; x_wconf 89' lang='lat' dir='ltr'>aliqu</span> <span class='ocrx_word' id='word_1_459' title='bbox 1880 1078 1998 1110; x_wconf 84' lang='lat' dir='ltr'>undiu</span> <span class='ocrx_word' id='word_1_460' title='bbox 2024 1076 2061 1109; x_wconf 89' lang='lat' dir='ltr'>in</span> <span class='ocrx_word' id='word_1_461' title='bbox 2084 1076 2159 1110; x_wconf 85' lang='lat' dir='ltr'>istis</span> 
     </span>
     <span class='ocr_line' id='line_1_75' title="bbox 1130 1097 1679 1172; baseline 0.002 -12.053"><span class='ocrx_word' id='word_1_462' title='bbox 1130 1097 1380 1172; x_wconf 79' lang='lat' dir='ltr'>ltemporibus</span> <span class='ocrx_word' id='word_1_463' title='bbox 1400 1140 1487 1161; x_wconf 69' lang='lat' dir='ltr'>xers</span> <span class='ocrx_word' id='word_1_464' title='bbox 1482 1128 1528 1160; x_wconf 68' lang='lat' dir='ltr'>iti</span> <span class='ocrx_word' id='word_1_465' title='bbox 1546 1140 1679 1161; x_wconf 87' lang='lat' dir='ltr'>sumus.</span> 
     </span>
    </p>
   </div>
   <div class='ocr_carea' id='block_1_20' title="bbox 1157 1187 2159 1427">
    <p class='ocr_par' dir='ltr' id='par_1_26' title="bbox 1157 1187 2159 1427">
     <span class='ocr_line' id='line_1_76' title="bbox 1259 1187 1862 1231; baseline 0.002 -12"><span class='ocrx_word' id='word_1_466' title='bbox 1259 1187 1479 1231; x_wconf 88' lang='lat' dir='ltr'>Bicorporea</span> <span class='ocrx_word' id='word_1_467' title='bbox 1501 1194 1535 1220; x_wconf 88' lang='lat' dir='ltr'>et</span> <span class='ocrx_word' id='word_1_468' title='bbox 1550 1187 1744 1220; x_wconf 87' lang='lat' dir='ltr'>mediocria</span> <span class='ocrx_word' id='word_1_469' title='bbox 1763 1194 1862 1227; x_wconf 91' lang='lat' dir='ltr'>sunt,</span> 
     </span>
     <span class='ocr_line' id='line_1_77' title="bbox 1158 1239 2158 1283; baseline 0.003 -13"><span class='ocrx_word' id='word_1_470' title='bbox 1158 1250 1215 1270; x_wconf 86' lang='lat' dir='ltr'>ma</span> <span class='ocrx_word' id='word_1_471' title='bbox 1251 1245 1506 1271; x_wconf 85' lang='lat' dir='ltr'>numerantur:</span> <span class='ocrx_word' id='word_1_472' title='bbox 1553 1239 1718 1279; x_wconf 82' lang='lat' dir='ltr'>Gemini,</span> <span class='ocrx_word' id='word_1_473' title='bbox 1759 1239 1891 1283; x_wconf 67' lang='lat' dir='ltr'>Virgo,</span> <span class='ocrx_word' id='word_1_474' title='bbox 1935 1239 2158 1283; x_wconf 78' lang='lat' dir='ltr'>Sagittarius,</span> 
     </span>
     <span class='ocr_line' id='line_1_78' title="bbox 1158 1289 2158 1335; baseline 0.001 -13"><span class='ocrx_word' id='word_1_475' title='bbox 1158 1289 1288 1323; x_wconf 84' lang='lat' dir='ltr'>Pisces.</span> <span class='ocrx_word' id='word_1_476' title='bbox 1369 1289 1461 1333; x_wconf 82' lang='lat' dir='ltr'>Quia</span> <span class='ocrx_word' id='word_1_477' title='bbox 1500 1290 1595 1322; x_wconf 90' lang='lat' dir='ltr'>enim</span> <span class='ocrx_word' id='word_1_478' title='bbox 1630 1290 1723 1323; x_wconf 90' lang='lat' dir='ltr'>inter</span> <span class='ocrx_word' id='word_1_479' title='bbox 1763 1292 1864 1323; x_wconf 85' lang='lat' dir='ltr'>firma</span> <span class='ocrx_word' id='word_1_480' title='bbox 1881 1317 1889 1330; x_wconf 85' lang='lat'>,</span> <span class='ocrx_word' id='word_1_481' title='bbox 1942 1290 2077 1335; x_wconf 87' lang='lat' dir='ltr'>tropica</span> <span class='ocrx_word' id='word_1_482' title='bbox 2125 1297 2158 1323; x_wconf 87' lang='lat' dir='ltr'>et</span> 
     </span>
     <span class='ocr_line' id='line_1_79' title="bbox 1158 1340 2159 1385; baseline 0.002 -13.02"><span class='ocrx_word' id='word_1_483' title='bbox 1158 1341 1434 1385; x_wconf 86' lang='lat' dir='ltr'>aequinoctialia</span> <span class='ocrx_word' id='word_1_484' title='bbox 1459 1340 1642 1374; x_wconf 87' lang='lat' dir='ltr'>interiecta</span> <span class='ocrx_word' id='word_1_485' title='bbox 1669 1348 1768 1382; x_wconf 87' lang='lat' dir='ltr'>sunt,</span> <span class='ocrx_word' id='word_1_486' title='bbox 1796 1342 1900 1375; x_wconf 85' lang='lat' dir='ltr'>initio</span> <span class='ocrx_word' id='word_1_487' title='bbox 1917 1348 1950 1374; x_wconf 91' lang='lat' dir='ltr'>et</span> <span class='ocrx_word' id='word_1_488' title='bbox 1968 1344 2038 1375; x_wconf 88' lang='lat' dir='ltr'>fine</span> <span class='ocrx_word' id='word_1_489' title='bbox 2063 1342 2159 1376; x_wconf 89' lang='lat' dir='ltr'>simi-</span> 
     </span>
     <span class='ocr_line' id='line_1_80' title="bbox 1157 1391 1725 1427; baseline 0.004 -3"><span class='ocrx_word' id='word_1_490' title='bbox 1157 1392 1206 1424; x_wconf 90' lang='lat' dir='ltr'>les</span> <span class='ocrx_word' id='word_1_491' title='bbox 1225 1404 1305 1425; x_wconf 89' lang='lat' dir='ltr'>cum</span> <span class='ocrx_word' id='word_1_492' title='bbox 1322 1392 1390 1424; x_wconf 89' lang='lat' dir='ltr'>illis</span> <span class='ocrx_word' id='word_1_493' title='bbox 1413 1398 1560 1425; x_wconf 85' lang='lat' dir='ltr'>naturas</span> <span class='ocrx_word' id='word_1_494' title='bbox 1581 1391 1725 1427; x_wconf 87' lang='lat' dir='ltr'>habent.</span> 
     </span>
    </p>
   </div>
   <div class='ocr_carea' id='block_1_21' title="bbox 1897 1188 2158 1233">
    <p class='ocr_par' dir='ltr' id='par_1_27' title="bbox 1897 1188 2158 1233">
     <span class='ocr_line' id='line_1_81' title="bbox 1897 1188 2158 1233; baseline 0 -13"><span class='ocrx_word' id='word_1_495' title='bbox 1897 1200 1987 1233; x_wconf 87' lang='lat' dir='ltr'>quae</span> <span class='ocrx_word' id='word_1_496' title='bbox 2005 1194 2086 1232; x_wconf 89' lang='lat' dir='ltr'>post</span> <span class='ocrx_word' id='word_1_497' title='bbox 2100 1188 2158 1220; x_wconf 85' lang='lat' dir='ltr'>fir-</span> 
     </span>
    </p>
   </div>
   <div class='ocr_carea' id='block_1_22' title="bbox 1321 1477 1990 1522">
    <p class='ocr_par' dir='ltr' id='par_1_28' title="bbox 1321 1477 1990 1522">
     <span class='ocr_line' id='line_1_82' title="bbox 1321 1477 1990 1522; baseline 0.001 -12"><span class='ocrx_word' id='word_1_498' title='bbox 1321 1478 1375 1510; x_wconf 85' lang='lat' dir='ltr'>De</span> <span class='ocrx_word' id='word_1_499' title='bbox 1402 1477 1600 1511; x_wconf 72' lang='lat' dir='ltr'>masculinis</span> <span class='ocrx_word' id='word_1_500' title='bbox 1628 1483 1659 1510; x_wconf 76' lang='lat' dir='ltr'>e!</span> <span class='ocrx_word' id='word_1_501' title='bbox 1682 1477 1844 1521; x_wconf 77' lang='lat' dir='ltr'>femineis</span> <span class='ocrx_word' id='word_1_502' title='bbox 1870 1480 1990 1522; x_wconf 73' lang='lat' dir='ltr'>siquis.</span> 
     </span>
    </p>
   </div>
   <div class='ocr_carea' id='block_1_23' title="bbox 1156 1545 2160 2148">
    <p class='ocr_par' dir='ltr' id='par_1_29' title="bbox 1156 1545 2160 2148">
     <span class='ocr_line' id='line_1_83' title="bbox 1260 1545 2159 1591; baseline 0.002 -13"><span class='ocrx_word' id='word_1_503' title='bbox 1260 1545 1451 1578; x_wconf 87' lang='lat' dir='ltr'>Praeterea</span> <span class='ocrx_word' id='word_1_504' title='bbox 1483 1559 1542 1580; x_wconf 86' lang='lat' dir='ltr'>sex</span> <span class='ocrx_word' id='word_1_505' title='bbox 1570 1547 1670 1591; x_wconf 87' lang='lat' dir='ltr'>signa</span> <span class='ocrx_word' id='word_1_506' title='bbox 1707 1548 1950 1581; x_wconf 86' lang='lat' dir='ltr'>attribuerunt</span> <span class='ocrx_word' id='word_1_507' title='bbox 1980 1548 2159 1581; x_wconf 80' lang='lat' dir='ltr'>masculae</span> 
     </span>
     <span class='ocr_line' id='line_1_84' title="bbox 1156 1598 2160 1645; baseline 0.002 -15"><span class='ocrx_word' id='word_1_508' title='bbox 1156 1603 1306 1630; x_wconf 87' lang='lat' dir='ltr'>naturae</span> <span class='ocrx_word' id='word_1_509' title='bbox 1325 1604 1358 1630; x_wconf 91' lang='lat' dir='ltr'>et</span> <span class='ocrx_word' id='word_1_510' title='bbox 1380 1598 1551 1638; x_wconf 83' lang='lat' dir='ltr'>diurnae,</span> <span class='ocrx_word' id='word_1_511' title='bbox 1588 1599 1810 1645; x_wconf 84' lang='lat' dir='ltr'>totidemque</span> <span class='ocrx_word' id='word_1_512' title='bbox 1834 1599 2009 1632; x_wconf 83' lang='lat' dir='ltr'>femineae</span> <span class='ocrx_word' id='word_1_513' title='bbox 2036 1605 2070 1632; x_wconf 88' lang='lat' dir='ltr'>et</span> <span class='ocrx_word' id='word_1_514' title='bbox 2095 1611 2160 1631; x_wconf 91' lang='lat' dir='ltr'>no-</span> 
     </span>
     <span class='ocr_line' id='line_1_85' title="bbox 1158 1648 2160 1691; baseline 0.001 -10"><span class='ocrx_word' id='word_1_515' title='bbox 1158 1655 1316 1683; x_wconf 88' lang='lat' dir='ltr'>cturnae.</span> <span class='ocrx_word' id='word_1_516' title='bbox 1370 1648 1470 1682; x_wconf 85' lang='lat' dir='ltr'>Ordo</span> <span class='ocrx_word' id='word_1_517' title='bbox 1489 1656 1607 1683; x_wconf 89' lang='lat' dir='ltr'>autem</span> <span class='ocrx_word' id='word_1_518' title='bbox 1626 1651 1779 1684; x_wconf 85' lang='lat' dir='ltr'>traditur</span> <span class='ocrx_word' id='word_1_519' title='bbox 1796 1651 2007 1691; x_wconf 87' lang='lat' dir='ltr'>continuus,</span> <span class='ocrx_word' id='word_1_520' title='bbox 2035 1657 2074 1684; x_wconf 92' lang='lat' dir='ltr'>ut</span> <span class='ocrx_word' id='word_1_521' title='bbox 2089 1650 2160 1683; x_wconf 88' lang='lat' dir='ltr'>diei</span> 
     </span>
     <span class='ocr_line' id='line_1_86' title="bbox 1157 1701 2160 1746; baseline 0.001 -13"><span class='ocrx_word' id='word_1_522' title='bbox 1157 1713 1229 1733; x_wconf 82' lang='lat' dir='ltr'>nox</span> <span class='ocrx_word' id='word_1_523' title='bbox 1248 1701 1414 1734; x_wconf 89' lang='lat' dir='ltr'>adiuncta</span> <span class='ocrx_word' id='word_1_524' title='bbox 1437 1707 1508 1741; x_wconf 88' lang='lat' dir='ltr'>est,</span> <span class='ocrx_word' id='word_1_525' title='bbox 1537 1708 1570 1734; x_wconf 92' lang='lat' dir='ltr'>et</span> <span class='ocrx_word' id='word_1_526' title='bbox 1588 1703 1768 1746; x_wconf 82' lang='lat' dir='ltr'>copulatio</span> <span class='ocrx_word' id='word_1_527' title='bbox 1786 1702 1984 1736; x_wconf 85' lang='lat' dir='ltr'>necessaria</span> <span class='ocrx_word' id='word_1_528' title='bbox 2010 1708 2062 1736; x_wconf 90' lang='lat' dir='ltr'>est</span> <span class='ocrx_word' id='word_1_529' title='bbox 2083 1714 2160 1734; x_wconf 89' lang='lat' dir='ltr'>ma-</span> 
     </span>
     <span class='ocr_line' id='line_1_87' title="bbox 1157 1752 2158 1797; baseline 0.002 -13"><span class='ocrx_word' id='word_1_530' title='bbox 1157 1752 1205 1785; x_wconf 88' lang='lat' dir='ltr'>ris</span> <span class='ocrx_word' id='word_1_531' title='bbox 1236 1758 1270 1785; x_wconf 86' lang='lat' dir='ltr'>et</span> <span class='ocrx_word' id='word_1_532' title='bbox 1300 1753 1467 1786; x_wconf 79' lang='lat' dir='ltr'>feminae.</span> <span class='ocrx_word' id='word_1_533' title='bbox 1540 1753 1575 1786; x_wconf 87' lang='lat' dir='ltr'>Si</span> <span class='ocrx_word' id='word_1_534' title='bbox 1609 1753 1718 1797; x_wconf 84' lang='lat' dir='ltr'>igitur</span> <span class='ocrx_word' id='word_1_535' title='bbox 1747 1761 1909 1788; x_wconf 87' lang='lat' dir='ltr'>sumatur</span> <span class='ocrx_word' id='word_1_536' title='bbox 1939 1753 2081 1787; x_wconf 88' lang='lat' dir='ltr'>initium</span> <span class='ocrx_word' id='word_1_537' title='bbox 2115 1754 2158 1786; x_wconf 88' lang='lat' dir='ltr'>ab</span> 
     </span>
     <span class='ocr_line' id='line_1_88' title="bbox 1156 1803 2160 1851; baseline 0.002 -15"><span class='ocrx_word' id='word_1_538' title='bbox 1156 1803 1299 1843; x_wconf 90' lang='lat' dir='ltr'>Ariete,</span> <span class='ocrx_word' id='word_1_539' title='bbox 1339 1810 1487 1848; x_wconf 91' lang='lat' dir='ltr'>propter</span> <span class='ocrx_word' id='word_1_540' title='bbox 1512 1816 1653 1845; x_wconf 86' lang='lat' dir='ltr'>causas,</span> <span class='ocrx_word' id='word_1_541' title='bbox 1693 1818 1780 1851; x_wconf 87' lang='lat' dir='ltr'>quas</span> <span class='ocrx_word' id='word_1_542' title='bbox 1804 1806 1977 1845; x_wconf 79' lang='lat' dir='ltr'>diximus,</span> <span class='ocrx_word' id='word_1_543' title='bbox 2010 1805 2100 1838; x_wconf 86' lang='lat' dir='ltr'>sicut</span> <span class='ocrx_word' id='word_1_544' title='bbox 2126 1811 2160 1838; x_wconf 90' lang='lat' dir='ltr'>et</span> 
     </span>
     <span class='ocr_line' id='line_1_89' title="bbox 1157 1855 2157 1902; baseline 0.002 -15"><span class='ocrx_word' id='word_1_545' title='bbox 1157 1855 1334 1889; x_wconf 85' lang='lat' dir='ltr'>masculus</span> <span class='ocrx_word' id='word_1_546' title='bbox 1359 1855 1566 1888; x_wconf 88' lang='lat' dir='ltr'>dominator</span> <span class='ocrx_word' id='word_1_547' title='bbox 1591 1868 1629 1888; x_wconf 88' lang='lat' dir='ltr'>ac</span> <span class='ocrx_word' id='word_1_548' title='bbox 1653 1857 1753 1900; x_wconf 87' lang='lat' dir='ltr'>prior</span> <span class='ocrx_word' id='word_1_549' title='bbox 1778 1864 1851 1897; x_wconf 82' lang='lat' dir='ltr'>est,</span> <span class='ocrx_word' id='word_1_550' title='bbox 1894 1857 1975 1902; x_wconf 86' lang='lat' dir='ltr'>quia</span> <span class='ocrx_word' id='word_1_551' title='bbox 2002 1856 2157 1890; x_wconf 76' lang='lat' dir='ltr'>activum</span> 
     </span>
     <span class='ocr_line' id='line_1_90' title="bbox 1157 1906 2157 1951; baseline 0.001 -11"><span class='ocrx_word' id='word_1_552' title='bbox 1157 1919 1298 1950; x_wconf 90' lang='lat' dir='ltr'>semper</span> <span class='ocrx_word' id='word_1_553' title='bbox 1323 1906 1422 1950; x_wconf 87' lang='lat' dir='ltr'>prius</span> <span class='ocrx_word' id='word_1_554' title='bbox 1444 1913 1495 1940; x_wconf 91' lang='lat' dir='ltr'>est</span> <span class='ocrx_word' id='word_1_555' title='bbox 1516 1908 1669 1951; x_wconf 70' lang='lat' dir='ltr'>passivo.</span> <span class='ocrx_word' id='word_1_556' title='bbox 1735 1907 1837 1942; x_wconf 87' lang='lat' dir='ltr'>Aries</span> <span class='ocrx_word' id='word_1_557' title='bbox 1864 1915 1897 1941; x_wconf 91' lang='lat' dir='ltr'>et</span> <span class='ocrx_word' id='word_1_558' title='bbox 1919 1907 2026 1941; x_wconf 87' lang='lat' dir='ltr'>Libra</span> <span class='ocrx_word' id='word_1_559' title='bbox 2053 1914 2157 1941; x_wconf 89' lang='lat' dir='ltr'>erunt</span> 
     </span>
     <span class='ocr_line' id='line_1_91' title="bbox 1157 1957 2157 2005; baseline 0.001 -14"><span class='ocrx_word' id='word_1_560' title='bbox 1157 1958 1311 1991; x_wconf 90' lang='lat' dir='ltr'>mascula</span> <span class='ocrx_word' id='word_1_561' title='bbox 1331 1964 1364 1990; x_wconf 87' lang='lat' dir='ltr'>et</span> <span class='ocrx_word' id='word_1_562' title='bbox 1390 1958 1530 1992; x_wconf 86' lang='lat' dir='ltr'>diurna.</span> <span class='ocrx_word' id='word_1_563' title='bbox 1592 1959 1738 1992; x_wconf 83' lang='lat' dir='ltr'>Accedit</span> <span class='ocrx_word' id='word_1_564' title='bbox 1761 1957 1849 2000; x_wconf 88' lang='lat' dir='ltr'>huc,</span> <span class='ocrx_word' id='word_1_565' title='bbox 1885 1961 1981 2005; x_wconf 86' lang='lat' dir='ltr'>quod</span> <span class='ocrx_word' id='word_1_566' title='bbox 2007 1959 2157 1992; x_wconf 88' lang='lat' dir='ltr'>circulus</span> 
     </span>
     <span class='ocr_line' id='line_1_92' title="bbox 1158 2008 2157 2056; baseline -0.001 -12.991"><span class='ocrx_word' id='word_1_567' title='bbox 1158 2009 1375 2055; x_wconf 87' lang='lat' dir='ltr'>aequinoctii</span> <span class='ocrx_word' id='word_1_568' title='bbox 1395 2022 1458 2054; x_wconf 90' lang='lat' dir='ltr'>per</span> <span class='ocrx_word' id='word_1_569' title='bbox 1476 2008 1562 2043; x_wconf 86' lang='lat' dir='ltr'>baec</span> <span class='ocrx_word' id='word_1_570' title='bbox 1583 2011 1800 2056; x_wconf 85' lang='lat' dir='ltr'>descriptus,</span> <span class='ocrx_word' id='word_1_571' title='bbox 1835 2011 1990 2055; x_wconf 85' lang='lat' dir='ltr'>primam</span> <span class='ocrx_word' id='word_1_572' title='bbox 2014 2018 2048 2044; x_wconf 89' lang='lat' dir='ltr'>et</span> <span class='ocrx_word' id='word_1_573' title='bbox 2072 2011 2157 2043; x_wconf 85' lang='lat' dir='ltr'>vali-</span> 
     </span>
     <span class='ocr_line' id='line_1_93' title="bbox 1157 2060 2156 2106; baseline 0.001 -11"><span class='ocrx_word' id='word_1_574' title='bbox 1157 2062 1339 2095; x_wconf 87' lang='lat' dir='ltr'>dissimam</span> <span class='ocrx_word' id='word_1_575' title='bbox 1372 2061 1532 2095; x_wconf 87' lang='lat' dir='ltr'>omnium</span> <span class='ocrx_word' id='word_1_576' title='bbox 1565 2063 1797 2106; x_wconf 85' lang='lat' dir='ltr'>agitationem</span> <span class='ocrx_word' id='word_1_577' title='bbox 1831 2063 1947 2096; x_wconf 83' lang='lat' dir='ltr'>efficit.</span> <span class='ocrx_word' id='word_1_578' title='bbox 2018 2063 2073 2096; x_wconf 89' lang='lat' dir='ltr'>Ab</span> <span class='ocrx_word' id='word_1_579' title='bbox 2101 2060 2156 2096; x_wconf 86' lang='lat' dir='ltr'>his</span> 
     </span>
     <span class='ocr_line' id='line_1_94' title="bbox 1158 2113 2117 2148; baseline 0.002 -2"><span class='ocrx_word' id='word_1_580' title='bbox 1158 2113 1325 2146; x_wconf 89' lang='lat' dir='ltr'>continua</span> <span class='ocrx_word' id='word_1_581' title='bbox 1347 2113 1436 2146; x_wconf 86' lang='lat' dir='ltr'>serie</span> <span class='ocrx_word' id='word_1_582' title='bbox 1456 2114 1661 2147; x_wconf 87' lang='lat' dir='ltr'>masculinis</span> <span class='ocrx_word' id='word_1_583' title='bbox 1679 2114 1849 2147; x_wconf 84' lang='lat' dir='ltr'>feminina</span> <span class='ocrx_word' id='word_1_584' title='bbox 1868 2114 2117 2148; x_wconf 89' lang='lat' dir='ltr'>subiiciuntur.</span> 
     </span>
    </p>
   </div>
   <div class='ocr_carea' id='block_1_24' title="bbox 1153 2173 2156 2568">
    <p class='ocr_par' dir='ltr' id='par_1_30' title="bbox 1153 2173 2156 2568">
     <span class='ocr_line' id='line_1_95' title="bbox 1258 2173 2156 2218; baseline 0.001 -13"><span class='ocrx_word' id='word_1_585' title='bbox 1258 2173 1432 2206; x_wconf 79' lang='lat' dir='ltr'>Nonnulli</span> <span class='ocrx_word' id='word_1_586' title='bbox 1450 2186 1534 2206; x_wconf 79' lang='lat' dir='ltr'>vero</span> <span class='ocrx_word' id='word_1_587' title='bbox 1554 2174 1747 2208; x_wconf 86' lang='lat' dir='ltr'>masculina</span> <span class='ocrx_word' id='word_1_588' title='bbox 1765 2176 1885 2218; x_wconf 87' lang='lat' dir='ltr'>signa,</span> <span class='ocrx_word' id='word_1_589' title='bbox 1920 2175 1964 2206; x_wconf 86' lang='lat' dir='ltr'>ab</span> <span class='ocrx_word' id='word_1_590' title='bbox 1989 2173 2156 2206; x_wconf 86' lang='lat' dir='ltr'>orientali</span> 
     </span>
     <span class='ocr_line' id='line_1_96' title="bbox 1156 2222 2155 2270; baseline 0 -11"><span class='ocrx_word' id='word_1_591' title='bbox 1156 2224 1271 2268; x_wconf 86' lang='lat' dir='ltr'>sign0‚</span> <span class='ocrx_word' id='word_1_592' title='bbox 1300 2225 1395 2270; x_wconf 88' lang='lat' dir='ltr'>quod</span> <span class='ocrx_word' id='word_1_593' title='bbox 1416 2222 1630 2270; x_wconf 71' lang='grc' dir='ltr'>εὖρόσκοπος</span> <span class='ocrx_word' id='word_1_594' title='bbox 1647 2226 1788 2265; x_wconf 84' lang='lat' dir='ltr'>dicitur,</span> <span class='ocrx_word' id='word_1_595' title='bbox 1817 2225 2018 2259; x_wconf 81' lang='lat' dir='ltr'>nominant.</span> <span class='ocrx_word' id='word_1_596' title='bbox 2057 2225 2155 2259; x_wconf 87' lang='lat' dir='ltr'>Sicut</span> 
     </span>
     <span class='ocr_line' id='line_1_97' title="bbox 1156 2276 2155 2322; baseline 0.001 -14"><span class='ocrx_word' id='word_1_597' title='bbox 1156 2276 1251 2309; x_wconf 89' lang='lat' dir='ltr'>enim</span> <span class='ocrx_word' id='word_1_598' title='bbox 1275 2276 1386 2322; x_wconf 85' lang='lat' dir='ltr'>aliqui</span> <span class='ocrx_word' id='word_1_599' title='bbox 1413 2277 1634 2321; x_wconf 89' lang='lat' dir='ltr'>tropicorum</span> <span class='ocrx_word' id='word_1_600' title='bbox 1661 2277 1762 2309; x_wconf 87' lang='lat' dir='ltr'>initia</span> <span class='ocrx_word' id='word_1_601' title='bbox 1796 2283 1943 2310; x_wconf 87' lang='lat' dir='ltr'>sumunt</span> <span class='ocrx_word' id='word_1_602' title='bbox 1972 2289 1990 2309; x_wconf 86' lang='lat' dir='ltr'>a</span> <span class='ocrx_word' id='word_1_603' title='bbox 2016 2276 2155 2310; x_wconf 89' lang='lat' dir='ltr'>Lunari</span> 
     </span>
     <span class='ocr_line' id='line_1_98' title="bbox 1156 2327 2154 2374; baseline 0.001 -13"><span class='ocrx_word' id='word_1_604' title='bbox 1156 2327 1309 2369; x_wconf 87' lang='lat' dir='ltr'>circulo,</span> <span class='ocrx_word' id='word_1_605' title='bbox 1353 2328 1449 2374; x_wconf 88' lang='lat' dir='ltr'>quod</span> <span class='ocrx_word' id='word_1_606' title='bbox 1481 2329 1684 2361; x_wconf 87' lang='lat' dir='ltr'>celerrimae</span> <span class='ocrx_word' id='word_1_607' title='bbox 1707 2328 1778 2362; x_wconf 87' lang='lat' dir='ltr'>sint</span> <span class='ocrx_word' id='word_1_608' title='bbox 1802 2328 1926 2362; x_wconf 89' lang='lat' dir='ltr'>Lunae</span> <span class='ocrx_word' id='word_1_609' title='bbox 1951 2328 2154 2362; x_wconf 79' lang='lat' dir='ltr'>conversio-</span> 
     </span>
     <span class='ocr_line' id='line_1_99' title="bbox 1155 2377 2154 2424; baseline 0.001 -12"><span class='ocrx_word' id='word_1_610' title='bbox 1155 2392 1236 2413; x_wconf 87' lang='lat' dir='ltr'>nes:</span> <span class='ocrx_word' id='word_1_611' title='bbox 1277 2379 1326 2413; x_wconf 90' lang='lat' dir='ltr'>sic</span> <span class='ocrx_word' id='word_1_612' title='bbox 1350 2387 1384 2413; x_wconf 89' lang='lat' dir='ltr'>et</span> <span class='ocrx_word' id='word_1_613' title='bbox 1409 2381 1563 2414; x_wconf 87' lang='lat' dir='ltr'>mascula</span> <span class='ocrx_word' id='word_1_614' title='bbox 1588 2380 1686 2424; x_wconf 84' lang='lat' dir='ltr'>signa</span> <span class='ocrx_word' id='word_1_615' title='bbox 1714 2380 1887 2413; x_wconf 86' lang='lat' dir='ltr'>ordienda</span> <span class='ocrx_word' id='word_1_616' title='bbox 1913 2387 1996 2413; x_wconf 89' lang='lat' dir='ltr'>sunt</span> <span class='ocrx_word' id='word_1_617' title='bbox 2018 2381 2061 2413; x_wconf 90' lang='lat' dir='ltr'>ab</span> <span class='ocrx_word' id='word_1_618' title='bbox 2088 2377 2154 2413; x_wconf 89' lang='lat' dir='ltr'>ho-</span> 
     </span>
     <span class='ocr_line' id='line_1_100' title="bbox 1155 2429 2154 2476; baseline 0.001 -12"><span class='ocrx_word' id='word_1_619' title='bbox 1155 2443 1327 2476; x_wconf 91' lang='lat' dir='ltr'>roscopo,</span> <span class='ocrx_word' id='word_1_620' title='bbox 1368 2439 1516 2476; x_wconf 85' lang='lat' dir='ltr'>propter</span> <span class='ocrx_word' id='word_1_621' title='bbox 1540 2431 1791 2466; x_wconf 87' lang='lat' dir='ltr'>Subsolanum.</span> <span class='ocrx_word' id='word_1_622' title='bbox 1858 2431 1932 2464; x_wconf 87' lang='lat' dir='ltr'>lam</span> <span class='ocrx_word' id='word_1_623' title='bbox 1963 2429 2000 2464; x_wconf 88' lang='lat' dir='ltr'>hi</span> <span class='ocrx_word' id='word_1_624' title='bbox 2031 2444 2154 2465; x_wconf 89' lang='lat' dir='ltr'>rursus</span> 
     </span>
     <span class='ocr_line' id='line_1_101' title="bbox 1155 2483 2153 2517; baseline 0 -1"><span class='ocrx_word' id='word_1_625' title='bbox 1155 2483 1323 2516; x_wconf 87' lang='lat' dir='ltr'>continua</span> <span class='ocrx_word' id='word_1_626' title='bbox 1357 2483 1446 2516; x_wconf 89' lang='lat' dir='ltr'>serie</span> <span class='ocrx_word' id='word_1_627' title='bbox 1475 2483 1568 2517; x_wconf 71' lang='lat' dir='ltr'>vices</span> <span class='ocrx_word' id='word_1_628' title='bbox 1599 2483 1878 2517; x_wconf 85' lang='lat' dir='ltr'>masculinorum</span> <span class='ocrx_word' id='word_1_629' title='bbox 1908 2490 1941 2517; x_wconf 90' lang='lat' dir='ltr'>et</span> <span class='ocrx_word' id='word_1_630' title='bbox 1962 2483 2153 2517; x_wconf 86' lang='lat' dir='ltr'>feminino-</span> 
     </span>
     <span class='ocr_line' id='line_1_102' title="bbox 1153 2534 1490 2568; baseline 0.003 -1"><span class='ocrx_word' id='word_1_631' title='bbox 1153 2546 1234 2568; x_wconf 91' lang='lat' dir='ltr'>rum</span> <span class='ocrx_word' id='word_1_632' title='bbox 1258 2534 1490 2568; x_wconf 86' lang='lat' dir='ltr'>constituunt.</span> 
     </span>
    </p>
   </div>
   <div class='ocr_carea' id='block_1_25' title="bbox 1152 2593 2157 2746">
    <p class='ocr_par' dir='ltr' id='par_1_31' title="bbox 1152 2593 2157 2746">
     <span class='ocr_line' id='line_1_103' title="bbox 1255 2593 2157 2642; baseline 0.006 -15"><span class='ocrx_word' id='word_1_633' title='bbox 1255 2593 1327 2627; x_wconf 86' lang='lat' dir='ltr'>Alii</span> <span class='ocrx_word' id='word_1_634' title='bbox 1357 2600 1471 2628; x_wconf 85' lang='lat' dir='ltr'>totum</span> <span class='ocrx_word' id='word_1_635' title='bbox 1508 2595 1678 2630; x_wconf 88' lang='lat' dir='ltr'>circulum</span> <span class='ocrx_word' id='word_1_636' title='bbox 1714 2596 1752 2630; x_wconf 87' lang='lat' dir='ltr'>in</span> <span class='ocrx_word' id='word_1_637' title='bbox 1783 2598 2000 2642; x_wconf 87' lang='lat' dir='ltr'>quadrantes</span> <span class='ocrx_word' id='word_1_638' title='bbox 2028 2598 2157 2632; x_wconf 87' lang='lat' dir='ltr'>divise-</span> 
     </span>
     <span class='ocr_line' id='line_1_104' title="bbox 1152 2646 2156 2696; baseline 0.007 -19"><span class='ocrx_word' id='word_1_639' title='bbox 1152 2651 1257 2685; x_wconf 90' lang='lat' dir='ltr'>runt,</span> <span class='ocrx_word' id='word_1_640' title='bbox 1285 2657 1325 2678; x_wconf 90' lang='lat' dir='ltr'>ac</span> <span class='ocrx_word' id='word_1_641' title='bbox 1338 2646 1516 2679; x_wconf 87' lang='lat' dir='ltr'>matutina</span> <span class='ocrx_word' id='word_1_642' title='bbox 1534 2653 1568 2680; x_wconf 89' lang='lat' dir='ltr'>et</span> <span class='ocrx_word' id='word_1_643' title='bbox 1584 2648 1741 2681; x_wconf 87' lang='lat' dir='ltr'>mascula</span> <span class='ocrx_word' id='word_1_644' title='bbox 1762 2649 1805 2681; x_wconf 87' lang='lat' dir='ltr'>ab</span> <span class='ocrx_word' id='word_1_645' title='bbox 1823 2647 2026 2694; x_wconf 88' lang='lat' dir='ltr'>horoscopo</span> <span class='ocrx_word' id='word_1_646' title='bbox 2044 2662 2156 2696; x_wconf 85' lang='lat' dir='ltr'>usque</span> 
     </span>
     <span class='ocr_line' id='line_1_105' title="bbox 1152 2696 2155 2746; baseline 0.005 -17"><span class='ocrx_word' id='word_1_647' title='bbox 1152 2697 1198 2730; x_wconf 85' lang='lat' dir='ltr'>ad</span> <span class='ocrx_word' id='word_1_648' title='bbox 1216 2696 1375 2730; x_wconf 90' lang='lat' dir='ltr'>medium</span> <span class='ocrx_word' id='word_1_649' title='bbox 1395 2698 1484 2731; x_wconf 91' lang='lat' dir='ltr'>coeli</span> <span class='ocrx_word' id='word_1_650' title='bbox 1503 2699 1746 2740; x_wconf 87' lang='lat' dir='ltr'>constituunt,</span> <span class='ocrx_word' id='word_1_651' title='bbox 1780 2707 1814 2733; x_wconf 89' lang='lat' dir='ltr'>et</span> <span class='ocrx_word' id='word_1_652' title='bbox 1840 2698 1894 2734; x_wconf 89' lang='lat' dir='ltr'>his</span> <span class='ocrx_word' id='word_1_653' title='bbox 1921 2702 2084 2746; x_wconf 86' lang='lat' dir='ltr'>opposita</span> <span class='ocrx_word' id='word_1_654' title='bbox 2111 2702 2155 2734; x_wconf 91' lang='lat' dir='ltr'>ab</span> 
     </span>
    </p>
   </div>
  </div>
 </body>
</html>
