2373 2980
128 62 227 99 1005
649 60 769 97 LXXI.

127 146 203 185 325
230 150 303 183 Ion.
328 147 497 182 Fortasse
515 147 567 181 fui
581 147 756 192 probrum
774 148 923 183 alicuius
940 147 1113 182 mulieris.

178 203 252 236 Ore.
306 199 425 233 Habes
462 199 614 233 victum?
654 200 745 234 bene
780 200 876 234 enirn
914 207 1062 234 ornatus
1090 212 1125 234 es

548 251 715 286 vestibus.

176 305 248 338 lon.
289 302 341 336 Ex
372 302 440 336 Dei
468 302 701 347 pensionibus
732 315 926 344 ornamur,
969 303 1025 336 cui
1053 315 1123 337 ser-

544 354 672 388 vimus.

177 409 251 442 Cre.
301 405 385 441 Non
426 406 642 439 contendisti
673 406 718 439 ad
755 405 1024 451 inquisitionem
1061 418 1124 450 pa—

539 456 711 490 rentum?

176 512 250 543 Ιοη.
272 509 419 544 Nullum
435 506 552 542 habeo
571 508 756 542 indicium.

125 561 200 595 330
227 563 300 595 Cre.
326 559 417 593 Heu.

175 612 363 657 Quaedam
390 611 460 644 alia
481 610 611 644 mulier
634 623 735 655 passa
755 617 806 645 est
823 612 945 644 eadem
964 622 1043 643 cum
1061 616 1119 643 tua

540 669 667 697 matre.

174 718 247 749 Ion.
290 714 430 754 Dicito,
460 715 666 760 quaenam?
701 715 729 748 si
755 711 845 747 mihi
875 712 1120 757 opitulaberis,
1145 622 1150 832 Ι

539 766 766 799 laetabimur.

175 820 248 853 cre.
273 816 337 850 Illa
350 844 357 857 ,
383 816 482 851 cuius
502 828 607 850 causa
628 817 711 850 veni
726 815 813 855 huc,
833 815 1044 860 priusquam
1066 826 1120 847 ac-

536 869 638 901 cedat
656 868 818 901 maritus.

174 923 247 955 Ion.
274 920 354 965 Qua
374 931 412 953 re
429 919 611 964 indigens,
636 926 675 953 ut
694 919 758 953 tibi
777 917 1024 953 subserviam?

175 974 249 1008 Cre.
292 971 490 1006 oraculum
517 983 558 1004 ex
583 969 732 1005 Phoebo
761 969 962 1015 cupiens⁴⁵)
989 981 1120 1013 cogno-

542 1035 650 1057 scere.

123 1072 198 1108 335
222 1076 294 1108 Ion.
321 1073 462 1115 Dicito,
487 1087 554 1108 nos
573 1075 706 1108 erimus
724 1073 951 1107 internuntii.

174 1128 248 1161 Ure.
272 1126 367 1157 Audi
385 1138 505 1158 meum
526 1138 729 1159 sermonem
742 1151 751 1164 ,
775 1127 837 1158 sed
857 1126 978 1169 pudet.

174 1179 248 1210 Ion.
270 1175 367 1219 Ergo
386 1174 477 1209 nihil
497 1189 597 1220 ages,
621 1176 697 1209 Dea
708 1175 754 1221 ²¹⁶)
775 1183 826 1209 est
845 1177 972 1220 ignava
986 1175 1042 1219 Π),

176 1230 251 1263 Gre.
277 1227 464 1272 Quaedam
482 1240 560 1261 mea
588 1228 702 1261 amica
723 1228 810 1261 dicit
827 1240 862 1261 se
888 1226 1120 1260 concubuisse

543 1292 622 1312 cnm
640 1277 801 1313 Phoebo.

175 1333 249 1364 Ion.
297 1330 353 1364 An
380 1330 510 1364 mulier
539 1343 743 1375 compressa
772 1337 861 1364 esset
890 1342 908 1363 a
932 1329 1036 1363 Deo?
1077 1342 1120 1362 ne

535 1382 677 1416 dixeris.

123 1432 199 1466 340
224 1435 299 1467 Cre.
323 1431 369 1465 Et
395 1433 485 1466 clam
509 1440 591 1467 ante
615 1431 684 1467 hoc
709 1439 850 1477 tempus
874 1445 1025 1477 puerum
1043 1430 1120 1464 Deo

538 1485 691 1528 peperit.

176 1537 249 1570 Ion.
270 1535 353 1569 Non
376 1541 444 1569 est·¹
471 1533 652 1569 humanae
672 1535 797 1579 culpae
814 1537 924 1579 pudet
942 1548 1031 1570 eam.

158 1688 206 1720 45)
227 1686 352 1719 cupiens]
373 1686 413 1710 sic
427 1686 511 1711 Editt.
529 1686 605 1710 1558.
621 1687 648 1710 et
668 1687 787 1725 recentt.
804 1685 850 1718 (=
863 1686 960 1717 Eurip.
974 1684 1121 1719 δεομέιή);
1146 1681 1150 1726 {

192 1723 244 1749 Ed.
264 1722 341 1747 1562.
359 1721 459 1745 mendo
478 1723 605 1752 typogr.:
629 1727 731 1751 cupies.

158 1773 206 1807 46)
226 1772 298 1833 Ddeia]
323 1774 391 1798 haec
415 1778 469 1797 vox
494 1772 521 1796 in
547 1777 635 1803 marg.
656 1772 706 1798 Ed.
730 1772 806 1797 1562.
833 1772 1000 1803 explicatur:
1029 1774 1122 1798 Vere-

191 1816 244 1834 cun
274 1815 299 1834 a.

157 1861 206 1894 47)
227 1861 292 1887 Cre.
313 1861 390 1890 Quae
410 1862 438 1884 te
451 1873 486 1878 —
501 1859 611 1890 ignava.
633 1858 688 1891 (vs.
702 1857 891 1890 318-337.)]
910 1859 948 1883 sic
963 1860 1010 1885 Ed.
1030 1860 1121 1885 1552:

191 1897 243 1923 Ed.
264 1897 357 1920 1553:

223 1931 288 1956 Cre.
308 1931 344 1955 Et
361 1936 431 1960 quae
450 1930 524 1953 lacte
544 1931 571 1953 te
591 1929 724 1953 enutrivit
744 1935 777 1952 ex
797 1926 957 1958 Delphicis?

226 1966 291 1990 lon.
310 1966 454 1995 Nunquam
472 1964 590 1995 cognovi
610 1970 768 1993 mammamg
788 1964 888 1986 haecce
906 1964 975 1987 aluit
995 1970 1043 1987 me.
1147 1955 1150 1992 ἶ

229 2001 295 2026 Cre.
324 2001 417 2030 Quae,
441 2005 457 2023 o
476 1996 665 2023 aerumnose?
690 2002 719 2022 ut
739 2000 891 2029 aegrotans
916 1998 1009 2022 inveni
1028 2000 1122 2029 aegri-
1147 1996 1150 2021 i

542 2034 676 2057 tudinem.
1147 2026 1150 2055 Ι

230 2071 292 2096 Ion.
312 2068 414 2093 Phoebi
435 2068 629 2098 prophetissa,
650 2069 766 2091 matrem
787 2067 857 2090 sicut
877 2073 1052 2091 veneramur.
1146 2067 1149 2111 i

228 2106 292 2130 Cre.
310 2104 353 2128 Ad
365 2104 455 2127 virum
468 2109 536 2127 vero
550 2102 713 2131 excrevisti,
733 2101 803 2132 quod
823 2102 982 2125 alimentum
1003 2100 1122 2126 nactus?
1146 2115 1149 2127 a

226 2140 290 2164 lon.
309 2141 384 2163 Arae
402 2145 445 2162 me
467 2139 621 2168 paverunt,
644 2138 672 2161 et
689 2137 826 2160 accedens
846 2142 955 2166 semper
973 2137 1085 2166 hospes.

229 2175 292 2200 Cre.
312 2173 427 2203 Misera,
446 2175 474 2196 te
488 2178 557 2203 quae
571 2172 690 2203 peperit,
710 2177 888 2201 quaecunque
902 2171 987 2195 fuerit
1002 2173 1120 2196 tandem.

227 2210 288 2234 Ion.
307 2208 441 2232 Probrum
459 2207 576 2231 alieuius
595 2207 721 2230 mulieris
742 2206 780 2229 fui
798 2206 929 2229 fortasse.

228 2243 294 2268 Cre.
314 2243 406 2267 Habes
421 2248 488 2266 vero
502 2242 623 2271 victum3
642 2242 709 2265 bene
724 2241 794 2264 enim
810 2241 927 2264 ornatus
943 2246 973 2263 es
987 2241 1118 2264 vestibus.

228 2279 290 2303 Ion.
307 2277 360 2302 Dei
378 2277 467 2308 peplis
485 2282 634 2305 ornamur,
653 2276 697 2300 cui
716 2275 862 2299 servimus.
1144 2261 1148 2306 Ι

229 2313 293 2338 Cre.
322 2312 416 2343 Neque
440 2311 582 2336 contulisti
601 2311 635 2335 ad
660 2310 866 2341 inquisitionem
892 2309 1049 2334 inveniendi
1070 2316 1117 2339 pa·
1143 2307 1148 2393 ἱ

536 2343 654 2370 rentes?

227 2382 292 2407 Ion.
310 2381 406 2406 liabeo
423 2380 495 2404 enim
513 2381 635 2410 nullum,
657 2386 672 2405 o
691 2379 808 2410 mulier,
826 2379 964 2405 indicium.

227 2418 292 2442 Cre.
311 2417 397 2441 Eheu.

227 2451 318 2476 Passa
336 2451 380 2474 est
399 2449 531 2479 quaedam
550 2455 611 2472 cum
631 2450 678 2473 tua
696 2450 785 2472 matre
803 2448 898 2472 eadem
920 2448 974 2471 alia
995 2448 1100 2472 mulier.

227 2486 292 2511 Ion.
312 2481 409 2515 Quae?
429 2484 487 2513 die3
507 2483 530 2506 si
549 2490 592 2506 me
610 2483 766 2508 adiuverit,
786 2483 954 2506 laetaremur
973 2484 1075 2512 ntique.

229 2521 294 2546 Cre.
313 2519 399 2544 Cuius
418 2519 511 2549 gratia
529 2518 593 2541 veni
609 2518 681 2548 hue,
699 2518 859 2548 priusquam
878 2518 974 2541 veniat
992 2517 1116 2541 maritus.

226 2556 290 2581 Ion.
315 2554 450 2584 Quidnam
469 2549 606 2581 cupiens?
625 2552 752 2582 quoniam
769 2552 936 2577 inserviam.
956 2558 971 2575 o
992 2552 1099 2575 mulier.

228 2591 293 2616 Cre.
314 2588 462 2614 oraculum
481 2587 618 2611 oecultum
636 2587 750 2617 cupiens
770 2587 870 2610 Phoebi
890 2587 1008 2611 discere.
1138 2591 1146 2690 l

226 2625 288 2650 Ion.
306 2623 431 2647 Diceres.
468 2622 525 2646 Nos
542 2626 611 2644 vero
629 2622 741 2645 caetera
759 2621 980 2650 procurabimus.

228 2659 292 2685 Cre.
310 2657 382 2683 Audi
399 2658 455 2682 iam
472 2661 645 2686 sermonem,
663 2655 713 2679 sed
731 2661 868 2679 veremur.

224 2694 287 2719 lon.
304 2693 398 2724 Neque
417 2691 521 2717 efficies
541 2690 701 2722 quicquam3
719 2688 796 2714 iners
814 2689 886 2714 enim
903 2689 971 2714 Dea.

821 59 1221 97 INTERPRETATIO
1256 61 1382 98 10le
1415 62 1665 99 EURIPIDIS.

2083 67 2179 102 1006

1236 152 1310 184 Cre.
1337 148 1433 191 Im0‚
1460 151 1557 197 quod
1575 151 1693 197 inquit
1709 151 1784 196 ipsa
1798 177 1807 191 ,
1831 152 1866 185 id
1882 164 1984 197 passa
2003 159 2065 186 est.

1234 203 1306 236 Ion.
1341 202 1438 248 Quid
1463 209 1585 247 postea
1614 203 1715 244 fecit,
1742 204 1770 237 si
1792 202 1936 248 quidem
1953 203 2031 237 Deo
2057 203 2175 237 iuncta

1594 254 1686 288 fuit?

1233 305 1307 336 Cre.
1333 303 1484 345 Filium,
1509 319 1614 351 quem
1634 305 1794 351 peperit,
1818 305 1980 350 exposuit
1996 306 2102 339 foras.

1178 352 1254 386 345
1279 356 1351 387 Ion.
1379 355 1444 389 Hic
1466 358 1645 400 expositus
1664 358 1726 391 ubi
1742 364 1790 391 est
1804 357 1819 391 ⁴?
1844 356 2002 390 vivitne?

1231 406 1304 439 Cre.
1329 406 1444 440 Nemo
1462 408 1544 448 scit,
1563 415 1597 441 et
1613 407 1681 441 hoc
1700 410 1815 453 ipsum
1836 409 1940 442 venio
1959 408 2171 443 sciscitatum

1593 460 1790 493 oraculum.

1230 509 1301 541 Ion.
1324 507 1359 540 Si
1378 521 1452 541 non
1471 511 1623 554 amplius
1641 517 1818 556 superest,
1840 512 2023 556 quomodo
2041 510 2171 555 periit?

1230 560 1302 591 Cre.
1329 559 1439 593 Putat
1453 561 1583 596 bestias
1599 563 1814 596 interfecisse
1832 563 1933 596 illum
1950 562 2132 597 miserum.

1228 611 1299 642 Ion.
1330 611 1411 654 Quo
1430 612 1562 646 indicio
1582 621 1684 648 utens
1701 614 1899 659 cognovisti
1914 612 2008 648 hoc?

1176 658 1250 693 350
1281 663 1355 695 Cre.
1383 662 1471 695 Cum
1489 666 1658 706 venisset,
1678 667 1736 699 ubi
1755 679 1833 699 eum
1853 672 2077 711 exposuerat,
2094 677 2167 698 non

1587 717 1725 750 invenit
1741 718 1882 752 iterum.

1225 766 1297 797 1‘0112.
1322 763 1481 799 Erantne
1499 766 1641 812 aliquae
1659 768 1772 800 stillae
1792 769 1974 813 sanguinis
1992 768 2029 800 in
2046 768 2127 800 via?

1227 818 1300 849 Cre.
1324 816 1438 861 Negat
1455 818 1647 864 quicquam
1666 819 1795 852 vidisse
1807 846 1816 859 ,
1841 820 2005 864 quamvis
2021 819 2168 863 diligen-

1592 877 1646 903 ter
1665 870 1905 904 consideravit
1921 871 2048 904 solum.

1227 921 1298 951 Ion.
1326 919 1432 963 Quod
1450 926 1589 965 tempus
1606 928 1655 955 est
1673 923 1859 955 interfecto
1878 921 2015 967 puero?

1228 972 1300 1003 Cre.
1330 970 1487 1004 Haberet
1505 974 1654 1006 eandem
1675 986 1880 1007 mensuram
1900 974 2025 1007 aetatis
2040 979 2168 1011 tecum,

1592 1025 1618 1058 si
1638 1026 1784 1059 viveret.

1176 1072 1250 1105 355
1273 1075 1345 1106 lon.
1371 1072 1506 1108 Iniuria
1526 1077 1632 1110 afficit
1649 1089 1725 1110 eim
1744 1078 1859 1116 Deus;
1883 1083 1999 1110 mater
2016 1087 2100 1108 vero
2121 1082 2169 1107 est

1594 1128 1736 1163 misera.

1345 1177 1539 1223 'Nunquam
1570 1180 1605 1211 in
1631 1188 1812 1224 posterum
1839 1180 1959 1224 gignet
1983 1178 2089 1211 aliam
2115 1191 2170 1211 so-

1589 1232 1719 1265 bolem.

1226 1280 1297 1311 lon.
1323 1279 1417 1323 Quid
1431 1307 1439 1317 ,
1463 1281 1490 1314 si
1507 1279 1673 1317 Phoebus
1692 1296 1771 1316 euni
1793 1283 1882 1315 clam
1903 1281 1990 1314 alit?

1230 1332 1302 1363 Cre.
1335 1331 1534 1371 „Gaudens
1553 1335 1596 1367 de
1611 1347 1648 1368 re
1674 1334 1859 1368 communi
1876 1334 1971 1368 solus
1989 1345 2064 1366 non
2086 1332 2170 1365 facit

1592 1386 1682 1420 iuste
1693 1387 1752 1433 ⁴⁸).

1226 1434 1298 1464 Ion.
1329 1432 1405 1467 Heu
1425 1448 1620 1481 congruam
1639 1440 1822 1472 fortunam
1840 1448 1941 1470 meae
1962 1434 2169 1469 calamitati.

1176 1482 1250 1515 360
1286 1486 1359 1517 Cre.
1393 1485 1440 1518 Et
1459 1493 1510 1527 te,
1539 1501 1558 1520 o
1579 1487 1728 1534 hospes,
1755 1489 1917 1523 existimo
1935 1494 2087 1520 matrem
2106 1485 2171 1519 mi-

1589 1553 1705 1574 seram
1726 1541 1939 1575 desiderare.

1229 1588 1299 1619 lon.
1323 1586 1376 1621 Ne
1392 1602 1448 1622 me
1477 1592 1583 1625 ducas
1601 1594 1644 1625 ad
1671 1593 1853 1633 dolorem,
1879 1590 1976 1625 cuius
1995 1588 2096 1623 obliti
2115 1600 2170 1621 su-

1593 1657 1682 1678 mus.

1229 1179 1302 1209 (five.

1211 1754 1257 1784 48)
1280 1754 1341 1778 Cre.
1363 1755 1503 1783 Quaedam
1516 1771 1550 1775 —
1564 1757 1646 1782 iuste.
1668 1759 1721 1790 (vs.
1736 1756 1927 1790 338—358.)]
1948 1757 1986 1781 sic
2006 1756 2056 1780 Ed.
2079 1754 2169 1779 ¹562:

1245 1789 1294 1812 Ed,
1316 1789 1407 1813 1558.:

1280 1825 1343 1848 Cre.
1378 1824 1445 1848 Cum
1472 1825 1579 1850 Phoebo
1605 1834 1636 1850 se
1662 1829 1772 1852 mixtam
1803 1835 1867 1852 esse
1894 1827 1959 1850 dicit
1984 1824 2115 1856 quaedam
2139 1830 2171 1847 ex

1591 1863 1687 1886 amicis
1707 1864 1783 1888 meis,

1280 1894 1340 1917 lun.
1361 1893 1427 1917 Cum
1447 1895 1570 1926 Phoebo,
1591 1898 1692 1921 mulier
1710 1894 1857 1922 existens?
1882 1903 1916 1920 ne
1936 1894 2059 1925 dixeris,
2084 1899 2099 1917 o
2119 1894 2168 1916 110-

1593 1933 1675 1961 spita.

1280 1963 1343 1987 Fre.
1363 1964 1398 1987 Et
1418 1971 1529 1994 puerum
1549 1968 1626 1990 certe
1646 1967 1752 1997 peperit
1771 1968 1828 1991 Deo
1845 1967 1916 1991 clam
1935 1964 2009 1989 olim.

1281 1999 1294 2021 i
1308 2005 1342 2021 ιιι,
1365 1999 1451 2027 „hon
1472 2003 1529 2027 est..
1550 2002 1682 2025 hnmanae
1702 2002 1853 2026 iniustitiae
1872 2000 1996 2031 puderet.

1281 2033 1344 2056 Cre.
1365 2034 1422 2057 Hoc
1441 2033 1528 2064 inquit
1547 2035 1624 2068 ipsa,
1644 2039 1671 2060 et
1688 2042 1773 2067 passa
1792 2038 1836 2061 est
1853 2036 1965 2059 misera.

1280 2068 1343 2091 sz.
1364 2069 1449 2097 Quam
1464 2075 1522 2093 rem
1540 2070 1623 2098 fecit,
1642 2073 1750 2101 quando
1762 2072 1869 2102 quidem
1883 2071 1942 2094 Deo
1961 2067 2088 2097 copulata
2103 2062 2168 2090 est?

1281 2102 1344 2127 Cre.
1363 2103 1441 2125 Hunc
1461 2110 1590 2132 puerum.
1611 2112 1689 2133 quem
1709 2107 1831 2135 peperit,
1851 2103 1980 2132 exposuit
1997 2102 2086 2126 foras.

1278 2136 1341 2160 Ion.
1361 2137 1412 2160 Hic
1431 2144 1498 2161 vero
1519 2139 1662 2167 expositus
1683 2146 1750 2169 puer
1769 2140 1812 2163 ubi
1832 2135 1897 2162 est?
1915 2132 2042 2160 vivitne?

1282 2170 1346 2195 Cre.
1366 2170 1425 2195 Non
1446 2172 1523 2196 novit
1543 2174 1702 2204 quisquam,
1723 2175 1750 2197 et
1768 2175 1835 2197 hacc
1853 2171 1980 2196 consulo.

1280 2205 1342 2229 1οη.
1366 2206 1395 2229 Si
1414 2212 1469 2230 non
1489 2207 1605 2236 amplius
1623 2209 1684 2237 est,
1707 2209 1838 2238 quomodo
1861 2203 1963 2237 periit?

1279 2240 1344 2265 Cre.
1364 2240 1473 2265 Bestias
1492 2241 1581 2271 ipsum
1601 2241 1735 2266 infelicem
1757 2244 1851 2273 sperat
1870 2241 2011 2265 occidisse.

1278 2274 1340 2298 Ion.
1360 2274 1419 2303 Quo
1441 2282 1509 2299 vero
1528 2276 1685 2307 cognovisti
1704 2283 1755 2301 usa
1773 2273 1898 2301 indicio?

1279 2309 1342 2334 Cre.
1375 2309 1441 2334 Cum
1472 2310 1611 2339 venisset,
1642 2311 1686 2334 uhi
1711 2318 1770 2335 eum
1805 2311 1946 2341 exposuit.
1978 2317 2032 2334 non
2061 2309 2166 2334 invenit

1590 2346 1717 2375 amplius.

1279 2379 1342 2403 Ion.
1364 2380 1433 2403 Erat
1446 2385 1513 2402 vero
1532 2381 1658 2409 aspersio
1677 2380 1703 2404 in
1717 2380 1837 2410 vestigio
1852 2379 1984 2409 quaedam
2003 2376 2165 2403 sanguinis?—

1279 2413 1343 2439 Cre.
1362 2414 1422 2437 Non
1442 2414 1496 2440 ait,
1516 2415 1640 2444 quamvis
1661 2416 1804 2444 plurimum
1824 2416 1974 2443 peragrata
1993 2414 2079 2436 sotum

1277 2448 1339 2471 Ιοη.
1359 2448 1475 2477 Tempus
1494 2455 1563 2472 vero
1582 2450 1652 2479 quod
1670 2450 1732 2473 huic
1750 2453 1835 2477 puero
1854 2444 1985 2477 perdito?

1277 2481 1340 2506 Cre.
1367 2483 1465 2506 Tecum
1485 2483 1600 2507 eandem
1625 2483 1795 2511 pubertatis,
1821 2482 1846 2505 si
1869 2483 1974 2513 quidem
1994 2485 2083 2506 esset.
2112 2483 2161 2504 ha-

1588 2517 1666 2539 beret
1684 2517 1829 2540 staturam.

1278 2551 1338 2575 lon.
1357 2551 1477 2574 Iniurius
1496 2551 1522 2573 in
1542 2556 1602 2574 eum
1623 2551 1714 2579 Deus,
1733 2552 1822 2575 mater
1841 2557 1908 2575 vero
1927 2551 2036 2575 misera.

1275 2585 1339 2611 Cre.
1375 2585 1518 2614 Nunquam
1551 2585 1671 2614 amplius
1702 2585 1731 2609 in
1762 2587 1906 2616 posterum
1938 2586 2010 2616 parit
2041 2585 2162 2608 sobolem

1585 2619 1678 2644 aliam.

1274 2654 1338 2678 Ion.
1356 2653 1462 2683 Ecquid
1482 2653 1506 2676 si
1525 2653 1595 2677 clam
1612 2654 1703 2684 ipsum
1721 2654 1846 2679 Phoebus
1865 2654 1952 2677 nutrit
1970 2649 2133 2683 accipiens?

1278 2688 1341 2714 Cre.
1359 2688 1389 2712 In
1408 2688 1544 2712 communi
1561 2694 1593 2712 re
1611 2688 1753 2720 gaudeus,
1775 2694 1829 2713 non
1846 2688 1920 2713 iuste
1937 2688 2005 2713 facit
2024 2688 2110 2712 solus.
