2373 2980
30 2571 39 2630 J

140 74 214 111 453

190 161 240 194 Ut
263 157 352 192 mihi
377 158 512 190 venerit
535 155 771 196 desiderium,
787 162 902 189 terrae
923 161 958 188 et
975 155 1074 188 coelo

188 212 315 245 Dicere
337 207 555 242 calamitates
579 206 727 241 Medeae
754 207 948 252 egredienti
974 204 1054 240 huc.

190 263 292 298 Paed.
316 261 486 295 Nondum
513 271 597 303 ergo
622 265 732 293 cessat
756 270 776 292 a
798 259 897 292 luctu
920 256 1074 291 misera?

139 315 186 349 60
211 317 311 348 Nutr.
338 311 464 345 Laudo
483 317 536 349 te;
560 310 694 343 malum
711 307 919 343 inchoatum
939 316 1008 349 est,
1035 319 1124 341 non-

548 363 632 395 dum
662 368 712 395 est
735 362 771 394 in
797 362 928 394 medio.

190 416 292 448 Paesl.
309 414 341 447 Ο
359 414 516 453 stultam,
534 413 562 446 si
580 412 659 445 licet
676 410 744 445 hoc
760 413 876 446 dicere
895 413 937 445 de
955 410 1123 451 dominis,

188 466 237 499 Ut
263 463 354 498 nihil
377 465 479 498 novit
504 465 546 497 de
571 463 828 498 recentioribus
855 463 970 496 malis.

184 521 289 552 Ναΐν.
315 516 412 561 Quid
436 521 505 555 est,
532 527 552 547 o
578 514 710 548 senex?
733 527 777 547 ne
803 514 960 559 graveris
983 512 1110 546 dicere.

185 570 286 602 Paed.
319 565 435 606 Nihil;
459 565 618 611 poenitet
643 578 699 599 me
725 567 848 610 priora
873 566 1011 600 dixisse.

134 617 182 652 65
206 622 308 653 Ναίν.
335 618 387 652 Ne
404 618 492 652 celes
512 623 609 650 tuam
627 629 836 650 conservam
848 645 857 658 ,
873 630 938 662 per
954 615 1121 651 barbanu

183 670 276 703 Nam
301 670 457 703 reticebo
482 682 543 708 ea,
569 668 598 701 si
625 680 713 712 opus
737 669 813 702 erit.

184 723 286 754 Paed.
338 721 469 755 Audivi
508 719 703 760 dicentem,
749 732 829 753 cum
868 732 942 753 non
981 718 1121 752 viderer

533 771 669 811 audire,

182 823 362 855 Accedens
387 822 431 854 ad
455 822 592 863 locum,
623 821 686 855 ubi
712 822 849 855 luditur
873 821 1030 860 tesseris,
1060 819 1119 853 ubi

541 879 629 906 natu
655 875 807 917 grandes

181 925 333 965 Sedent,
358 924 403 957 ad
426 935 562 957 sacram
589 936 718 970 aquam
746 925 906 964 Pirenes,

131 983 180 1015 70
205 977 313 1021 Quod
339 975 470 1009 liberos
494 973 560 1009 hos
584 988 601 1008 e
625 982 718 1008 terra
745 973 931 1010 Corimhia
958 974 1083 1006 eiicere

181 1028 276 1060 Velit
300 1040 380 1061 cum
405 1032 518 1059 matre
542 1027 709 1060 dominus
734 1025 838 1061 huius
863 1033 991 1065 terrae,

182 1079 311 1112 Creon.
366 1078 431 1111 Hic
453 1089 571 1111 sermo
599 1090 644 1111 an
670 1091 774 1112 verus
797 1078 853 1118 sit,

179 1130 286 1163 Haud
312 1129 402 1168 scio;
427 1129 591 1174 equidem
617 1130 743 1162 vellem
768 1127 836 1162 hoc
858 1140 932 1161 non
961 1128 1009 1162 sic
1035 1140 1118 1161 esse.

181 1185 284 1217 Ναΐν.
307 1180 353 1214 Et
373 1181 529 1225 patietur
552 1179 655 1214 Iason
680 1179 766 1213 baec
792 1180 911 1213 liberis

131 1229 178 1264 75
204 1232 393 1271 Accidere,
420 1232 526 1264 etiam
555 1231 583 1263 si
608 1232 754 1264 dissidet
780 1243 800 1263 a
827 1230 965 1263 matre?

181 1286 283 1317 Paed.
307 1282 417 1315 Vetus
441 1282 593 1315 affinitas
620 1282 774 1315 vincitur
799 1294 815 1313 a
842 1281 958 1320 novis,

182 1334 230 1369 Et
250 1334 309 1367 ille
331 1345 406 1366 non
431 1339 482 1366 est
500 1333 635 1366 amicus
659 1331 713 1366 his
739 1332 896 1366 aedibus.

180 1388 284 1420 IVutr.
309 1385 437 1418 Actum
453 1391 504 1417 est
528 1383 637 1427 igitur
663 1384 867 1423 nobiscum,
896 1383 925 1417 si
947 1383 1120 1423 addamus

542 1435 678 1468 malum

656 67 775 104 LVIII.
816 66 1215 103 INTERPRETATIO
1242 67 1443 103 MEDEAE
1468 67 1719 106 EURIPIDIS.

2097 83 2171 121 454

1181 154 1229 188 95
1258 155 1405 188 Utinam
1429 154 1600 197 inimicis,
1624 168 1699 190 non
1724 158 1846 193 amicis
1872 162 2008 208 aliquid
2032 166 2153 203 faciat}

1231 208 1324 240 Bled.
1350 205 1474 240 Infelix
1499 219 1562 251 ego
1588 214 1622 241 et
1647 221 1873 253 aerumnosa,

1230 256 1309 290 Heu
1332 270 1410 297 me,
1432 271 1508 298 me,
1534 261 1718 303 quomodo
1743 264 1912 306 peream?

1229 311 1334 342 Ναΐν.
1363 309 1440 341 Hoc
1463 309 1550 342 illud
1576 317 1647 351 cst,
1673 309 1773 345 chari
1795 315 1916 357 liberi,
1942 325 2057 353 mater

1230 359 1353 391 Movet
1380 371 1459 398 cor,
1484 367 1601 393 movet
1628 362 1747 397 bilem.

1182 409 1252 442 100
1276 410 1454 442 Festinato
1479 411 1638 443 celeriter
1662 413 1755 446 intra
1781 417 1894 457 aedes,

1228 461 1352 506 Neque
1378 461 1528 495 veniatis
1552 461 1588 494 in
1613 471 1854 507 conspectum,

1227 511 1352 557 Neque
1377 512 1572 552 accedatis,
1597 514 1658 546 sed
1684 522 1805 549 cavete

1226 563 1380 597 Saevum
1404 564 1599 607 impetum,
1626 571 1660 597 et
1685 563 1895 602 horribilem
1920 578 2086 607 naturam

1224 614 1348 648 Animi
1372 615 1602 649 contumacis.

1178 665 1249 700 105
1275 665 1325 699 Ite
1350 666 1440 705 iam,
1463 667 1645 711 procedite
1672 679 1779 712 quam
1810 669 1992 706 celerrime
2020 675 2127 715 ἰιιιῑοἼ

1227 718 1372 751 Certum
1402 724 1451 751 est
1477 730 1517 751 ex
1542 717 1610 751 hoc
1634 718 1759 759 initio,
1790 720 1961 757 elevatam

1226 770 1366 803 Nubem
1391 769 1505 803 luctus
1528 782 1635 815 quam
1661 770 1822 804 celeriter
1845 773 2011 809 excitabit

1226 820 1358 854 Maiori
1385 821 1525 854 animo:
1551 821 1637 866 quid
1663 823 1806 855 tandem
1834 824 1938 858 faciet

1226 873 1377 916 Magnus
1401 879 1435 905 et
1457 872 1693 917 implacabilis

1177 924 1248 957 110
1270 923 1441 964 Animus,
1462 924 1566 957 malis
1590 924 1767 968 punctus?

1225 977 1318 1009 Med.
1356 974 1432 1008 Heu
1457 973 1546 1015 heu,
1577 975 1697 1019 patior
1722 976 1872 1017 misera,
1904 980 2041 1022 patior,
2075 995 2164 1028 quac

1585 1038 1717 1069 magno

1222 1076 1338 1109 Luctu
1363 1077 1467 1120 digna
1494 1082 1593 1115 sunt,
1619 1090 1639 1108 o
1667 1077 1845 1110 maledicti

1224 1128 1352 1166 Pueri,
1376 1127 1530 1171 pereatis
1557 1127 1689 1160 invisae
1714 1128 1898 1175 matrissa)

1225 1178 1314 1212 Cum
1342 1185 1463 1222 patre,
1489 1185 1522 1210 et
1549 1184 1621 1210 tota
1648 1179 1776 1212 domus
1801 1188 1956 1215 corruat.

1177 1228 1247 1264 115
1270 1234 1373 1265 Ναίν.
1398 1229 1477 1262 Heu
1502 1241 1557 1261 me
1576 1242 1652 1269 me,
1672 1227 1755 1262 heu*
1769 1243 1824 1264 me
1852 1232 2036 1267 miseram!

1225 1281 1321 1325 Quid
1346 1280 1410 1313 tibi
1434 1280 1535 1324 pueri
1557 1293 1637 1313 cum
1664 1287 1782 1313 errato
1807 1283 1917 1326 patris
2082 1272 2086 1277 ζ

1225 1331 1472 1376 Participant?
1498 1344 1559 1364 cur
1583 1330 1649 1364 hos
1672 1332 1801 1365 odisti?
1825 1332 1870 1366 ah

1225 1383 1365 1423 Liberi,
1389 1395 1496 1428 quam
1520 1390 1660 1423 metuo,
1683 1395 1727 1416 ne
1752 1384 1838 1428 quid
1863 1386 1963 1420 vobis
1989 1389 2135 1424 accidat).

1225 1433 1461 1468 Vehementes
1484 1441 1567 1468 sunt
1592 1446 1714 1477 regum
1741 1435 1915 1478 impetus,
1944 1444 1976 1470 et

180 1487 324 1521 Novum
346 1486 475 1527 veteri,
499 1486 709 1531 priusquam
732 1486 820 1519 illud
838 1483 1046 1518 exhaustum
1064 1485 1120 1518 sit.
1153 1491 1154 1495 ’
1177 1487 1248 1521 120
1282 1486 1336 1519 Ex
1361 1498 1473 1529 parvo
1503 1483 1712 1518 inchoantes
1737 1486 1848 1519 multa
1878 1489 2163 1532 complectuntur

130 1539 178 1572 80
204 1540 306 1572 Paed.
322 1536 370 1571 At
379 1545 417 1571 tu
427 1537 518 1582 (non
530 1537 625 1570 enim
636 1538 866 1571 commodum
874 1543 926 1570 est
934 1534 1022 1569 haec
1031 1537 1119 1570 scire

179 1589 392 1633 Dominam)
418 1589 557 1634 quiesce
583 1595 617 1621 et
640 1589 747 1622 retice
772 1587 837 1622 hos
861 1600 1054 1622 sermones.

179 1644 283 1675 Ναΐν.
305 1640 338 1674 O
354 1640 470 1680 liberi,
494 1640 633 1680 audite,
656 1640 771 1685 qualis
796 1640 833 1673 ln
857 1652 920 1673 vos
940 1639 984 1673 sit
1000 1646 1119 1684 pater;

180 1692 263 1725 Non
282 1704 421 1736 precor,
438 1698 478 1725 ut
494 1698 635 1735 pereat;
653 1698 705 1725 est
722 1692 816 1724 enim
826 1690 993 1725 dominus
1008 1703 1119 1731 meus,

179 1743 246 1776 Sed
271 1749 390 1776 tamen
415 1743 545 1788 impius
571 1743 606 1775 in
630 1743 762 1776 amicos
784 1742 977 1776 invenitur.

131 1792 179 1828 85
212 1796 314 1828 Paed.
342 1794 431 1839 Quis
452 1792 640 1828 hominum
665 1807 738 1827 non
761 1795 863 1827 novit
885 1791 965 1832 hoc,

181 1846 320 1889 „Quod
345 1858 468 1879 omnes
493 1858 528 1879 se
554 1846 666 1888 magis
688 1858 796 1889 quam
821 1845 909 1878 alios
931 1844 1121 1888 amantffl),

183 1922 204 1935 ‚,
215 1896 286 1928 Alii
311 1896 422 1935 iuste,
444 1895 505 1928 alii
531 1902 678 1940 propter
701 1896 932 1928 commodum
962 1894 1120 1940 aliquod,

182 1946 219 1979 Si
228 1946 289 1993 ¹4³)
312 1944 377 1981 hos
398 1946 503 1980 etiam
520 1953 668 1991 propter
691 1959 823 1980 novam
842 1945 1029 1990 coniugem
1048 1958 1122 1979 non

540 1998 655 2042 diligit
682 1998 810 2042 pater?

182 2052 286 2084 Ναΐν.
313 2046 362 2082 Ite
390 2049 483 2082 intra
506 2050 653 2083 domum
678 2049 802 2089 liberi,
828 2049 918 2083 bene
942 2048 1018 2081 erit.

133 2100 181 2133 90
206 2100 334 2145 Tuque
358 2106 437 2133 tene
461 2098 526 2134 hos
549 2101 654 2145 longe
682 2102 866 2141 abductos,

183 2151 307 2197 Neque
333 2152 488 2185 adducas
512 2153 557 2185 ad
584 2159 737 2184 matrem
762 2158 951 2185 moestam.

182 2203 275 2236 Nam
299 2202 371 2236 iam
395 2202 522 2249 vidi¹⁵)
548 2215 625 2237 eam
652 2202 804 2236 terribili
829 2203 1010 2246 adspectu,

185 2254 378 2300 Tanquam
414 2254 623 2288 molientem
661 2254 815 2300 aliquid*
834 2255 1002 2287 adversus
1040 2249 1124 2289 hos;

545 2318 661 2352 neque
687 2306 831 2340 desistet

185 2357 240 2389 Ab
263 2356 336 2396 ira,
367 2356 456 2390 bene
482 2357 576 2398 scio,
609 2358 819 2403 priusquam
848 2354 998 2390 fulmine
1021 2353 1126 2386 feriat

238 2400 253 2414 s
552 2408 720 2455 aliquem.

177 2522 364 2581 numni-Ildum
389 2524 472 2550 Editt.
500 2525 593 2559 1558,
613 2526 689 2553 1562.
714 2526 780 2551 nota
803 2531 907 2557 marg.:
935 2524 991 2550 Sibi
1014 2525 1128 2557 quisque

208 2565 223 2587 p
278 2565 284 2580 ι
332 2565 355 2582 s.

175 2597 240 2630 ¹4³)
260 2598 301 2630 Si]
320 2599 369 2625 Εᾱ-
389 2602 485 2626 Bam:
505 2603 583 2634 Quia
598 2605 705 2630 mirum
723 2604 833 2636 mitur,
853 2604 887 2628 si.

176 2641 223 2674 16)
238 2640 311 2681 fimi]
331 2642 378 2666 sic·
390 2643 436 2675 (=
449 2646 543 2676 Eur-im
563 2643 652 2680 εἶδον)
670 2649 754 2673 Editt.
777 2649 871 2681 1558„
891 2648 991 2680 natm,
1011 2649 1128 2679 Musgr„

212 2678 289 2706 Biz-3
308 2677 358 2702 Ed.
378 2678 451 2703 1562.
471 2680 554 2705 videt.

1589 1536 1707 1576 simul,

1223 1588 1422 1622 DIsficulter
1445 1593 1586 1621 mutant
1611 1588 1691 1621 iras.

1180 1638 1185 1642 ’
1226 1640 1350 1681 „Nam
1369 1641 1603 1673 assuefactum
1622 1652 1693 1673 esse
1710 1639 1754 1671 ad
1771 1638 1962 1674 vivendum
1980 1645 2164 1679 moderate

1226 1691 1386 1732 „Melius
1412 1689 1499 1724 mihi
1522 1691 1683 1730 videtur,
1711 1690 1739 1723 si
1763 1702 1837 1723 non
1862 1693 2061 1736 magnifice,

1225 1743 1397 1782 „Tamen
1422 1742 1595 1776 stabiliter
1620 1742 1668 1775 sic
1697 1753 1946 1777 consenescere
1957 1744 2013 1791 ¹⁶).

1177 1793 1247 1829 125
1281 1794 1424 1834 „Mun
1456 1800 1496 1827 ut
1523 1792 1591 1827 hoc
1624 1792 1781 1837 primum
1811 1794 1948 1836 dicam,
1979 1798 2162 1830 moderate

1588 1844 1786 1877 viventium

1228 1895 1400 1935 „Nomen
1424 1895 1553 1934 vincit,
1577 1901 1611 1927 et
1632 1896 1684 1927 uti
1708 1908 1770 1934 eo,
1792 1896 1897 1940 longe

1227 1945 1444 1990 „Optimum
1470 1952 1521 1979 est
1547 1943 1766 1980 hominibus.
1820 1947 1888 1980 Sed
1913 1949 2148 1983 immoderata

1226 1997 1363 2038 „Nullo
1396 2003 1557 2041 tempore
1582 1997 1702 2030 valent
1723 1995 1929 2033 hominibus
1953 2001 1997 2033 ad
2027 2002 2163 2035 diutur-

1584 2049 1731 2082 nitatem
1744 2063 1751 2087 ;

1228 2099 1400 2140 „Deinde
1416 2099 1571 2133 maiores
1581 2101 1810 2141 calamitates,
1829 2102 1973 2147 quando
1991 2103 2163 2137 irascatur

1180 2152 1252 2185 130
1279 2151 1428 2192 „Deus,
1453 2151 1607 2185 afferunt
1631 2152 1799 2186 familiae.

1230 2204 1326 2237 Char.
1350 2203 1484 2236 Audivi
1509 2216 1652 2243 vocem,
1676 2203 1798 2237 audivi
1824 2203 2015 2241 clamorem

1227 2252 1380 2288 Infelicis
1406 2252 1598 2295 Colchidis,

1228 2304 1352 2351 Neque
1368 2306 1498 2339 suavis.
1550 2306 1638 2345 Sed,
1655 2317 1675 2338 o
1693 2305 1811 2338 vetula

1231 2355 1369 2395 Dicito;
1391 2369 1476 2389 nam
1499 2357 1592 2389 intra
1619 2356 1771 2389 biforem

1182 2405 1253 2441 135
1282 2407 1441 2440 Domum
1467 2407 1660 2440 clamorem
1688 2406 1819 2440 audivi.

1229 2459 1353 2505 Neque
1379 2458 1554 2498 delector,
1580 2470 1600 2490 o
1624 2458 1766 2500 mulier,

1216 2576 1281 2604 15a)
1301 2573 1403 2604 Pueri,
1421 2572 1543 2603 pereatis
1564 2573 1671 2597 invisae
1689 2573 1784 2604 matri]
1804 2572 1845 2597 sic
1862 2571 1947 2598 Editt.
1969 2573 2060 2603 ¹55s.,
2077 2574 2168 2601 1562.;

1250 2610 1334 2633 Editt.
1343 2609 1445 2632 recent.
1458 2610 1505 2636 [z
1515 2609 1582 2631 text.
1592 2609 1664 2639 grQ:
1677 2608 1768 2631 Liberi
1782 2608 1909 2631 funestae
1917 2607 2022 2637 matris,
2038 2609 2167 2637 pereatis

1218 2644 1264 2671 16)
1289 2644 1321 2667 Η.
1340 2643 1357 2667 1.
1382 2642 1410 2666 in
1428 2642 1512 2666 Editt.
1534 2642 1626 2672 1558.‚
1655 2642 1728 2667 1562.
1751 2643 1816 2667 nota
1834 2648 1940 2673 marg.:
1972 2642 2171 2666 mediocritatis

1251 2679 1321 2703 laus.

1462 2711 1511 2749 29
1531 2709 1551 2728 ³*
