2373 2980
211 109 286 145 895

251 194 447 230 Collocavit
463 193 590 224 lectum
607 189 703 222 iuxta
723 188 813 232 ignis
831 189 1027 222 flammam.

251 248 432 281 Craterem
450 255 534 275 vero
553 240 713 284 implevit
731 240 870 273 circiter
897 240 1018 273 decem
1043 237 1192 284 ampho-

608 303 729 324 rarum
740 317 750 331 ,

250 350 338 383 Cum
356 357 478 379 vaccas
495 343 689 382 mulsisset‚
717 343 837 376 album
854 342 1045 376 infundens
1061 342 1134 382 lac,

248 400 293 433 Et
309 396 481 443 scyphum
501 408 541 428 ex
559 393 689 427 hedera
715 394 883 438 apposuit
906 393 943 426 in
967 393 1190 427 latitudinem

612 451 721 477 trium

198 501 271 536 590
298 499 494 537 Uluarum,
521 495 763 540 profunditate
781 501 936 540 quatuor
956 495 1161 532 videbatur;

247 552 291 584 Et
310 562 461 584 aeneum
477 548 628 581 lebetem
645 546 728 580 fecit
744 547 880 580 fervere
899 548 943 580 ad
961 547 1098 590 ignem,

250 603 297 635 Et
314 612 422 635 verua
437 611 576 633 summa
594 610 738 631 accensa
757 597 851 641 igni,

249 654 344 687 Rasa
361 663 436 685 non
451 651 557 690 falce,
584 650 644 683 sed
660 661 761 681 ramo
781 647 932 692 paliuri,

248 705 292 738 Et
310 704 347 737 in
364 703 477 736 Aetna
496 707 666 734 mactatas
689 700 840 744 pecudes
862 711 941 731 cum
967 698 1038 732 suis
1062 698 1193 732 instru-

611 751 739 784 mentis
759 762 824 794 pro
841 749 912 783 suis
931 749 1041 793 genis.

198 805 271 841 395
299 806 349 840 Ut
369 810 471 838 erant
490 809 614 848 parata
631 802 773 841 omnia,
799 800 911 844 impio

248 859 321 891 Dat
339 857 439 896 ioco,
467 855 562 887 viros
583 850 890 896 comprehendens
909 852 999 884 duos

248 907 428 941 lnterfecit
445 918 485 938 ex
503 905 606 939 sociis
621 904 709 937 meis
730 903 802 936 ictu
821 903 1000 947 quodam,

248 961 410 993 Alterum
428 957 465 989 in
482 955 603 988 lebetis
621 955 808 987 cavitatem
827 965 974 986 aeneam
987 977 997 992 ‚

246 1012 408 1045 Alterum
429 1019 514 1040 vero
533 1018 552 1039 a
568 1005 712 1038 tendine
730 1004 871 1048 rapiens
889 1001 1021 1037 summi
1036 1001 1155 1045 pedis,

197 1063 271 1097 400
298 1060 444 1094 Feriens
473 1057 544 1091 suis
576 1056 686 1089 acutis
720 1055 898 1099 unguibus
926 1055 972 1087 ad
1002 1065 1125 1087 saxum
1155 1052 1192 1084 in

608 1119 710 1151 rupe,

249 1163 444 1197 Cerebrum
460 1159 602 1198 effudit,
631 1165 665 1191 et
681 1157 823 1202 rapiens

247 1213 386 1258 Ingenti
402 1213 514 1245 cultro
534 1222 676 1243 carnem
689 1235 698 1249 ,
725 1209 866 1242 assabat
881 1207 919 1240 in
936 1206 1029 1251 igne.

217 1266 220 1268 ’
250 1266 382 1299 Carnes
400 1264 437 1295 in
452 1263 602 1295 lebetem
621 1259 769 1293 immisit
787 1258 929 1292 elixati:

248 1317 323 1361 Ego
341 1315 449 1348 miser
465 1311 667 1357 lachrymas
687 1311 731 1343 ab
749 1310 860 1344 oculis
879 1311 1051 1349 fundens,

198 1366 272 1403 405
300 1366 521 1401 Accedebam
540 1366 585 1396 ad
603 1363 795 1408 Cyclopem
813 1368 848 1394 et
865 1362 1077 1395 serviebam.

245 1419 318 1453 Alii
333 1429 418 1451 vero
434 1423 473 1449 ut
492 1427 574 1449 aves
590 1415 627 1447 in
646 1413 783 1457 angulis
800 1419 922 1457 petrae

247 1467 497 1503 Perterrefacti
514 1478 548 1501 se
567 1466 752 1502 tenebant;
787 1476 862 1497 non
888 1470 964 1497 erat
989 1463 1132 1507 sanguis
1156 1462 1193 1495 in

613 1527 776 1560 corpore.

248 1571 299 1605 Ut
316 1576 432 1604 autem
451 1568 629 1602 sociorum
648 1578 811 1600 meorum
829 1572 1007 1600 saturatus
1024 1572 1075 1599 est
1097 1565 1194 1605 cibo,

248 1621 425 1656 Recubuit
441 1632 482 1653 ex
498 1619 657 1652 faucibus
677 1630 794 1651 aerem
813 1617 978 1651 emittens
995 1628 1155 1661 gravem.

199 1675 273 1710 410
299 1672 407 1706 Venit
423 1669 512 1705 mihi
530 1671 567 1703 in
583 1675 740 1703 mentem
765 1669 937 1714 quiddam
961 1668 1092 1701 divini:
1128 1668 1194 1701 im-

614 1721 714 1765 plens
730 1720 898 1764 poculum

249 1775 410 1809 Maronis
421 1800 430 1813 ‚
455 1773 522 1817 ipsi
539 1772 689 1805 afferens
701 1798 710 1811 ,
737 1777 776 1804 ut
790 1771 908 1810 bibat,

249 1828 379 1860 Dicens
392 1823 493 1858 haec:
528 1823 561 1856 O
575 1823 624 1856 fili
643 1822 774 1855 marini
790 1821 878 1861 Dei,
907 1821 1058 1865 Cyclops
1071 1847 1080 1860 ,

250 1879 340 1910 Vide
359 1875 447 1915 hoc,
476 1875 658 1920 quomodo
681 1873 831 1906 Graecia
850 1886 890 1906 ex
911 1873 1042 1905 vitibus

249 1929 421 1962 Divinum
441 1932 561 1970 portat
580 1931 704 1968 potum
717 1951 726 1964 ,
753 1922 883 1957 Bacchi
903 1924 1059 1957 delicias.

201 1978 274 2014 415
302 1979 364 2012 Ille
380 1978 505 2022 plenus
521 1982 632 2009 tetrae
650 1975 848 2008 vorationis

251 2029 414 2074 Accepit,
439 2027 587 2061 revulsit
602 2027 677 2060 sine
695 2026 931 2070 respiratione
951 2022 1095 2057 trahens
1109 2050 1118 2063 ,

250 2082 293 2115 Et
324 2081 484 2114 laudavit
517 2079 646 2111 tollens
676 2089 841 2110 manum:
884 2076 917 2109 O
942 2074 1193 2109 iucundissime

611 2126 738 2172 hospes
749 2155 758 2168 ,

248 2183 441 2217 Iucundum
453 2181 620 2225 poculum
631 2180 676 2212 ad
687 2178 890 2212 convivium
902 2178 1036 2211 bonum
1049 2177 1110 2224 qui
1120 2179 1193 2212 das.

250 2234 393 2267 Laetari
410 2233 525 2277 ipsum
543 2238 583 2264 ut
599 2231 692 2265 sensi
709 2243 772 2275 ego
783 2257 792 2270 ,

201 2286 274 2321 420
300 2285 420 2318 Alium
437 2283 519 2317 dedi
537 2282 679 2315 calicem
693 2308 702 2322 ‚
729 2282 860 2321 sciens,
893 2281 990 2325 quod

251 2336 430 2370 Sauciabit
453 2347 533 2368 eum
559 2334 703 2373 vinum,
738 2339 772 2366 et
794 2334 941 2366 daturus
962 2337 1013 2365 est
1039 2342 1192 2375 poenam

613 2384 696 2418 cito.

251 2438 297 2472 Et
320 2437 463 2483 quidem
492 2437 534 2469 ad
562 2436 696 2469 cantica
720 2435 890 2472 saltabat3
934 2445 998 2477 ego
1025 2444 1110 2466 vero
1141 2431 1193 2464 in-

615 2487 767 2520 fundens

250 2539 372 2574 Alium
388 2550 494 2583 super
513 2538 641 2578 alium,
675 2538 807 2572 viscera
828 2535 1072 2569 calefacieham
1093 2540 1192 2579 potu.

253 2591 384 2624 Cantat
401 2590 496 2635 apud
515 2589 636 2622 flentes
653 2589 766 2623 socios
784 2599 881 2621 meos

203 2640 276 2677 425
303 2642 492 2675 Horrenda
507 2667 516 2680 ,
544 2647 688 2674 resonat
705 2646 861 2673 antrum.
916 2636 1112 2681 Egrediens
1128 2649 1192 2681 ego

252 2693 375 2726 Tacite
395 2700 428 2725 te
445 2703 586 2726 servare
603 2698 637 2724 et
653 2703 729 2731 me,
755 2691 784 2724 si
801 2691 915 2730 voles,
944 2688 1039 2722 volo.

2161 105 2236 141 896

1246 343 1318 377 430
1345 343 1417 387 Qui
1435 341 1529 375 enim
1545 342 1640 376 intus
1657 348 1708 375 est
1725 348 1805 375 tuus
1822 348 1942 386 pater,
1969 340 2057 376 haec
2076 343 2225 387 probat,

1218 392 1220 444 j
1296 395 1363 427 Sed
1382 393 1565 427 imbecillis
1585 400 1654 430 est;
1684 399 1719 426 et
1742 399 1932 438 postquam
1955 393 2026 428 frui
2051 394 2134 428 licet
2155 406 2237 429 eum

1218 456 1220 489 j
1652 450 1760 489 potu,

1217 490 1220 519 i
1298 495 1488 540 Tanquam
1508 496 1553 528 ad
1571 495 1705 529 viscum
1727 494 1834 528 calice
1852 501 1994 540 captus,

1218 573 1220 579 Α
1297 546 1462 579 Demittit
1477 546 1561 581 alas.
1614 546 1672 580 Tu
1688 558 1773 580 vero
1791 546 1930 581 iuvenis
1946 558 2002 587 es,

2340 2378 2347 2411 r}

2340 2413 2347 2439 Ἡ

2339 2467 2347 2495 ii

792 103 912 138 l‘lllL.
941 103 1052 137 MEL.
1081 102 1282 137 SCRIPTA
1309 102 1645 138 PHILOLOGICA.

1292 189 1360 224 Sed
1377 189 1500 229 dicite,
1530 201 1576 221 an
1593 188 1728 229 velitis,
1758 198 1804 221 an
1821 189 1944 223 nolitis

1292 241 1429 285 Fugere
1444 238 1697 284 inhospitalem
1716 239 1852 280 virum,
1879 247 1915 274 et
1928 238 2062 274 Bacchi

1292 292 1462 325 Habitare
1482 291 1620 331 aulam,
1647 303 1727 325 cum
1748 290 1892 324 Graecis
1909 292 2047 336 puellis.

1295 597 1454 631 Serveris
1472 609 1491 630 a
1507 610 1582 637 me,
1610 603 1645 630 et
1664 603 1819 631 veterem
1836 598 1990 631 amicum

1247 648 1320 684 435
1347 646 1528 682 Bacchum
1547 648 1664 692 recipe
1681 648 1829 694 Cyclopi
1846 649 2009 683 similem.

1297 702 1395 735 Ghor.
1410 700 1442 733 O
1454 697 1672 740 charissime,
1691 700 1829 733 utinam
1839 697 1931 733 hanc
1941 700 2124 735 videamus
2133 699 2240 740 diem,

1298 751 1462 796 Cyclopis
1481 751 1687 795 effugientes
1705 757 1811 795 caput
1827 750 1978 796 impium
1989 778 1999 792 ‚

1298 803 1391 847 Quia
1410 815 1452 836 ex
1466 803 1574 846 longo
1590 809 1752 846 tempore
1770 802 1886 835 fistula
1906 800 2013 835 chara

1296 854 1507 894 privamur,
1536 860 1569 886 et
1586 853 1693 887 istum
1710 865 1784 886 non
1801 865 1989 898 possumus
2005 853 2172 897 effugere.

1247 904 1321 939 440
1352 906 1463 948 Ulyss.
1489 905 1585 938 Audi
1609 904 1717 949 igitur
1740 916 1856 945 nunc,
1898 916 2006 950 quam
2029 903 2180 938 habeam
2192 903 2240 947 23)

1654 967 1818 1003 poenami

1297 1007 1444 1040 Belluae
1461 1007 1610 1047 atrocis,
1638 1013 1673 1040 et
1688 1013 1769 1040 tuae
1787 1006 1966 1040 servitutis
1982 1006 2165 1051 effugium.

1299 1060 1397 1092 Char.
1431 1057 1516 1098 Dic,
1556 1059 1639 1103 quia
1662 1057 1837 1091 Asiaticae
1866 1070 1941 1091 non
1963 1057 2130 1093 libentius
2155 1064 2243 1093 stre-

1662 1108 1777 1152 pitum

1299 1158 1465 1193 Citharae
1481 1159 1647 1199 audiero,
1675 1170 1782 1204 quam
1800 1159 1991 1204 Cyclopem
2009 1160 2167 1204 periisse.

1302 1213 1412 1255 Ulyss.
1440 1210 1495 1243 Ad
1515 1210 1720 1244 convivium
1736 1210 1789 1243 ire
1808 1210 1885 1243 vult
1903 1212 1947 1244 ad
1964 1212 2090 1245 fratres

1249 1261 1322 1296 445
1353 1262 1542 1307 Cyclopes,
1572 1260 1788 1295 exhilaratus
1807 1261 1905 1295 vino.

1301 1315 1398 1348 Ultor.
1437 1312 1601 1357 Intelligo
1613 1339 1623 1354 ,
1662 1313 1778 1346 solum
1813 1310 2084 1357 deprehendens
2115 1312 2243 1347 ictibus

1658 1364 1775 1407 ipsum

1298 1415 1500 1449 lutei-ficere
1518 1415 1670 1459 cogitas,
1697 1420 1759 1447 aut
1777 1415 1819 1447 de
1837 1415 1928 1448 saxis
1942 1414 2206 1458 praecipitare?

1303 1469 1412 1510 Ulyss.
1440 1464 1539 1500 Nihil
1556 1466 1644 1503 tale;
1671 1465 1815 1498 dolosus
1833 1471 1884 1498 est
1902 1471 2052 1499 conatus
2069 1472 2203 1499 noster.

1300 1519 1396 1553 Ghor.
1423 1516 1643 1562 Quomodo?
1670 1515 1867 1560 sapientem
1889 1522 1922 1549 te
1946 1516 2148 1550 audivimus
2169 1515 2243 1549 iam

1656 1566 1754 1600 olim.

1248 1618 1324 1654 450
1357 1621 1468 1664 Uszs.
1494 1619 1550 1652 Ab
1566 1616 1634 1652 hoc
1659 1616 1825 1650 convivio
1850 1616 1967 1662 ipsum
1992 1623 2032 1651 ut
2055 1617 2243 1658 abstineat,

1669 1669 1824 1701 monebo
1837 1695 1846 1708 ‚

1300 1722 1406 1766 Quod
1435 1733 1509 1755 non
1545 1720 1758 1766 Cyclopibus
1794 1726 1920 1764 potum
1956 1726 2121 1765 oporteat
2156 1721 2242 1755 dare

1657 1770 1772 1811 hunc,

1300 1824 1367 1857 Sed
1387 1824 1500 1857 solnm
1518 1822 1667 1864 habere,
1696 1830 1729 1856 et
1747 1822 1857 1854 vitam
1873 1823 2029 1856 suaviter
2045 1834 2166 1866 agere;

1300 1876 1455 1920 Quando
1475 1883 1592 1908 autem
1612 1874 1800 1908 dormierit
1819 1886 1838 1906 a
1855 1874 1938 1907 vino
1959 1880 2164 1918 superatus,

1298 1927 1436 1960 Ramus
1454 1927 1552 1960 oleae
1571 1933 1623 1960 est
1641 1926 1677 1959 in
1696 1926 1862 1965 aedibus,

1249 1976 1324 2012 455
1349 1978 1464 2022 Quem
1483 1990 1565 2012 ense
1581 1976 1650 2010 hoc
1666 1989 1795 2010 acuens
1813 1982 2011 2009 extremum

1297 2029 1337 2062 ln
1355 2030 1472 2073 ignem
1490 2041 1644 2073 ponam,
1672 2035 1706 2061 et
1723 2028 1869 2067 deinde,
1897 2027 2041 2071 quando
2057 2025 2241 2061 incensum

1299 2081 1431 2114 Videro
1450 2080 1564 2125 ipsum
1577 2107 1586 2121 ‚
1613 2080 1740 2113 tollens
1757 2080 1941 2112 ardentem
1960 2077 1998 2110 in
2013 2077 2170 2112 medium
2188 2078 2242 2111 in-

1664 2132 1780 2164 ferens

1300 2183 1464 2228 Cyclopis
1485 2182 1646 2222 oculum,
1674 2188 1749 2216 tum
1768 2192 1889 2214 eruam
1909 2179 2003 2214 hunc
2019 2179 2105 2224 igni.

1300 2235 1348 2267 Ut
1365 2235 1394 2267 si
1411 2234 1488 2279 quis
1505 2245 1635 2278 parans
1653 2233 1707 2266 vir
1723 2232 1823 2265 navis
1842 2231 2111 2265 fabricationem
2121 2230 2190 2277 ²³⁸)
2201 2257 2210 2271 ‚

1248 2286 1322 2321 460
1348 2285 1498 2319 Duobus
1514 2285 1600 2319 loris
1615 2285 1793 2318 terebrum
1813 2284 1940 2327 agitat:

1297 2338 1353 2371 Sic
1370 2338 1642 2370 circumvertam
1658 2342 1792 2369 torrem
1811 2335 1848 2367 in
1863 2334 1983 2368 lucido

1299 2388 1464 2434 Cyclopis
1481 2388 1583 2421 oculo
1594 2415 1604 2428 ,
1631 2393 1665 2421 et
1681 2387 1868 2420 arefaciam
1884 2386 2070 2431 pupillam.

1299 2442 1396 2475 Gkor.
1419 2438 1459 2474 Iu
1477 2439 1533 2480 iu,

1296 2491 1463 2525 Gaudeo:
1491 2490 1688 2525 insanimus
1705 2488 1773 2524 hoc
1790 2490 1948 2524 invento.

1279 2615 1326 2646 23)
1346 2615 1470 2644 habeam]
1491 2614 1530 2637 sic
1548 2613 1631 2637 Editt.
1651 2615 1772 2643 recent.;
1797 2612 1880 2636 Editt.
1900 2612 1988 2637 1558..
2012 2611 2085 2635 1562.
2105 2612 2197 2635 habeo.

1279 2667 1348 2693 2³⁸)
1367 2667 1402 2690 Ut
1419 2679 1453 2683 -
1471 2665 1704 2695 fabricationem]
1724 2665 1766 2688 his
1786 2671 1811 2688 ni
1830 2669 1915 2694 marg.
1936 2663 2018 2687 Editt.
2044 2663 2134 2689 1558...
2162 2662 2236 2689 1562,

1314 2701 1453 2731 adscripta
1468 2702 1510 2724 est
1526 2700 1591 2723 haec
1605 2699 1809 2730 interpretatio:
1836 2699 1871 2722 Ut
1889 2698 1914 2721 si
1933 2698 1992 2727 quis
2010 2698 2100 2722 navim
2119 2697 2233 2726 faciens,
