2373 2980
183 110 250 147 151

180 195 389 229 immanium
409 195 601 239 Gigantum
630 194 784 226 mirabili
811 206 888 226 cum
913 193 1024 236 gratia
1051 200 1085 227 et
1106 206 1165 228 ve-

177 253 329 281 nustate.
380 246 539 280 Fuerunt
562 250 679 277 autem
696 243 865 277 Centauri
882 241 1046 278 Thessali
1069 245 1166 290 equi-

178 305 248 337 tes,
284 297 343 342 qui
371 297 529 330 omnium
552 295 658 339 primi
683 307 794 340 equos
817 296 999 337 domasse,
1036 307 1076 329 ex
1101 296 1166 330 eis-

177 347 383 393 deuxqueffl)
407 358 580 390 pugnasse
610 352 815 386 censentur,
855 358 968 391 eoque
998 347 1166 386 semiferi,

177 412 217 432 ex
235 397 378 431 homine
396 403 429 429 et
453 409 544 442 equo
570 396 765 441 composita
791 396 960 429 animalia
987 397 1165 431 dicuntur.

176 449 263 481 Vide
288 445 547 491 Palaephatum
564 446 610 494 5³³)
645 459 719 480 non
746 448 1045 481 contemnendum
1070 449 1166 493 apud

175 500 328 534 Graecos
349 497 584 546 μυθολόγον.

278 562 309 582 v.
331 547 414 582 174.
442 544 472 582 ὦ
496 545 682 595 θύγατερ]
717 548 899 581 Palladem
924 548 969 580 ad
994 547 1163 581 auxilium

174 600 334 634 muribus
350 600 536 632 ferendum
554 597 718 631 hortatui·
734 597 879 643 Iupiter.
930 598 1048 631 Pallas
1070 599 1164 642 apud

173 652 371 685 Homerum
394 648 522 683 Iliados
549 647 579 684 ε’
595 649 641 694 5³¹)
667 649 819 682 Martem
857 655 961 681 vocat
990 647 1166 691 ἔχθιστον

173 703 294 746 θεῶν,
327 699 395 734 hoc
420 707 487 739 est,
524 700 806 733 inimicissimum
831 698 1003 730 Deorum.
1057 698 1166 730 Color

173 765 283 798 porro
303 752 339 784 in
354 750 447 784 Iovis
465 752 626 783 oratione
644 751 689 782 ad
703 750 810 782 filiam
831 755 901 789 est,
925 754 958 781 et
977 760 1165 792 argumen-

171 810 249 839 tum
264 802 442 836 ficticium.

274 867 307 887 v.
328 853 412 887 178.
437 848 467 886 ὦ
490 847 620 896 πάτερ]
648 850 854 894 Respondet
870 850 987 883 Pallas
1004 848 1079 882 Iovi
1102 860 1165 893 pa-

172 904 285 943 renti,
320 910 353 937 et
369 909 475 946 negat
492 915 526 936 se
543 914 658 946 neque
675 901 836 934 muribus
854 913 968 946 neque
988 900 1085 933 ranis
1103 912 1164 933 au-

171 956 388 990 xiliaturam.
448 952 544 985 Idem
569 952 714 986 caeteris
736 964 877 997 quoque
901 951 978 984 Diis
1000 951 1164 990 suadens,

173 1018 313 1040 causam
332 1004 452 1037 adiicit
469 1004 635 1036 disertam
649 1029 658 1042 ,
687 1003 857 1048 quoniam
878 1002 1018 1035 iniuriis
1042 1014 1059 1034 a
1086 1014 1164 1035 mu-

171 1058 269 1091 ribus
288 1055 509 1100 plurifariam
528 1055 572 1087 sit
588 1054 724 1087 assecta.
778 1053 903 1086 Ranae
920 1065 1004 1085 vero
1030 1053 1163 1086 obstre-

170 1120 295 1153 perum
314 1106 446 1139 animal
462 1106 662 1138 insomnem
679 1104 827 1138 fecerint
838 1131 846 1144 ‚
874 1110 907 1137 et
923 1103 1047 1147 capitis
1063 1103 1162 1136 dolo-

169 1172 244 1193 rem
270 1156 485 1190 induxerint.

272 1222 304 1242 v.
323 1208 407 1242 179.
436 1206 585 1254 ἔοργαν]
615 1206 828 1244 affecerunt,
861 1205 1038 1249 poeticum
1063 1204 1162 1251 ab55)

171 1257 325 1308 ἐργάζευ.

274 1323 306 1343 v.
326 1310 410 1343 181.
439 1305 520 1342 οἷον
537 1306 662 1353 ἔρεξαν
672 1305 744 1354 56)]
772 1304 853 1342 οἷον
869 1307 998 1340 abusus
1022 1313 1073 1341 est
1094 1318 1161 1351 pro

171 1361 323 1395 articulo
341 1358 590 1404 postpositivo.

271 1425 304 1445 v.
329 1412 413 1446 182.
453 1409 590 1444 πέπλον
613 1409 704 1454 μου]
739 1410 780 1442 de
808 1409 914 1454 peplo
941 1409 1014 1452 lege
1040 1408 1161 1441 Pollu-

169 1475 242 1496 cem
260 1463 318 1509 57).

272 1526 304 1547 v.
323 1511 405 1546 186.
435 1506 590 1557 πράσσει
611 1523 657 1554 με
680 1506 894 1557 τόκους53)]
921 1509 1039 1553 Exigit
1064 1521 1081 1541 a
1104 1521 1160 1541 me

166 1565 303 1598 foenus.
343 1563 502 1596 Observa
520 1559 671 1606 πράττω
688 1573 753 1604 pro
771 1561 884 1604 exigo,
909 1567 942 1593 et
959 1561 1055 1606 quod
1071 1559 1161 1593 sicut

166 1615 288 1648 Latini
313 1614 467 1647 ablativo
494 1612 530 1644 in
551 1610 616 1644 hac
637 1613 900 1645 constructione
917 1618 1083 1645 utuntur:
1111 1611 1158 1644 ita

168 1666 297 1700 Graeci
315 1664 528 1698 accusativo.

270 1730 302 1750 v.
325 1716 409 1749 188.
438 1712 517 1748 ἀλλ’
539 1711 622 1748 οὐδ’
642 1711 706 1758 ὣς]
734 1713 783 1746 Ut
798 1713 926 1746 Graeci
945 1712 1160 1757 pleonasmis

167 1768 317 1802 subinde
342 1766 463 1800 multis
485 1770 653 1798 utuntur:
696 1765 744 1797 ita
777 1765 1026 1807 negationibus
1055 1776 1159 1807 saepe

167 1819 303 1853 duabus
327 1830 393 1862 pro
420 1828 510 1856 una,
539 1816 718 1848 interdum
743 1816 850 1848 etiam
875 1816 1004 1848 tribus:
1038 1813 1159 1847 Latini

168 1877 292 1903 contra
312 1869 448 1901 duabus
464 1867 714 1910 negationibus
731 1878 796 1910 pro
813 1879 882 1899 una
910 1866 1158 1899 affirmatione.

269 1934 302 1954 v.
327 1919 411 1953 194.
454 1916 533 1951 ἀλλ’
561 1916 646 1965 ἄγε,
679 1916 955 1962 παυσώμεσθα]
991 1917 1058 1965 ἄγε
1091 1929 1157 1961 pro

167 1972 272 2020 ἄγετε
289 1970 428 2015 posuit,
457 1980 677 2014 quamquam
703 1969 839 2001 soleant
860 1968 989 2002 Graeci
1013 1969 1158 2012 iungere

166 2023 364 2068 pluralibus
379 2031 635 2064 saepenumero
653 2019 829 2062 singulare
845 2018 924 2066 ἄγε.

200 2174 248 2206 52)
269 2174 440 2204 eisdemque]
466 2172 506 2196 sic
531 2172 614 2195 Editt.
633 2171 724 2199 1566.,
748 2170 837 2200 1570.;
869 2170 953 2196 Editt.
969 2170 1159 2195 1607—1622.

236 2210 391 2238 iisdemque.

201 2253 249 2280 53]
269 2251 452 2281 Palaephatus
477 2249 503 2273 in
524 2249 540 2272 l.
565 2248 597 2271 de
625 2247 848 2275 incredibilibus,
879 2247 1053 2277 praefatione
1077 2254 1160 2278 prae-

236 2286 339 2315 missa,
359 2285 446 2314 primo
462 2290 523 2314 cap.
542 2283 575 2306 de
588 2282 734 2307 Centauris
751 2282 880 2307 disserit.
899 2282 953 2306 vid.
969 2282 1098 2312 Palaeph.
1112 2283 1160 2306 Ed.

235 2320 359 2343 Fischer.
387 2319 476 2348 [Lips.
499 2318 574 2342 1789.
593 2318 633 2345 Β.)
659 2324 683 2346 p.
703 2317 734 2339 10
748 2323 806 2346 sqq.
827 2318 853 2339 et
875 2316 1015 2345 Opuscula
1034 2318 1160 2346 mythol..

238 2354 326 2377 ethica
347 2355 373 2376 et
393 2354 472 2383 phys.
487 2359 528 2383 gr.
543 2353 570 2376 et
587 2352 634 2375 lat.
650 2351 691 2376 ed.
708 2351 776 2374 Gale
797 2349 1005 2381 (cantabrigiae
1026 2351 1099 2375 167⁴1.
1118 2352 1160 2380 8.)

256 2406 262 2411 .
277 2388 367 2411 3-5,

201 2395 252 2458 543)
267 2430 369 2453 Iliados
390 2427 430 2457 ε’]
451 2429 491 2452 sic
510 2428 670 2458 scripsimus
689 2433 752 2458 pro:
789 2427 891 2451 Iliados
911 2425 950 2456 δ’,
988 2428 1058 2457 quod
1078 2428 1159 2453 Editt.

238 2463 428 2488 1566—1622.
446 2463 519 2486 falso
541 2463 682 2488 exhibent:
708 2462 809 2492 legitur
828 2461 899 2485 enim
918 2462 1011 2493 locus,
1045 2468 1096 2491 quo
1115 2463 1161 2485 lu-

236 2498 309 2528 piter
325 2497 392 2529 (non
401 2497 509 2524 Pallas)
523 2498 638 2520 Martem
657 2495 787 2527 ἔχθιστον
804 2495 879 2520 θεῶν
891 2498 988 2527 vocat,
1007 2496 1037 2520 ll.
1050 2496 1085 2525 V,
1099 2496 1160 2521 890.

201 2541 250 2570 55)
270 2542 319 2570 ab]
338 2540 378 2563 sic
396 2539 477 2563 Editt.
499 2540 570 2562 1566.
581 2538 818 2569 ,{1607-1622.;
844 2538 871 2562 in
889 2539 940 2564 Ed.
957 2538 1032 2563 157⁰.
1053 2538 1139 2561 deest.

201 2582 253 2623 ⁵⁶),
269 2577 329 2623 οἷον
348 2580 456 2613 ἔρεξαν]
476 2582 515 2605 sic
534 2581 617 2606 Editt.
637 2581 846 2610 1566—1622.;
879 2581 930 2604 Ed.
949 2580 1041 2604 uerm.
1062 2575 1107 2603 οἷά
1126 2579 1161 2611 μ·

237 2625 249 2641 ε
271 2624 342 2642 bear.

202 2625 337 2689 5n9P-on'
358 2659 403 2683 lib.
423 2659 483 2688 Vll,
503 2660 544 2683 49.
563 2659 606 2682 50.
626 2658 703 2687 (vol.
717 2657 747 2680 11.
766 2664 789 2687 p.
805 2657 839 2681 72
860 2665 902 2687 sq.
922 2658 970 2681 Ed.
989 2657 1139 2685 Dindorffl.

201 2705 248 2731 58)
267 2699 378 2730 τόκους]
397 2702 436 2726 sic
454 2702 538 2726 Editt.
558 2700 769 2730 1566—1622.;
796 2700 844 2723 Ed.
864 2701 955 2724 Herm.
975 2697 1065 2723 τόκον.

754 107 877 143 PHIL.
911 105 1025 143 MEL.
1059 107 1260 143 SCRIPTA
1294 107 1632 145 PHILOLOGICA.

2131 113 2207 151 152

1319 207 1354 229 v,
1372 193 1457 230 195.
1485 192 1671 241 ὀξυόεντι]
1701 206 1767 239 pro
1791 193 1882 241 ὄξει,
1907 197 2043 231 auxesis
2059 199 2208 243 poetica.

1319 267 1353 288 V.
1373 253 1456 288 197.
1484 251 1552 288 εἶσὶ
1568 251 1643 301 γὰρ
1667 251 1889 301 ἀγχέμαχοι]
1924 255 2036 301 Quasi
2059 257 2207 290 diceret:

1217 310 1290 337 tam
1308 304 1482 338 instanter
1498 309 1678 348 pugnant,
1710 310 1751 338 ut
1774 316 1867 346 non,
1901 307 2007 340 etiam
2032 307 2117 352 ipsis
2131 307 2210 342 Diis

1218 354 1554 395 intervenientibus,
1581 354 1702 387 dirimi
1719 362 1863 400 queant.

1321 426 1354 448 v.
1381 413 1464 448 198.
1506 410 1639 452 πάντες
1661 411 1698 448 δ’
1727 410 1954 460 οὐρανόθεν]
1986 415 2210 450 Oblectaturi

1218 475 1253 497 se
1270 463 1331 496 Dii
1348 477 1409 497 ceu
1429 464 1666 508 spectaculum
1684 477 1757 498 non
1780 465 2013 498 iniucundum
2040 467 2082 499 de
2109 467 2208 500 coelo

1218 526 1373 558 pugnam
1394 513 1486 546 hanc
1505 521 1665 549 cernunt.

1321 585 1354 606 v.
1374 574 1459 607 201.
1494 571 1604 608 καὸὁα
1624 573 1670 620 ³⁹)
1697 569 1835 622 ἦλθον]
1869 574 1983 608 Erant
2014 586 2209 619 praecones

1217 622 1300 655 belli
1330 623 1488 663 feciales,
1529 624 1655 658 culices
1687 625 1848 659 tibicines
1878 623 2100 659 horrendum
2124 625 2209 658 tuba

1219 680 1395 708 canentes.
1434 674 1641 708 Revertitur
1657 681 1789 716 autem,
1817 677 1910 709 unde
1927 676 2104 721 digressus
2121 681 2210 716 erat,

1219 725 1262 756 ad
1278 725 1551 769 descriptionem
1575 738 1726 770 pugnae.

1321 796 1353 817 v.
1372 781 1456 817 205.
1483 781 1695 829 Λειχήνορα
1704 783 1781 831 ⁶⁰)]
1810 782 1988 831 λειχήνωρ
2009 783 2121 819 muris
2144 797 2209 818 no·

1218 845 1319 873 men,
1347 846 1365 865 a
1383 834 1572 867 lambendo
1591 835 1680 868 viro.

1319 904 1352 925 v.
1367 892 1453 926 207.
1480 890 1590 928 zadd'
1610 890 1819 939 ἔπεσενθιη
1846 893 1973 927 Gestus
1997 899 2099 933 sunt,
2130 892 2208 939 qui-

1216 941 1281 974 bus
1300 943 1431 988 ubique
1448 944 1625 978 Homerus
1648 944 1901 988 descriptiones
1923 956 2125 988 pugnarum
2147 955 2209 977 va-

1216 992 1310 1026 riare
1327 994 1426 1028 solet.
1478 994 1624 1041 Alioqui
1637 996 1744 1040 paulo
1773 994 1994 1029 obscuriores
2018 1001 2133 1028 essent
2154 995 2208 1028 fu-

1217 1048 1328 1078 turae.
1382 1043 1502 1090 ltaque
1520 1046 1706 1091 diligenter
1723 1047 1998 1087 observandum,
2020 1046 2083 1092 qui
2098 1057 2116 1079 a
2134 1058 2206 1092 quo

1218 1101 1428 1139 occupetur,
1456 1108 1474 1128 a
1494 1110 1564 1142 quo
1583 1098 1775 1138 occidatur,
1803 1104 1920 1143 etqua
1941 1097 2145 1136 occasione;
2172 1102 2208 1130 et

1216 1144 1374 1201 futurum
1394 1152 1464 1187 est,
1492 1154 1530 1180 ut
1547 1160 1622 1181 rem
1639 1149 1787 1193 propius
1802 1155 1975 1194 tanquam
1990 1148 2100 1182 oculis
2126 1148 2207 1182 sub-

1216 1202 1342 1228 iectam
1365 1209 1499 1232 cernas.

1317 1269 1350 1290 v.
1381 1256 1468 1292 209.
1509 1255 1786 1306 τρωγλοδύτης]
1830 1257 2102 1303 cognominatus
2143 1263 2208 1298 est,

1216 1307 1313 1352 quod
1331 1307 1553 1351 ingrediatur
1568 1310 1678 1343 rimas
1697 1316 1731 1343 et
1743 1310 1934 1344 foramina.
2018 1305 2208 1355 Πηλείων]

1215 1369 1234 1390 a
1252 1358 1327 1391 luto
1347 1370 1386 1391 ac
1405 1371 1515 1392 coeno
1534 1372 1667 1393 nomen
1685 1361 1830 1405 accepit.

1318 1430 1350 1451 v.
1367 1419 1454 1453 212.
1481 1420 1702 1463 Σευτλαῖος]
1737 1431 1755 1452 a
1779 1431 1889 1464 porro
1911 1419 2049 1451 betave.
2121 1415 2208 1462 Ἐμ-

1213 1466 1445 1515 βασίχυτρον
1458 1468 1532 1517 θῆ]
1568 1468 1841 1517 ἕμβασίχυτρος
1862 1469 1975 1503 dictus
2006 1474 2076 1507 est,
2118 1478 2208 1512 quo-

1214 1519 1310 1552 niam
1327 1519 1364 1552 in
1381 1521 1468 1554 ollas
1486 1521 1621 1564 irrepit.

1316 1592 1350 1614 v.
1377 1579 1464 1614 214.
1498 1577 1745 1628 Ἀρτοφάγος]
1786 1586 1836 1613 est
1870 1590 2006 1623 panum
2039 1582 2207 1614 vorator3

1215 1627 1445 1678 ἀρτοφαγεῒν
1479 1631 1631 1674 panibus
1667 1631 1772 1664 vesci.
1876 1625 2119 1676 Πολύφωνον
2132 1625 2206 1674 ⁶¹²)]

1213 1679 1436 1727 πολύφωνος
1459 1682 1620 1725 garrula,
1653 1681 1754 1727 quasi
1778 1681 1890 1714 dicas:
1919 1680 2123 1725 plurivoca,
2153 1678 2207 1711 lo-

1214 1732 1376 1777 quacula.

1319 1803 1352 1824 v.
1371 1790 1456 1825 216.
1482 1787 1731 1838 Λιμνόχαρις]
1759 1790 1839 1822 lacu
1864 1789 2034 1832 gaudens.

1314 1863 1347 1884 v.
1365 1851 1453 1886 221.
1480 1847 1784 1898 Κραμβυφάγος]
1811 1861 1830 1882 a
1848 1848 2012 1882 brassicis
2027 1847 2100 1882 sive
2125 1858 2206 1880 cau-

1211 1901 1304 1934 libus
1320 1902 1548 1935 devorandis.
2177 1934 2181 1938 ,

1313 1973 1347 1994 v.
1371 1959 1459 1996 225.
1496 1957 1708 2006 χορὸῇσιῧῧ)
1734 1957 1960 2005 λιπαρῇσιἏ)
1985 1956 2021 1992 τ’
2050 1952 2206 2003 ἐπορνύ-

1210 2024 1321 2056 μενος
1340 2008 1572 2059 λαγόνεσσιν]
1601 2008 1742 2043 chordis
1766 2010 1893 2042 validis
1919 2009 2100 2042 confossus
2124 2006 2205 2040 iliis.

1212 2063 1303 2096 Sunt
1325 2063 1418 2095 enim
1444 2058 1597 2108 λαγόνες
1619 2061 1682 2093 sub
1707 2060 1897 2100 umbilico,
1939 2071 2030 2105 quae
2054 2058 2205 2091 tendunt

1213 2114 1256 2146 ad
1274 2119 1466 2157 utrumque
1481 2112 1584 2144 latus.

1246 2243 1294 2275 59)
1312 2238 1409 2270 καδιΓ]
1428 2241 1468 2264 sic
1486 2241 1511 2265 h.
1526 2240 1542 2264 l.
1563 2241 1590 2262 et
1610 2246 1634 2262 V.
1647 2239 1705 2263 207.
1728 2238 1809 2262 Editt.
1823 2236 2031 2266 1366—16224
2049 2236 2099 2263 Ed.
2109 2236 2201 2260 Herm.

1282 2279 1399 2306 utroque
1417 2281 1500 2298 versu
1520 2276 1598 2297 recte
1616 2271 1671 2296 κὰδ
1688 2269 1723 2296 15³.

1247 2321 1295 2348 60)
1315 2319 1391 2342 Hauc
1410 2318 1536 2341 Batrach.
1557 2323 1650 2340 vocem
1669 2315 1729 2338 huic
1748 2314 1852 2338 scholio
1874 2314 1932 2343 ipse
1951 2312 2073 2343 praefixi.

1246 2364 1294 2391 61)
1314 2360 1426 2390 ἔπεσεν]
1447 2361 1486 2383 sic
1496 2360 1578 2383 Editt.
1593 2358 1682 2388 1566.‚
1705 2357 1777 2381 ¹607.
1799 2357 1823 2380 iu
1844 2357 1892 2380 hoc
1907 2355 2010 2380 scholio
2025 2356 2052 2379 et
2067 2354 2094 2378 in
2111 2355 2202 2384 textu3

1282 2397 1332 2422 Ed.
1354 2395 1426 2419 1570.
1446 2395 1470 2419 h.
1490 2395 1507 2417 l.
1527 2392 1641 2422 ἔπεσεν,
1660 2392 1686 2415 in
1706 2393 1781 2415 textu
1801 2390 1897 2421 ἕπεσε;
1921 2389 2106 2421 Editt.1621.,
2126 2388 2202 2413 1622.

1282 2432 1308 2456 h.
1326 2432 1343 2454 l.
1364 2428 1460 2457 ἔπεσε,
1487 2429 1513 2451 in
1533 2430 1608 2451 textu
1627 2426 1742 2451 ἕπεο-ενι
1770 2426 1819 2450 Ed.
1839 2426 1929 2449 Herm.
1950 2423 2040 2447 ἔπεσε.

1247 2475 1296 2503 62)
1314 2473 1372 2496 Has
1393 2472 1516 2495 Batrach.
1536 2476 1618 2494 voces
1637 2469 1680 2492 his
1699 2469 1801 2492 duobus
1822 2468 1933 2492 scholiis
1953 2465 2007 2496 ipsi
2024 2463 2149 2496 praefixi.

1246 2518 1295 2546 63)
1313 2514 1442 2548 χορδῇσι]
1470 2514 1508 2537 sic
1526 2513 1610 2537 Editt.
1634 2512 1821 2536 1566-1622.
1842 2512 1866 2534 h.
1885 2511 1904 2536 l.
1931 2510 1957 2532 et
1981 2509 2009 2532 in
2035 2509 2112 2532 textu
2138 2505 2202 2538 (ex-

1283 2551 1371 2581 ceptis
1387 2550 1470 2574 ssditt.
1489 2548 1571 2577 1607.,
1594 2548 1678 2576 1⁶22„
1697 2552 1765 2576 quae
1785 2547 1810 2568 in
1831 2547 1905 2568 textu
1927 2543 1996 2567 male
2013 2541 2136 2575 χορθῇσι
2151 2542 2202 2565 ha-

1282 2587 1362 2611 bent,
1382 2586 1409 2607 et
1423 2584 1471 2607 Ed.
1486 2583 1569 2613 1621..
1589 2587 1656 2612 quae
1676 2581 1736 2604 ibid.
1756 2579 1875 2612 χορθῆσι
1892 2578 2030 2610 exhibet„
2049 2577 2202 2601 Ed.11erm.

1281 2617 1423 2652 χορδῇσιν.

1247 2663 1295 2691 64)
1315 2660 1460 2694 λιπαρῇσι]
1486 2659 1527 2683 sic
1551 2659 1635 2683 Editt.
1664 2657 1864 2681 1566—1622.
1892 2657 1917 2680 in
1944 2656 1995 2680 hoc
2018 2653 2138 2685 scholio,
2173 2651 2202 2676 iu

1283 2699 1358 2720 textu
1377 2697 1468 2719 autem
1488 2693 1650 2726 λιπαρῇσινς
1675 2693 1723 2717 Ed.
1742 2692 1831 2715 Herm.
1852 2690 1991 2723 λιπηρῇσι,
