2373 2980
78 97 151 134 809
530 94 653 129 LXVI.

130 182 198 215 Hei
217 180 328 214 Troia
347 180 489 219 infelix,
518 179 672 224 periisti;
732 222 735 223 ⁷

130 231 253 266 Miseri
269 237 371 271 sunt,
400 231 460 276 qui
481 237 514 263 te
529 231 754 277 relinquunt,

81 284 152 318 175
179 282 224 316 Et
241 281 313 314 vivi
331 287 366 314 et
382 281 528 316 mortui.

130 335 225 369 Ghor.
235 331 282 378 ¹⁰)
316 332 396 366 Heu
419 345 483 377 ego
509 339 664 366 tremens
690 332 808 376 prodii
832 339 928 366 extra
958 333 1073 366 taber-

494 383 661 416 naculum

128 433 429 477 Agamemnonis,
458 433 626 474 audiens,

127 484 286 528 Regina,
314 490 367 524 te,
394 496 480 517 num
498 497 555 517 me
572 484 731 517 occidere

126 535 298 569 Miseram
315 536 387 568 lata
407 542 458 568 est
475 535 690 579 Argivorum
710 534 912 569 sententia?

80 586 153 620 180
180 585 238 618 An
254 587 326 619 iam
342 592 473 619 nautae
494 586 531 619 in
547 586 727 631 puppibus

128 637 267 670 Parant
281 649 425 670 movere
445 637 587 672 remos?

124 689 204 721 Hec.
233 687 266 721 O
283 688 375 727 filia,
402 688 615 722 matutinam
636 688 792 720 animam

126 738 388 773 perterrefacta
400 738 444 784 ¹¹)
463 739 545 771 veni
564 739 599 771 in
617 750 746 781 magno
764 738 899 770 dolore.

126 789 202 823 Iam
220 790 317 823 venit
333 790 463 834 aliquis
478 802 608 834 praeco
627 790 861 822 Graecorum.

79 839 151 874 185
179 841 268 885 Quis
281 840 325 886 ¹2)
346 853 402 873 me
419 841 584 874 miseram
604 840 751 884 accipiet
767 838 930 872 ancillam
944 836 958 868 '1³

129 892 226 926 Ghor.
254 892 309 924 Ad
329 903 436 936 quam
454 898 584 924 sortem
604 891 718 934 posita
737 890 800 923 es?
853 891 933 923 Hec.
964 887 1052 920 Heu.

129 943 228 976 Ghor.
256 942 345 986 Quis
361 954 417 975 me
433 942 650 985 Argivorum
667 949 726 975 aut
745 939 999 974 Phthiotarum

128 990 169 1024 In
184 992 378 1026 insularem
395 999 526 1025 terram
547 993 718 1032 abducet,

127 1042 186 1075 Me
203 1043 371 1076 miseram
386 1044 512 1087 procul
529 1056 547 1076 a
568 1043 706 1077 Troia?
748 1042 843 1076 Heu!

80 1092 154 1128 190
179 1096 260 1127 Hec.
289 1093 356 1127 Cui
371 1106 435 1138 ego
453 1095 580 1128 misera
593 1121 602 1135 ‚
630 1101 664 1127 et
680 1094 741 1127 ubi
759 1101 935 1127 terrarum

129 1144 314 1178 Servitura
330 1157 410 1179 sum
426 1157 515 1178 anus
532 1146 622 1179 sicut
638 1147 738 1178 sucus
749 1172 757 1185 ,

129 1195 260 1228 Misera
279 1196 390 1238 figura
410 1196 610 1234 cadaveris,

130 1244 292 1277 Evanida
309 1245 347 1276 in
364 1246 540 1278 vestibulo
559 1252 784 1279 mortuorum
799 1273 807 1284 ‚

82 1294 155 1329 195
183 1296 284 1340 Quae
302 1295 497 1328 liberorum
515 1303 697 1330 maternos

127 1346 277 1390 Regales
295 1343 405 1379 habui
425 1345 593 1380 honores.

132 1399 229 1431 Ghor.
257 1396 336 1429 Heu
346 1396 392 1441 ¹3)
409 1397 574 1441 qualibus
592 1396 744 1441 querelis

130 1447 250 1480 Tuum
268 1446 505 1479 infortunium
524 1447 690 1491 exagitas.

129 1500 208 1531 Hec.
238 1497 321 1530 Non
336 1496 438 1530 Ideae
456 1498 547 1531 telae
564 1498 706 1531 radium

78 1549 154 1584 200
180 1547 329 1591 Agitatis
347 1548 495 1581 variabo
507 1575 516 1588 ,

130 1599 205 1633 Nec
223 1598 392 1632 iuvenilia
410 1599 605 1632 liberorum
627 1611 778 1643 corpora
798 1598 943 1637 videbo,

129 1649 204 1684 Nec
220 1649 358 1682 iuvenis
377 1662 441 1692 ego
459 1647 601 1682 habebo
618 1650 758 1684 labores
774 1650 924 1683 leviores
935 1675 943 1687 ‚

129 1702 259 1735 Amota
276 1698 442 1733 thalamis
461 1700 694 1734 Graecorum.

128 1751 242 1785 Periit
259 1762 331 1784 nox
348 1758 379 1784 et
398 1752 556 1785 fortuna.

77 1800 152 1839 205
179 1803 252 1836 Aut
265 1800 433 1836 hauriens
451 1814 583 1848 aquam
601 1814 643 1835 ex
659 1802 757 1834 fonte
775 1801 950 1834 Pirenaeo
962 1798 1005 1845 11)

126 1853 292 1887 Ministra
312 1853 524 1887 miserabilis

126 1905 318 1938 Sacrarum
340 1916 516 1950 aquarum
539 1915 612 1937 ero.

130 1957 229 1990 Chor.
256 1955 405 1988 Utinam
422 1955 608 1988 veniamus
625 1954 671 1986 ad
688 1953 858 1997 inclytam

128 2005 177 2040 Et
197 2006 339 2039 beatam
354 2004 486 2039 Thesei
503 2006 700 2050 regionem.

76 2058 152 2092 210
179 2059 260 2092 Hec.
288 2057 341 2092 Ne
360 2059 404 2090 ad
422 2057 574 2090 vortices
592 2056 750 2089 Eurotae

127 2107 280 2142 Invisam
301 2109 465 2141 ancillam
485 2108 641 2141 Helenae
660 2118 736 2140 sors
755 2107 881 2143 ducat,

125 2159 196 2193 Ubi
214 2160 340 2193 ancilla
364 2160 520 2193 obviabo
537 2159 702 2192 Menelao
714 2184 722 2197 ‚

110 2275 155 2306 10)
177 2277 274 2303 cluunt
299 2277 340 2300 sic
365 2278 463 2306 Bai-n.7
495 2278 594 2307 Musgr.
620 2281 706 2305 aeque
738 2279 769 2296 ac
794 2272 842 2295 Ed.
869 2270 950 2295 nasil.
980 2270 1073 2295 1551.;

144 2309 218 2334 [Hx-2
238 2312 438 2341 Semichorus;
462 2312 548 2336 Editt.
566 2311 657 2339 1558„
680 2307 753 2332 1562.
775 2307 825 2331 Cu.
846 2305 1055 2334 (Cassandra).
1101 2306 1102 2324 1

111 2353 158 2381 11)
178 2354 274 2376 matut.
300 2353 381 2376 anim.
408 2353 612 2382 Peterrefacta]
638 2352 680 2375 his
707 2349 801 2374 verbis
825 2348 852 2370 in
878 2352 964 2377 marg.
990 2347 1073 2370 Editt.

145 2387 235 2411 1558..
263 2387 336 2410 1562.
362 2387 501 2417 adscripta
526 2389 569 2411 est
593 2388 662 2411 haec
685 2383 843 2409 annotatio:
882 2382 977 2405 Totam

145 2422 254 2444 noctem
273 2420 389 2452 vigilavi
406 2422 610 2451 perterrefacta.
628 2422 730 2445 mente.

109 2462 155 2493 12)
177 2463 257 2492 Quis]
271 2463 454 2493 Editt.1558.,
476 2464 549 2487 1562.
567 2464 618 2488 Cu.
637 2462 715 2493 (pi-o:
736 2457 949 2492 Ca[ssandra])
966 2457 1074 2486 Quis—

143 2497 172 2520 ln
193 2497 342 2523 Ed.13arn.
370 2500 470 2528 (aeque
496 2503 529 2522 ac
555 2498 581 2521 in
607 2498 656 2521 Ed.
677 2496 761 2520 Basil.
784 2495 873 2521 155¹.)
897 2493 939 2516 hic
965 2498 1005 2515 γε.
1031 2493 1073 2514 est
1100 2494 1101 2508 l

141 2532 290 2563 Hecubae,
309 2531 337 2556 iu
356 2533 405 2556 Ed.
426 2534 531 2563 musgr.
553 2532 658 2562 Ghori,
677 2531 705 2555 in
724 2531 772 2554 Ed.
789 2529 849 2552 Fix.
869 2527 1038 2552 Semiclwri.

107 2572 155 2605 13)
176 2574 250 2602 neu]
288 2574 328 2598 sic
360 2575 408 2598 Ed.
433 2575 523 2604 ¹562.;
558 2574 609 2600 Ed,
634 2573 711 2598 1558.
742 2572 818 2602 flei3
853 2570 937 2594 Editt.
970 2568 1072 2591 recent·

139 2609 187 2636 (=
207 2609 275 2634 text.
294 2607 351 2640 gr.)
372 2609 448 2640 Heu,
475 2609 536 2633 heu.

107 2649 154 2682 14)
174 2657 207 2675 ex
226 2651 301 2674 fonte
320 2651 471 2681 Pirenaeo]
499 2651 538 2675 sic
558 2651 642 2674 Editt.
663 2649 754 2680 1558.‚
775 2647 866 2678 1562.;

139 2687 223 2715 t'onie
242 2685 340 2708 Pirene
360 2687 468 2716 (Enrip.
488 2683 648 2716 Ilmpq'zrug).

903 2647 986 2670 Bai-n.
996 2652 1002 2668 :
1037 2651 1073 2668 e-z·

711 93 1107 129 INTERPRETATIO
1143 91 1387 127 TROADUM
1421 88 1670 124 EURIPIDIS.

2046 88 2118 122 810

1174 177 1421 222 Expugnatori
1438 175 1582 209 Troiae.

1175 229 1285 263 Penei
1301 226 1485 273 pulchram
1504 227 1684 271 regionem
1698 252 1708 265 ,

1126 280 1199 317 215
1227 279 1515 313 Fundamentum
1532 275 1811 322 pulcherrimum
1824 274 1970 320 Olympi
1988 274 2117 307 montis

1177 330 1309 364 Audivi
1325 342 1387 373 per
1404 331 1535 362 samam
1555 335 1718 362 onustam
1735 339 1807 361 esse
1825 326 1926 371 copia

1176 381 1222 414 Et
1238 381 1345 414 fertili
1360 382 1532 413 ubertate.

1177 432 1272 464 Haec
1292 429 1380 463 mihi
1397 432 1551 464 secundo
1567 430 1645 462 loco
1662 430 1706 463 sit
1722 436 1798 473 post
1816 440 1953 462 sacram

1177 481 1308 516 Thesei
1324 482 1476 514 fertilem
1494 480 1690 523 regionem.

1126 535 1201 572 220
1227 533 1272 566 Et
1293 532 1489 566 Aetnaeam
1507 530 1659 564 Vulcani

1177 584 1389 629 Oppositam
1407 584 1590 627 regionem
1611 579 1826 614 Phoeniciae
1839 607 1847 619 ‚

1177 636 1375 669 Siculorum
1397 634 1571 667 montium
1590 639 1759 665 matrem:
1789 637 1821 663 et
1837 629 1929 664 hanc
1944 629 2049 663 audio

1177 686 1382 720 Praedicari
1400 692 1433 718 et
1449 685 1590 718 coronis
1608 684 1756 717 virtutes
1766 682 1794 702 11
1804 684 1850 727 a)‚

1178 737 1222 771 Et
1240 737 1396 770 vicinam
1417 743 1549 770 terram

1126 787 1201 827 225
1228 788 1330 822 Ionio
1350 789 1464 829 mari,
1491 785 1678 832 nautae¹⁵)
1690 811 1698 825 ‚

1178 840 1295 885 Quam
1313 839 1404 884 rigat
1421 836 1570 884 pulcher

1178 891 1285 924 Flava
1307 903 1408 924 coma
1427 891 1564 934 fulgens

1179 941 1346 976 Cranthis
1356 942 1419 987 ¹⁶),
1448 941 1556 976 sacris
1572 938 1731 973 fontibus
1751 936 1848 969 alens

1177 993 1222 1026 Et
1239 995 1347 1027 beans
1364 993 1569 1025 bellicosam
1588 997 1734 1023 terram.

1128 1045 1201 1080 230
1229 1045 1327 1078 chor.
1355 1045 1472 1089 Atque
1489 1057 1507 1076 a
1526 1043 1746 1075 Graecorum
1765 1037 1920 1071 exercitu

1178 1095 1314 1128 Praeco
1332 1101 1448 1129 custos
1463 1105 1642 1127 novorum
1658 1102 1866 1126 sermonum

1179 1146 1372 1180 Accelerat.

1179 1197 1309 1230 Servae
1329 1203 1422 1230 certe

1180 1248 1218 1281 ln
1241 1247 1305 1281 hac
1322 1255 1415 1280 terra
1434 1258 1555 1280 sumus
1573 1245 1658 1278 iam.

1179 1322 1488 1370 [Talthybius,
1522 1321 1711 1363 Hecuba,
1748 1319 1930 1358 Chorus,
1968 1319 2072 1352 Gas-

1522 1368 1722 1417 sundra]

1129 1432 1202 1469 235
1235 1435 1344 1467 Taltle.
1365 1432 1523 1471 Hecuba,
1541 1430 1636 1464 nosti
1652 1441 1708 1462 me
1727 1440 1830 1472 saepe
1850 1427 1952 1461 ivisse
1962 1426 2125 1465 Troiam,

1181 1484 1391 1517 Venientem
1410 1494 1623 1527 praeconem
1641 1481 1685 1514 ab
1703 1480 1876 1513 exercitu:

1181 1536 1294 1569 Notus
1312 1536 1418 1568 etiam
1436 1541 1517 1567 ante
1535 1534 1619 1573 tihi,
1645 1532 1793 1571 mulier,

1180 1585 1393 1631 Talthybius
1426 1587 1548 1621 adsum
1562 1612 1570 1626 ,
1611 1584 1763 1617 afferens
1795 1592 2021 1615 communem
2055 1590 2126 1613 ser—

1537 1647 1695 1669 monem.

1473 1712 1689 1761 [Stropke
1720 1709 1779 1758 1.]

1180 1777 1261 1808 Hec.
1287 1773 1365 1807 Hoc
1382 1773 1469 1808 illud
1487 1780 1556 1813 est,
1585 1773 1681 1818 quod
1697 1772 1899 1805 metuebam
1918 1775 2034 1804 antea.

1101 1863 1103 1871 7
1129 1825 1204 1860 240
1235 1827 1344 1860 ΤαΗΙι.
1373 1824 1447 1858 lam
1465 1824 1606 1859 sortitio
1623 1824 1714 1856 facta
1735 1829 1806 1864 est,
1838 1822 1866 1856 si
1889 1821 2032 1867 quidem
2057 1818 2123 1853 hoe

1541 1874 1734 1908 timebatis.

1005 2381 1074 2404 hanc
1100 2403 1102 2421 >

1474 1950 1684 1999 [Strophe
1709 1947 1776 1997 2.]

1101 2042 1103 2057 ‚
1178 2014 1256 2046 Hec.
1285 2012 1362 2045 Heu
1381 2012 1424 2044 ad
1442 2024 1548 2058 quam
1567 2012 1691 2044 urbem
1705 2037 1713 2051 ,
1740 2022 1785 2042 an
1807 2010 1843 2042 in
1861 2006 2097 2047 Thessaliam,

1179 2066 1249 2097 Aut
1265 2061 1433 2096 Phthiam
1446 2090 1455 2104 ‚
1484 2069 1545 2096 aut
1561 2062 1754 2097 Cadmeam
1775 2068 1907 2096 terram
1927 2059 2070 2094 dixisti?

1100 2103 1103 2173 l
1183 2116 1291 2149 Talth.
1321 2114 1510 2160 Quaelibet
1531 2114 1687 2154 viritim,
1722 2120 1755 2146 et
1777 2125 1850 2146 non
1875 2112 1980 2146 simul
1999 2123 2122 2145 omnes

1101 2196 1103 2214 k
1540 2166 1685 2199 sortitae
1704 2165 1798 2198 estis.

1166 2283 1231 2314 tia)
1252 2284 1279 2306 et
1305 2283 1415 2307 coronis
1441 2283 1576 2310 virtutes]
1602 2282 1642 2305 sic
1669 2282 1751 2305 Editt.
1775 2281 1866 2312 1558.‚
1901 2280 1991 2313 1562„
2023 2279 2120 2305 Barn.;

1194 2319 1316 2348 Musgr.:
1348 2322 1375 2341 et
1394 2318 1504 2340 virtutis
1521 2317 1665 2345 laudibus3
1702 2316 1773 2340 Fix:
1804 2317 1916 2345 propter
1942 2314 2054 2338 virtutis
2072 2319 2120 2337 co—

1100 2365 1102 2402 *
1169 2358 1288 2388 Xsonas,

1163 2396 1208 2423 15)
1227 2395 1303 2418 Ionio
1321 2394 1406 2420 mari,
1426 2395 1540 2422 nautae]
1560 2394 1601 2417 sic
1619 2394 1701 2418 Editt.
1719 2393 1794 2418 1558.
1806 2410 1813 2416 .
1834 2392 1908 2417 1552.
1935 2392 1982 2423 (=
2000 2392 2049 2418 Ed.
2065 2391 2119 2414 Ba-

1100 2423 1102 2445 l
1195 2430 1237 2452 sil.
1251 2430 1323 2452 1551.
1334 2427 1419 2460 Ἰονίῳ
1434 2428 1531 2451 ναῦται
1546 2426 1668 2460 πόι’τῳ);
1689 2429 1747 2452 Fix.
1758 2424 1845 2460 Ἰονίῳ
1860 2425 1972 2453 ναύταις
1984 2424 2076 2457 πόντῳ
2088 2437 2120 2443 -

1099 2448 1101 2481 l
1195 2464 1270 2487 Ionio
1289 2463 1359 2486 mari
1383 2463 1592 2493 navigantibus:
1629 2464 1728 2493 Barn.‚
1758 2459 1968 2493 Musgr.'loz›1'‹p
1992 2460 2120 2484 vassa-910

1194 2496 1287 2530 πόντῳ
1305 2509 1339 2514 -
1357 2498 1451 2521 Bam:
1478 2497 1554 2520 ionio
1574 2498 1642 2520 mari
1660 2498 1792 2529 feliciter
1810 2498 1846 2521 ab
1866 2497 1971 2520 incolis
1991 2495 2119 2518 habitari·

1195 2534 1317 2562 Musgn:
1344 2532 1418 2554 lonio
1437 2532 1535 2561 pelago
1555 2533 1667 2562 pulsari.

1098 2573 1101 2606 ζ
1162 2575 1209 2602 16)
1229 2575 1374 2603 Crauthis]
1400 2575 1438 2598 sic
1465 2575 1546 2599 Editt.
1572 2576 1664 2599 1553..
1697 2574 1772 2599 1562.
1799 2573 1843 2604 (Ξ
1866 2574 1913 2596 Ed.
1939 2573 2022 2597 Basil.
2044 2573 2118 2596 ¹551.

1194 2607 1347 2640 K(›c211291;)3
1374 2610 1456 2633 Editt.
1480 2611 1579 2632 recent.
1601 2609 1704 2639 Κρᾶθις
1723 2621 1756 2625 -·
1774 2609 1892 2632 Crathis.
1911 2620 1944 2624 —
1981 2607 2049 2630 Huic
2068 2612 2119 2630 no-

1195 2645 1259 2667 mini
1278 2644 1304 2667 in
1324 2649 1411 2674 marg.
1430 2644 1540 2667 illarum
1559 2644 1576 2667 2
1588 2645 1672 2667 Editt.
1691 2643 1799 2668 adiecta
1814 2646 1861 2666 est
1873 2641 2029 2666 annotatio:
2049 2640 2117 2664 Flu-

1195 2679 1255 2701 vius
1274 2680 1315 2702 est
1335 2679 1408 2701 circa
1429 2678 1576 2702 Crotonem
1596 2678 1749 2702 Calabriae.
