2373 2980
242 102 311 137 1¹1

341 184 437 217 Haec
458 183 529 218 sint
551 179 719 215 hactenus
743 176 900 211 breviter
925 176 1084 222 exposita
1111 182 1145 210 et
1167 177 1228 210 de-

241 236 386 270 lineata.

559 317 611 348 De
634 324 758 358 yenere
782 313 913 346 mortis.

342 383 492 427 Reliqua
525 387 576 415 est
607 381 650 414 de
678 391 805 424 genere
830 377 956 413 mortis
979 376 1229 416 consideratio,

239 438 274 470 in
292 447 360 481 qua
379 432 569 476 repetenda
589 438 641 465 est
657 431 819 464 doctrina
836 441 942 474 supra
959 429 1088 462 tradita
1109 429 1152 460 de
1179 426 1229 459 vi-

238 494 293 520 tae
311 482 551 528 longitudine,
577 489 696 516 utrum
713 483 773 515 fiet
795 480 992 514 interfectio
1011 477 1229 524 proiectione

238 536 351 576 radii,
378 546 425 567 an
441 545 526 566 vero
542 534 689 579 delapsu
705 531 953 577 significatoris
978 532 1021 564 ad
1047 529 1228 563 cardinem

238 584 505 621 occidentalem.

338 636 375 670 Si
392 636 488 669 enim
506 636 565 668 fiet
580 632 778 667 interfectio
801 637 948 677 propter
971 628 1230 675 proiectionem

235 695 298 723 aut
313 698 499 722 occursum
515 685 699 718 radiorum
711 711 721 725 ‚
747 683 955 716 consulatur
980 682 1023 713 de
1044 684 1159 712 morte
1178 678 1231 710 lo-

237 753 316 779 cus,
341 739 378 771 in
397 750 468 783 quo
485 737 522 770 fit
540 748 718 769 occursus,
778 733 846 767 Sed
866 732 896 766 si
913 732 1078 776 delapsus
1094 729 1139 762 ad
1155 739 1232 761 car-

236 791 358 825 dinem
379 787 633 821 occidentalem
649 783 776 819 mortis
796 795 901 817 causa
926 789 997 824 est,
1031 781 1106 826 ipse
1133 791 1232 813 occa-

235 854 295 878 sus
317 839 534 875 consulatur.

339 890 470 936 Quales
493 887 587 921 enim
614 892 719 920 erunt
741 883 936 918 insidentes
960 882 1002 917 iis
1023 881 1130 922 locis,
1172 886 1234 914 aut

239 943 267 978 si
285 954 359 976 non
375 941 549 980 insident,
574 937 682 983 primi
706 934 992 974 succedentium,
1026 933 1113 967 tales
1136 943 1233 965 mor-

239 1001 290 1028 tes
318 992 548 1036 impendent,
587 995 628 1022 ut
654 989 881 1034 planetarum
917 990 1068 1018 naturae
1102 994 1233 1028 genera

238 1050 429 1079 eventuum
447 1041 608 1081 variant,
634 1046 669 1073 et
685 1039 805 1073 stellae
828 1035 1063 1081 adspicientes
1086 1040 1121 1067 et
1146 1045 1233 1079 qua-

237 1096 318 1129 litas
332 1093 402 1127 loci
416 1090 652 1126 interfectoris
663 1116 672 1130 ,
699 1096 733 1124 et
749 1095 899 1122 naturae
914 1086 1039 1120 finium
1064 1085 1101 1118 in
1124 1083 1234 1128 signis

239 1145 397 1181 Zodiaci.

341 1197 514 1230 Saturnus
532 1192 640 1237 igitur
653 1189 864 1229 dominans,
891 1187 1001 1221 morti
1025 1187 1139 1220 adfert
1163 1184 1234 1218 exi-

239 1249 328 1283 tium
353 1258 417 1292 per
442 1245 587 1279 morbos
609 1242 816 1280 diuturnos,
858 1240 998 1279 tabem,
1037 1234 1234 1277 catarrhos,

239 1300 355 1334 febres
384 1296 567 1342 putridas,
602 1292 704 1326 lienis
730 1289 1061 1329 labefactationem,
1100 1285 1234 1332 hydro-

239 1363 341 1396 pem,
368 1346 549 1382 crassioris
568 1341 727 1378 intestini
746 1348 807 1376 aut
825 1340 983 1374 matricis
1008 1339 1172 1379 dolores,
1200 1344 1235 1371 et

240 1402 308 1435 alia
332 1400 447 1439 mala,
491 1409 580 1443 quae
611 1408 653 1429 ex
679 1392 816 1438 frigidis
847 1391 960 1426 causis
984 1389 1234 1436 superantibus

239 1453 418 1487 oriuntur.

343 1500 477 1546 iupiter
494 1497 668 1541 significat
682 1500 835 1528 mortem
853 1505 895 1526 ex
911 1491 1059 1536 angina,
1095 1491 1235 1536 pulmo-

240 1566 326 1588 num
343 1556 582 1597 apostemate,
608 1545 816 1592 apoplexia,
842 1555 1005 1589 spasmo,
1032 1542 1156 1587 capitis
1173 1543 1235 1575 do-

242 1605 376 1639 loribus
393 1608 428 1636 et
453 1600 579 1634 orificii
599 1596 788 1631 ventriculi
812 1593 1088 1634 offensionibus,
1123 1599 1158 1626 et
1181 1593 1235 1634 iis,

241 1668 332 1703 quae
349 1654 515 1687 accidunt
539 1663 580 1684 ex
602 1647 763 1682 anhelitu
788 1645 1075 1686 vehementiore,
1111 1650 1173 1678 aut
1194 1656 1235 1677 ex

241 1709 257 1741 f
302 1714 389 1740 tore.

257 1720 297 1741 ⁰8
343 1756 442 1789 Mars
458 1754 573 1788 adfert
588 1751 734 1786 exitium
751 1761 814 1795 per
829 1748 943 1782 febres
960 1746 1160 1786 continuas,
1181 1746 1236 1778 vel

241 1807 475 1851 compositas,
510 1805 597 1838 ictus
619 1802 773 1842 subitos,
813 1811 939 1833 renum
964 1797 1236 1838 obstructiones,

241 1870 406 1894 cruorem
430 1856 545 1900 sputi,
585 1852 767 1898 sanguinis
788 1851 935 1885 effluxus
960 1861 1025 1894 per
1056 1848 1236 1890 intestina,

242 1911 408 1949 abortus,
436 1907 676 1940 infelicitatem
697 1904 733 1937 in
752 1908 873 1947 partu,
901 1900 1149 1940 carbunculos,
1176 1912 1236 1933 ne-

244 1974 300 1995 ces
322 1960 515 1995 violentas;
549 1956 701 2002 denique
729 1966 793 1999 per
814 1951 957 1992 omnia,
991 1963 1082 1999 quae
1103 1950 1238 1985 faciunt

245 2009 546 2045 inflammationes
563 2014 598 2041 et
613 2018 792 2041 excessum
808 2003 949 2037 caloris.

345 2061 466 2094 Venus
480 2065 582 2093 necat
596 2070 661 2103 per
678 2053 853 2091 stomachi
868 2060 902 2088 et
924 2051 1061 2100 hepatis
1070 2054 1117 2101 ²⁸)
1143 2065 1238 2087 mor-

244 2115 332 2154 bos,
357 2118 581 2155 mentagras,
607 2108 845 2154 dysenterias‚
873 2117 935 2151 per
951 2118 1115 2146 cancros,
1142 2106 1238 2139 fistu-

246 2165 310 2205 las,
337 2174 495 2203 venena,
521 2161 674 2207 denique
694 2171 758 2204 per
772 2157 934 2192 humoris
949 2156 1239 2197 redundantiam,

247 2222 310 2249 aut
325 2214 606 2258 corruptionem.

349 2265 548 2298 Mercurius
564 2268 667 2297 necat
683 2273 747 2307 per
764 2261 921 2300 furores,
947 2258 1060 2292 animi
1084 2265 1239 2293 conster—

250 2316 432 2356 nationes,
457 2312 710 2349 melancholica
727 2312 872 2352 deliria,
895 2311 1060 2344 morbum
1079 2310 1238 2343 comitia-

249 2368 338 2406 lem,
363 2373 492 2407 tusses,
521 2365 700 2409 angustias
723 2363 894 2409 pectoris,
930 2368 964 2395 et
987 2361 1150 2401 morbos,
1178 2361 1239 2406 qui

249 2431 291 2451 ex
326 2418 515 2450 immodica
551 2416 706 2450 siccitate
725 2441 735 2455 ,
786 2421 848 2448 aut
886 2412 1115 2458 corruptione
1150 2413 1238 2447 sicca

248 2469 428 2502 oriuntur.

351 2518 559 2552 Moriuntur
582 2529 666 2561 ergo
697 2515 853 2550 naturali
877 2522 1010 2556 morte,
1046 2514 1106 2561 qui
1131 2514 1240 2548 disce-

250 2571 341 2604 dunt
358 2582 400 2603 ex
416 2569 500 2609 vita,
517 2581 596 2602 cum
613 2568 744 2608 stellae,
764 2579 854 2614 quae
870 2567 1102 2601 dominantur
1120 2565 1241 2606 morti,

284 2689 333 2717 28)
350 2688 472 2719 hepatis]
493 2687 542 2712 Ed.
559 2686 632 2711 1553.
650 2685 745 2717 epatis.

815 91 938 127 PHIL.
969 90 1082 126 MEL.
1115 85 1318 126 SCRIPTA
1349 89 1687 127 PHILOLOGICA.

2196 93 2270 130 112

1281 176 1437 211 retinent
1464 189 1544 211 suas
1572 183 1633 211 aut
1655 175 1849 210 familiares
1868 176 2074 222 qualitates,
2105 188 2180 210 non
2204 176 2272 211 im-

1281 228 1422 273 peditae
1451 240 1471 260 a
1496 228 1663 261 maleficis
1688 226 1815 261 levatis
1838 239 1945 272 super
1967 240 2046 269 eas,
2078 239 2169 274 quae
2192 239 2273 272 gra·

1281 278 1359 313 vius
1376 279 1516 312 laedere
1532 285 1566 311 et
1584 277 1814 322 insigniorem
1831 277 1962 312 exitum
1980 279 2094 313 facere
2112 284 2273 324 possunt.

1382 329 1499 362 Erunt
1526 335 1643 362 autem
1674 334 1808 362 mortes
1838 328 2016 363 violentae
2041 336 2076 363 et
2104 329 2272 374 insignes,

1283 380 1427 424 quando
1441 386 1502 412 aut
1518 380 1644 412 ambae
1660 379 1838 412 maleficae
1861 380 2093 414 dominantur
2115 381 2195 415 loco
2218 380 2274 413 in—

1282 430 1461 463 terfectori
1485 442 1547 464 seu
1572 429 1773 471 coniuncti,
1805 442 1867 464 seu
1890 443 1932 464 ex
1955 432 2130 476 quadrato
2152 443 2188 466 se
2212 431 2275 464 ad-

1281 480 1489 524 spicientes,
1520 487 1582 514 aut
1606 480 1762 526 oppositi
1781 482 1976 515 secundum
1996 482 2274 526 longitudinem3

1283 536 1346 564 aut
1362 543 1442 563 cum
1458 531 1627 565 alteruter
1638 558 1647 572 ,
1681 532 1737 564 vel
1754 532 1859 565 ambo
1871 559 1881 573 ,
1907 531 2027 565 Solem
2055 539 2117 566 aut
2131 532 2274 567 Lunam

1283 580 1468 625 adfligunt.
1520 581 1641 616 Genus
1658 582 1751 615 enim
1769 582 1895 617 mortis
1911 581 2040 616 horum
2057 583 2276 624 coniunctio,

1283 633 1344 665 sed
1375 631 1573 665 claritatem
1603 639 1638 666 et
1669 633 1951 678 magnitudinem
1978 634 2116 668 lumina
2144 633 2278 678 signifi-

1284 688 1377 717 cant.
1412 682 1602 716 Praeterea
1619 683 1770 729 qualitas
1785 684 1976 718 iudicanda
1997 691 2049 719 est
2065 697 2108 719 ex
2122 685 2276 718 aliarum

1283 733 1465 767 stellarum
1496 734 1756 778 adplicatione,
1795 741 1830 768 et
1858 747 1900 768 ex
1925 734 2055 779 signis,
2087 735 2126 768 in
2148 735 2277 782 quibus

1284 790 1367 818 sunt
1384 784 1577 819 maleficae.

1385 835 1560 869 Saturnus
1578 836 1672 869 enim
1700 841 1762 869 aut
1787 836 1962 881 quadrato
1992 837 2182 881 adspectu,
2216 841 2280 869 aut

1286 897 1327 919 ex
1345 885 1509 931 opposito
1528 886 1726 932 adspiciens
1742 886 1881 927 Solem,
1908 887 2002 921 vitae
2021 887 2213 928 minitans,
2239 886 2279 919 in

1285 937 1394 981 signis
1418 936 1514 978 fixis,
1546 943 1648 971 necat
1672 949 1736 982 per
1759 935 2014 982 prehensiones
2037 938 2183 979 turbae,
2217 942 2281 971 aut

1285 1000 1349 1033 per
1367 987 1536 1033 anginas,
1562 995 1624 1023 aut
1641 988 1974 1032 strangulationem.

1387 1037 1484 1072 Idem
1513 1039 1670 1073 minatur
1702 1039 1878 1074 Saturnus
1910 1038 2074 1074 occidens
2109 1043 2279 1084 sequente

1285 1088 1401 1123 Luna.
1452 1089 1500 1123 Et
1515 1102 1596 1124 cum
1612 1096 1664 1124 est
1678 1089 1716 1123 in
1730 1090 1839 1135 signis
1860 1089 2002 1131 ferinis,
2034 1089 2210 1134 significat
2228 1089 2280 1122 la-

1287 1140 1505 1173 cerationem
1524 1152 1543 1173 a
1559 1141 1692 1175 bestiis.

1388 1189 1435 1224 Et
1459 1203 1539 1224 cum
1554 1190 1688 1236 Iupiter
1710 1191 1871 1225 adflictus
1895 1190 2046 1235 adspicit
2070 1190 2280 1231 Saturnum,

1286 1246 1392 1275 natus
1419 1241 1606 1276 obiicietur
1634 1241 1776 1283 bestiis,
1817 1242 1855 1274 in
1881 1241 2024 1286 publico
2053 1246 2176 1282 coetu,
2217 1245 2281 1273 aut

1285 1292 1501 1337 spectaculo.

1390 1343 1480 1377 Cum
1497 1354 1582 1376 vero
1598 1341 1783 1386 oppositus
1799 1348 1850 1376 est
1864 1341 2039 1376 Saturnus
2058 1340 2161 1375 alteri
2174 1339 2286 1374 lumi·.

1287 1405 1393 1434 num,
1420 1393 1623 1428 ascendenti
1638 1393 1676 1426 in
1690 1390 1910 1437 horoscopo,
1937 1392 2111 1436 significat
2126 1396 2282 1425 mortem

1287 1456 1325 1477 m
1341 1456 1493 1479 carcere.
1732 1483 1734 1487 ,

1390 1495 1481 1529 Cum
1503 1492 1723 1528 Mercurium
1753 1492 1904 1538 adspicit
1924 1493 2099 1528 Saturnus
2126 1492 2282 1526 maxime

1288 1545 1380 1578 circa
1404 1546 1481 1580 loca
1508 1551 1712 1589 serpentum
1734 1543 1772 1576 in
1796 1543 1913 1583 coe10‚
1948 1550 2010 1577 aut
2034 1544 2125 1577 circa
2151 1542 2283 1577 ferinas

1287 1597 1433 1641 figuras:
1459 1597 1634 1641 significat
1647 1600 1801 1628 mortem
1819 1606 1839 1627 a
1855 1594 2040 1628 venenatis
2055 1593 2283 1628 animalibus.

1391 1656 1460 1690 Sed
1483 1669 1563 1689 cum
1589 1654 1695 1689 simul
1718 1660 1770 1688 est
1792 1653 1934 1694 Venus,
1974 1653 2149 1698 significat
2176 1664 2283 1687 vene-

1288 1707 1365 1741 ficia
1382 1713 1417 1741 et
1434 1707 1580 1742 insidias
1598 1705 1801 1739 muliebres.

1392 1766 1482 1800 Cum
1510 1777 1595 1799 vero
1612 1764 1714 1798 Luna
1739 1763 1777 1796 in
1800 1761 1967 1806 Virgine,
2002 1761 2181 1802 Piscibus,
2221 1766 2284 1795 aut

1288 1816 1445 1852 humidis
1461 1816 1569 1862 signis
1586 1814 1937 1860 adspicitSaturnum
1950 1840 1960 1854 ,
1986 1813 2161 1857 mergitur
2177 1818 2284 1847 natus

1289 1869 1326 1902 in
1343 1870 1469 1904 undas.
1520 1867 1567 1902 Et
1582 1866 1673 1900 circa
1689 1864 1811 1899 navim
1822 1863 1919 1909 Argo
1934 1864 2180 1909 significantur
2194 1874 2284 1897 nau-

1288 1920 1412 1965 fragia.

1392 1978 1534 2013 Iunctus
1573 1982 1692 2010 autem
1725 1974 1898 2008 Saturnus
1929 1972 2005 2007 Soli
2035 1972 2073 2005 in
2107 1971 2286 2007 solstitiali

1289 2030 1391 2075 signo
1403 2057 1413 2071 ,
1440 2035 1502 2063 aut
1521 2027 1704 2072 oppositus
1716 2051 1725 2066 ,
1753 2031 1815 2058 aut
1837 2025 1912 2058 vice
1929 2023 2020 2058 Solis
2037 2023 2148 2058 Marti
2172 2035 2286 2068 oppo-

1290 2082 1396 2121 situs,
1423 2080 1597 2124 significat
1611 2083 1736 2110 natum
1754 2075 1911 2120 opprimi
1928 2074 2045 2109 ruina.

1393 2139 1457 2173 Sin
1480 2143 1598 2172 autem
1623 2135 1675 2169 illi
1699 2135 1873 2169 tenebunt
1902 2133 2061 2168 medium
2091 2131 2200 2174 coeli,
2241 2144 2284 2166 ex

1293 2191 1406 2225 arduo
1424 2191 1503 2224 loco
1523 2200 1692 2234 praeceps
1710 2187 1823 2221 cadet.

1393 2249 1492 2283 Mars
1508 2254 1627 2282 autem
1644 2259 1723 2280 cum
1740 2245 1859 2280 Solem
1885 2244 2079 2278 infaustum
2091 2269 2101 2284 ‚
2135 2248 2199 2277 aut
2214 2241 2286 2276 Lu·

1292 2314 1375 2335 nam
1393 2301 1569 2348 quadrato
1586 2299 1753 2343 adspectu
1777 2302 1839 2330 aut
1863 2294 2028 2340 opposito
2052 2293 2223 2340 adspicit,
2248 2293 2288 2327 in

1291 2352 1399 2398 signis
1413 2350 1579 2386 humanis
1595 2349 1768 2394 significat
1782 2359 1884 2381 neces
1899 2347 1936 2380 in
1951 2345 2185 2381 seditionibus
2201 2344 2288 2379 civi-

1292 2405 1404 2445 libus,
1445 2410 1508 2436 aut
1538 2400 1800 2435 interficiendos
1831 2399 1876 2431 ab
1907 2395 2088 2438 hostibus,
2130 2403 2193 2431 aut
2222 2407 2285 2430 sua

1293 2468 1414 2490 manu.
1475 2454 1636 2500 Cumque
1652 2452 1772 2486 Venus
1793 2450 1947 2484 Martem
1972 2447 2144 2493 adspicit,
2177 2447 2287 2492 signi—

1293 2509 1374 2541 ficat
1405 2505 1571 2540 mulieres
1603 2510 1665 2538 aut
1698 2514 1839 2537 causam
1870 2501 1965 2535 necis
1995 2500 2185 2544 praebere,
2225 2505 2286 2533 aut

1293 2559 1386 2604 ipsas
1409 2564 1533 2590 natum
1555 2556 1800 2589 interfecturas
1826 2565 1911 2586 esse.
1970 2550 2060 2584 Cum
2086 2563 2172 2585 vero
2189 2549 2285 2584 Mer-

1293 2610 1410 2643 curius
1422 2609 1576 2641 Martem
1592 2606 1759 2651 adspicit,
1786 2611 1889 2638 natus
1905 2602 2136 2637 interficietur
2151 2615 2171 2636 a
2188 2601 2284 2648 pira-

1293 2661 1356 2701 tis,
1382 2666 1443 2694 aut
1458 2659 1676 2698 latronibus,
1704 2663 1765 2690 aut
1780 2654 2049 2702 grassatoribus.
