2373 2980
249 140 295 176 51
831 139 952 174 PHIL.
988 137 1101 173 MEL.

248 238 332 265 nas,
360 225 541 269 sanguinis
569 225 793 269 eruptiones,
827 225 973 258 morbos
997 231 1137 265 acutos,
1166 225 1241 258 vio-

249 278 364 311 lentos
389 277 552 310 interitus
578 277 765 315 iuvenum,
810 275 1036 316 violentiam,
1080 276 1241 315 iniurias,

251 329 433 365 incendia,
478 326 688 366 homicidia,
731 326 892 370 rapinas,
935 327 1135 361 latrocinia.
1200 326 1239 359 In

251 391 331 412 aere
354 391 438 411 vero
467 385 602 416 aestus,
644 384 768 410 ventos
795 379 948 417 calidos,
990 379 1177 422 pestiferos
1207 384 1241 410 et

249 430 427 467 tabificos,
464 428 652 461 fulminum
677 428 928 469 iaculationes,
963 429 1142 468 turbines,
1175 428 1241 461 sic-

248 481 382 513 citates.
435 477 473 511 In
492 479 582 511 mari
602 491 707 517 vem,
745 480 860 512 subita
885 480 1069 523 naufragia
1092 486 1240 523 propter

248 530 350 563 ssatus
368 529 607 569 turbulentos,
635 536 667 562 et
686 530 854 569 fulmina,
892 537 925 563 et
950 530 1082 563 similes
1107 542 1239 563 causas.

247 580 287 613 In
304 580 510 614 fluminibus
529 593 612 613 vero
632 593 741 625 aquas
759 582 931 620 exsorbet,
960 582 1074 614 sontes
1088 581 1241 614 desiccat

247 638 280 664 et
293 629 456 676 lymphas
473 632 688 675 corrumpit,
717 632 894 664 frumenta
923 638 956 664 et
980 644 1035 665 res
1058 637 1151 664 terra
1177 643 1240 663 na-

247 688 381 716 scentes
397 682 575 721 diminuit,
605 688 637 715 et
655 683 708 714 vel
727 689 873 726 propter
892 689 1019 722 aestus,
1047 689 1238 728 antequam

247 731 485 771 invehuntur,
513 733 568 766 vel
584 733 739 766 invectas
756 733 927 766 incendiis
942 733 1070 777 perdit.

348 800 468 833 Venus
486 813 563 833 cum
580 800 653 833 sola
673 801 890 841 dominatur,
915 800 1128 844 generaliter
1143 799 1239 833 simi-

246 850 293 883 lia
308 849 382 883 Iovi
404 851 507 883 efficit
526 864 604 883 cum
623 858 807 884 venustate
824 853 990 896 quadam.
1044 850 1238 884 Peculiari-

247 907 301 934 ter
325 914 409 934 vero
431 899 635 935 bominibus
655 902 825 946 gloriam,
855 901 1028 943 bonores,
1053 901 1238 941 laetitiam,

246 953 443 985 ubertatem
473 965 668 992 annorum,
698 954 836 997 placida
860 953 1043 997 coniugia,
1071 965 1239 985 numero-

247 1015 321 1036 sam
345 1003 501 1037 sobolem
516 1030 524 1044 ,
566 1004 715 1048 gratiam
740 1004 776 1036 in
800 1004 963 1037 amicitiis
987 1011 1021 1037 et
1045 1003 1239 1047 congressi-

246 1054 330 1093 bus,
356 1055 574 1087 incrementa
590 1055 818 1094 facultatum,
847 1056 1058 1089 munditiem
1079 1056 1115 1087 in
1132 1055 1238 1093 victu,

247 1105 462 1144 comitatem,
487 1106 723 1138 reverentiam
742 1106 953 1150 religionum
971 1106 1112 1144 tribuit;
1139 1117 1239 1149 prae-

245 1161 341 1189 terea
379 1162 412 1189 et
446 1157 579 1190 bonum
615 1155 773 1190 habitum
809 1158 986 1202 corporis,
1028 1165 1062 1191 et
1089 1155 1240 1189 familia-

246 1208 389 1240 ritatem
409 1219 486 1240 cum
505 1208 736 1252 principibus.
798 1207 836 1240 In
863 1221 942 1241 aere
965 1220 1070 1247 vero,
1106 1214 1239 1251 tempe—

246 1265 343 1291 ratos
374 1265 519 1297 ventos,
559 1257 724 1291 humidas
749 1265 782 1291 et
804 1260 995 1293 foecundas
1017 1258 1240 1292 constituti0-

245 1321 328 1349 nes,
355 1310 486 1341 bonam
507 1315 751 1353 tempestatem
773 1316 806 1342 et
823 1311 1069 1350 serenitatem,
1096 1310 1240 1342 foecun-

247 1361 310 1393 dos
328 1360 475 1400 imbres,
504 1360 749 1404 navigationes
771 1361 887 1395 felices
914 1367 948 1394 et
972 1361 1148 1399 lucrosas,
1176 1360 1240 1392 flu-

245 1411 383 1443 minum
414 1411 690 1451 exundationes,
733 1413 871 1455 copiam
904 1413 1165 1452 iumentorum,
1207 1417 1240 1443 et

245 1463 423 1495 fructuum
442 1469 557 1494 terrae
575 1462 844 1496 abundantiam.

348 1530 548 1564 Mercurius
567 1544 646 1563 cum
663 1531 758 1564 solus
775 1530 1000 1569 dominatur,
1028 1528 1240 1573 generaliter

247 1582 340 1615 illius
365 1582 483 1615 stellae
512 1588 660 1615 naturae
684 1594 719 1614 se
744 1582 1009 1620 accommodat,
1045 1580 1100 1613 cui
1126 1579 1239 1623 iungi-

247 1639 323 1671 tur3
350 1633 408 1666 sed
428 1633 555 1666 celeres
572 1640 689 1666 motus
706 1632 897 1676 significat3
932 1632 969 1664 in
992 1629 1159 1664 humanis
1180 1642 1240 1663 ne-

248 1683 352 1728 gotiis
366 1710 374 1723 ,
400 1684 635 1723 celeritatem,
670 1684 880 1717 industriam
901 1689 934 1715 et
949 1683 1177 1715 calliditatem
1196 1682 1240 1714 ad

248 1747 308 1774 ea,
344 1747 434 1780 quae
459 1736 591 1778 agenda
618 1741 711 1768 sunt.
769 1733 961 1768 Insidiator
979 1734 1015 1765 in
1031 1733 1240 1772 latrociniis,

246 1785 368 1825 furtis,
409 1792 443 1818 et
474 1786 510 1818 in
543 1786 710 1829 piratica,
750 1786 833 1818 sacit
864 1785 1022 1818 difficiles
1052 1782 1240 1823 anhelitus,

247 1836 387 1869 iunctus
405 1837 590 1876 maleficis,
625 1843 658 1868 et
679 1837 824 1869 morbos
848 1837 976 1875 siccos,
1007 1842 1041 1868 et
1063 1835 1240 1880 quotidia-

247 1899 283 1919 ιιι
286 1900 312 1920 15
334 1888 466 1926 febres,
494 1894 623 1926 tusses,
652 1885 915 1926 anhelationes,
941 1887 1058 1919 tabem
1077 1892 1111 1919 et
1127 1891 1241 1918 muta-

248 1938 362 1971 tiones
379 1938 415 1970 in
435 1951 461 1970 c:
464 1938 685 1977 1eremoniis,
714 1938 964 1982 religionibus,
991 1937 1164 1970 reditibus
1187 1948 1240 1968 re-

249 1989 333 2033 giis,
367 1989 535 2022 institutis
556 1995 589 2021 et
609 1989 763 2032 legibus,
795 1989 889 2022 iuxta
915 2001 949 2020 ιιι
943 1994 1022 2021 ¹1tu1
1025 2001 1081 2020 am
1108 1987 1241 2026 stellae,

249 2039 305 2073 cui
325 2039 494 2082 iungitur.
548 2038 585 2071 ln
606 2052 684 2072 aere
697 2066 705 2078 ,
734 2053 811 2072 cum
830 2041 874 2073 sit
892 2040 1001 2072 siccus
1021 2045 1054 2071 et
1072 2039 1162 2071 cele1
1173 2064 1181 2077 ,
1208 2044 1242 2070 et

250 2091 339 2123 circa
367 2090 483 2123 Solem
510 2102 621 2134 prope
646 2091 726 2123 xolx
732 2097 830 2130 atur,
866 2097 989 2123 ventos
1017 2090 1083 2122 ciet
1106 2089 1241 2121 inordi-

248 2148 371 2180 natos,
406 2141 552 2181 celeres,
587 2141 703 2174 subito
730 2117 936 2180 muta’biles,
970 2141 1147 2179 tonitrua,
1175 2140 1240 2172 sul-

249 2192 367 2231 mina,
395 2190 533 2230 hiatus,
568 2198 682 2224 terrae
705 2198 822 2224 motus
847 2198 880 2224 et
905 2192 1056 2235 fulgura.
1117 2190 1161 2223 Et
1186 2188 1241 2222 his

250 2242 361 2276 causis
379 2243 554 2275 interdum
576 2242 723 2276 exitialis
748 2249 797 2275 est
821 2243 914 2274 anim
922 2242 1062 2275 antibus
1087 2247 1121 2273 et
1141 2241 1187 2284 pL·
1191 2253 1241 2272 ιιι-

250 2293 305 2326 tis.
345 2292 432 2325 Cum
450 2300 500 2326 est
518 2293 756 2333 occidentalis,
783 2293 951 2325 diminuit
966 2292 1104 2326 flumini
1105 2305 1132 2323 1·
1125 2317 1133 2330 ,
1161 2304 1240 2324 cum

250 2350 301 2377 est
321 2343 520 2384 orientalis,
547 2351 661 2387 auget.

354 2409 452 2442 Talis
469 2415 538 2448 est,
567 2416 604 2442 ut
626 2410 716 2449 dixi,
745 2416 871 2443 natur1
892 2409 1059 2453 cuiusque
1078 2408 1240 2452 planetae

251 2473 315 2505 per
329 2473 421 2497 sese;
444 2460 503 2492 sed
520 2460 618 2492 mixti
635 2461 724 2499 aliis,
741 2473 806 2504 pro
824 2461 995 2493 varietate
1011 2461 1240 2502 adspectuum
1265 2473 1267 2480 ⁴

253 2518 287 2544 et
310 2512 515 2555 signorum,
550 2517 582 2542 et
605 2511 723 2553 positu
747 2512 791 2542 ad
813 2511 930 2543 Solem
945 2537 954 2550 ‚
989 2510 1241 2542 convenienter
1265 2531 1268 2542 .

251 2568 392 2596 mutant
419 2561 594 2600 actiones,
635 2567 669 2594 et
693 2573 734 2594 ex
756 2562 1007 2594 commixtione
1029 2567 1240 2594 naturarum

251 2613 372 2645 variae
397 2612 584 2657 qualitates
608 2611 771 2645 existunt.
834 2612 921 2645 Cum
943 2618 1061 2647 autem
1080 2611 1241 2655 impossi-

251 2664 320 2695 bile
345 2664 408 2702 sit,
444 2663 660 2706 singularum
690 2662 900 2695 mixtionum
924 2663 1110 2707 qualitates
1136 2674 1242 2706 expo-

252 2726 356 2754 nere,
382 2720 416 2746 et
432 2725 554 2747 omnes
579 2714 875 2755 configurationes
895 2714 1062 2753 recitare,
1089 2725 1239 2758 quarum
1266 2730 1269 2753 ς

1137 137 1338 174 SCRIPTA
1373 139 1435 173 PH
1440 137 1709 173 ILOLOGICA.

1265 2484 1268 2528 ι

1265 2670 1268 2727 l

2236 139 2286 178 52

1294 231 1391 257 tanta
1413 231 1463 258 est
1484 225 1654 262 varietas,
1690 222 1777 256 baec
1801 223 2039 257 consideratio
2065 225 2286 269 singularum

1293 274 1534 308 mathematici
1554 274 1735 317 sagacitati
1752 280 1786 307 et
1801 275 2010 318 prudentiae
2028 276 2262 322 relinquatur.

1395 326 1461 359 Sed
1483 323 1568 357 baec
1595 325 1783 369 diligenter
1809 326 2095 367 observabimus,
2128 339 2218 372 quae
2242 327 2287 361 sit

1292 376 1474 409 stellarum
1519 377 1661 409 eventui
1698 376 1961 409 dominantium
1995 378 2219 411 familiaritas
2252 384 2287 411 et

1293 427 1458 469 cognatio
1485 439 1564 459 cum
1589 427 1656 460 illis
1680 428 1884 471 regionibus
1908 428 2118 468 urbibusve,
2158 429 2288 474 quibus

1293 484 1438 511 eventus
1460 478 1658 512 imminent.
1714 478 1856 512 Etenim
1880 480 2056 511 beneficae
2080 480 2218 520 stellae,
2252 485 2289 513 et

1291 528 1378 561 locis
1397 529 1539 561 eventui
1564 529 1726 563 obnoxiis
1755 530 1966 574 cognatione
1990 530 2107 575 aliqua
2134 531 2286 570 iunctae,

1292 578 1320 612 si
1340 591 1412 611 non
1432 586 1644 623 superentur
1667 581 1710 612 ab
1739 581 1816 614 aliis
1843 581 2042 613 contrariae
2069 587 2182 614 sectae
2206 581 2288 614 stel-

1291 629 1354 670 lis,
1396 631 1570 664 efficacius
1602 629 1688 670 hoc,
1734 633 1830 676 quod
1860 632 2093 675 pollicentur,
2136 638 2286 665 naturae

1291 692 1375 714 suae
1392 681 1553 714 bonitate
1575 682 1776 715 absolvunt.
1835 683 1871 715 Si
1894 683 1990 715 nulla
2015 682 2210 716 intercedat
2237 681 2288 716 eis

1292 732 1476 775 cognatio,
1516 739 1577 765 aut
1608 739 1821 776 superentur
1851 734 1894 765 ab
1926 733 2139 766 adversariis
2166 733 2286 772 stellis,

1291 782 1408 816 minus
1425 789 1587 826 prosunt.
1636 782 1685 815 lta
1704 784 1832 816 noxiae
1848 784 1967 817 stellae
1986 784 2186 817 dominium
2204 795 2288 816 con-

1291 840 1482 878 sequutae,
1524 834 1551 867 si
1579 840 1613 866 et
1636 834 1723 867 locis
1749 834 1891 867 eventui
1916 834 2079 868 obnoxiis
2102 846 2287 868 consense-

1291 884 1381 924 rint,
1411 891 1444 917 et
1461 885 1660 918 contrariae
1677 891 1790 918 sectae
1806 886 1914 919 stellis
1930 886 2196 926 succubuerint,
2219 885 2286 918 mi-

1291 948 1357 968 nus
1373 936 1530 969 laedunt.
1585 936 1722 969 sivero
1744 948 1808 968 nec
1835 937 2039 980 regionibus
2065 936 2160 981 ipsae
2184 947 2288 981 prae-

1291 986 1440 1025 fuerint,
1466 999 1530 1019 nec
1556 986 1747 1031 impeditae
1773 988 1906 1020 fuerint
1929 988 1972 1020 ab
1997 987 2095 1027 aliis,
2132 999 2285 1033 quarum

1291 1036 1328 1068 in
1371 1037 1535 1080 regiones
1570 1038 1774 1081 significatis
1808 1038 1991 1072 eventibus
2023 1039 2197 1072 subiectas
2231 1038 2287 1071 ius

1292 1089 1473 1132 quoddam
1503 1095 1571 1128 est,
1612 1100 1651 1121 ac
1677 1089 1898 1128 dominium,

1291 1150 1375 1171 suae
1392 1139 1653 1172 constitutionis
1671 1145 1802 1182 pestem
1823 1140 2000 1183 infligunt.

1396 1189 1444 1221 Ut
1462 1190 1655 1233 plurimum
1675 1196 1791 1222 autem
1816 1191 2076 1225 universalibus
2099 1191 2202 1224 malis
2222 1202 2288 1234 po-

1293 1239 1467 1272 tissimum
1504 1240 1748 1283 corripiuntur
1775 1240 1819 1280 ii,
1859 1241 1896 1273 in
1929 1254 2082 1286 quorum
2115 1241 2287 1285 genituris

1292 1291 1482 1334 praecipua
1500 1291 1591 1330 loca,
1615 1303 1743 1334 nempe
1760 1291 1935 1324 luminum
1954 1298 1988 1324 et
2005 1292 2203 1332 cardinum,
2231 1304 2288 1326 ea-

1293 1342 1373 1373 dem
1390 1348 1471 1375 sunt
1490 1341 1674 1381 cumillis,
1703 1353 1721 1373 ιι
1746 1342 1874 1386 quibus
1900 1343 2155 1376 universalium
2183 1355 2289 1376 even-

1293 1398 1393 1425 tuum
1414 1404 1538 1425 causae
1554 1391 1838 1436 proficiscuntur,
1866 1393 1902 1425 id
1920 1399 1982 1432 est,
2005 1393 2199 1451 ecliptimcis
2190 1395 2288 1444 lpsis‚

1293 1449 1354 1475 aut
1368 1441 1422 1476 bis
1443 1443 1626 1487 oppositis.
1681 1443 1748 1475 Sed
1772 1443 2043 1487 periculosum
2034 1444 2218 1488 inprimis,
2254 1451 2289 1478 et

1292 1494 1497 1527 inevitabile
1515 1501 1584 1534 est,
1611 1493 1641 1527 si
1656 1494 1752 1538 ipsae
1769 1494 2011 1538 eclipticorum
2028 1496 2189 1529 locorum
2205 1507 2289 1540 par-

1293 1551 1364 1585 tes,
1391 1551 1452 1578 aut
1471 1545 1684 1590 oppositae‚·
1705 1545 1925 1579 conciderint
1941 1558 2019 1579 cum
2037 1547 2212 1590 'gradibus
2238 1547 2288 1580 al-

1292 1596 1462 1629 terutrius
1478 1596 1675 1636 luminum,
1703 1609 1792 1641 quos
1811 1597 1995 1640 geniturae
2022 1603 2184 1641 tempore
2205 1610 2288 1642 pos-

1294 1648 1474 1681 sederunt.

1359 1731 1412 1763 De
1439 1729 1601 1761 coloribus
1628 1730 1664 1761 in
1691 1728 1886 1770 eclipsibus,
1921 1729 2056 1761 cometis
2080 1733 2112 1761 et
2139 1728 2220 1761 aliis

1685 1779 1885 1812 huiusmodi.

1395 1845 1533 1878 Obserx
1537 1845 1620 1877 andi
1638 1853 1720 1879 sunt
1738 1846 1774 1878 in
1798 1846 1951 1878 univers:
1954 1845 2055 1878 dibus
2083 1845 2286 1879 considera-

1265 1895 1448 1959 tionibus
1465 1896 1628 1930 colores
1619 1909 1655 1928 ιιι
1675 1897 1856 1941 deliquiis,
1892 1908 1971 1929 cum
1998 1897 2157 1940 ipsulum
2182 1895 2286 1928 lumi-

1293 1959 1401 1987 num,
1430 1953 1504 1980 tum
1523 1959 1644 1979 eorum
1657 1973 1666 1987 ,
1695 1948 1755 1992 qui
1776 1948 1870 1980 iuxta
1889 1948 1977 1979 siunt
1992 1954 2025 1979 et
2034 1947 2211 1987 existunt:
2246 1952 2287 1980 ut

1293 1998 1493 2041 virgarum,
1521 2011 1705 2037 ar.·e1rum,
1727 2004 1760 2030 et
1776 2010 1865 2042 quae
1883 1998 1950 2030 alia
1969 2004 2050 2031 sunt
2068 1995 2286 2031 huiusmodi.

1293 2049 1330 2081 Si
1348 2049 1441 2081 enim
1462 2049 1591 2092 nigrat
1582 2048 1826 2092 apparuerint,
1843 2054 1903 2080 aut
1919 2049 2106 2088 sublivida,
2125 2060 2178 2088 ea,
2194 2060 2285 2093 quae

1292 2101 1336 2133 de
1363 2100 1507 2132 Sz·1t1uni
1531 2106 1659 2132 natura
1689 2099 1933 2143 exposuimus,
1973 2099 2116 2141 Sigmfic
2111 2105 2181 2133 int
2248 2099 2286 2132 Si

1295 2151 1443 2183 candidi
1463 2149 1842 2189 xisas1111111tlovis;
1877 2150 1904 2182 si
1924 2149 2049 2189 rutila,
2077 2150 2220 2188 Martis;
2255 2149 2285 2183 si

1294 2201 1326 2233 fl.
1323 2214 1375 2233 ινι
1366 2214 1405 2241 ιι,
1433 2201 1599 2239 Veneris;
1636 2201 1664 2234 si
1683 2214 1702 2234 x
1706 2201 1800 2241 aria,
1827 2200 1996 2232 Mercurii
2015 2207 2165 2233 naturae
2181 2212 2285 2234 even-

1295 2259 1349 2285 tus
1375 2253 1652 2296 respondebunt.
1721 2252 1824 2296 Quod
1849 2251 1877 2284 si
1901 2257 1972 2283 tota
1997 2251 2172 2284 luminum
2207 2263 2284 2284 cor-

1294 2314 1403 2347 pora,
1432 2309 1492 2335 aut
1509 2309 1569 2335 101:
1572 2316 1617 2335 1m
1637 2303 1789 2335 vicinam
1808 2302 2085 2347 circumquaque
2101 2302 2283 2346 regionem

1294 2353 1423 2386 coloris
1446 2354 1645 2398 proprietas
1672 2353 1871 2397 occuparit,
1912 2353 2072 2396 pluribus
2096 2353 2282 2396 regionum

1293 2405 1453 2449 partibus
1471 2405 1616 2448 signifi&
1619 2411 1684 2445 1ta,
1713 2404 1893 2448 eclipsium
1919 2410 2086 2437 eventura
2113 2404 2282 2438 decernit.

1293 2455 1355 2489 Sin
1372 2468 1583 2501 quacunque
1599 2468 1616 2488 a
1635 2462 1733 2499 parte
1751 2455 1957 2493 constiterit,
1980 2454 2042 2494 illi,
2066 2455 2101 2487 in
2119 2467 2177 2500 qu:
2171 2455 2284 2502 unm)

1293 2519 1329 2540 se
1348 2506 1477 2571 coloris
1494 2507 1693 2551 proprietas
1708 2506 1874 2546 inflectit,
1900 2506 2016 2538 sutura
2036 2506 2233 2539 denuntiat.

1328 2624 1375 2652 1²)
1394 2623 1501 2652 ἰ11ῑ,ῐιι
1521 2624 1614 2652 quam]
1640 2622 1681 2645 sic
1699 2622 1908 2650 scripsimus-
1876 2629 1908 2641 =
1927 2620 2041 2645 Ptolem.
2061 2619 2124 2651 περὶ
2142 2618 2230 2644 ἐκεῖνο
2249 2618 2284 2644 τὰ

1363 2657 1464 2695 μέρος,
1484 2653 1552 2679 21¹³}
1571 2654 1586 2679 ὃ
1604 2654 1640 2679 (ἓν
1661 2658 1718 2685 (vel
1737 2653 1802 2679 ὅποι
1818 2652 1870 2684 ἆι,
1890 2656 1933 2678 vel
1953 2650 1979 2677 οἶ
1997 2652 2048 2684 ιῖι,
2068 2656 2087 2679 C
2089 2655 2283 2680 ainerariiEd.

1364 2689 1415 2715 ἔιὲν
1433 2689 1672 2721 zai,Me1a11u=on
1693 2691 1717 2713 iu
1737 2692 1811 2713 textu
1830 2690 1934 2719 quidem
1955 2690 2061 2713 exhibet
2079 2687 2140 2712 καὶ.
2159 2689 2185 2712 in
2205 2694 2281 2712 mar·-

1363 2727 1427 2756 gine
1437 2728 1526 2749 autem
1540 2725 1686 2754 adscripsit
1699 2725 1762 2748 illas
1773 2724 1972 2748 correctiones·
1993 2721 2055 2747 ὅποι
2071 2720 2115 2753 ὢ,
2134 2724 2179 2747 vet
2194 2717 2287 2752 dciv,

1940 1095 2015 1122 tum
2041 1088 2287 1122 vehementius
2322 1112 2325 1115 -
