2373 2980
229 94 298 127 871
804 91 925 127 PfflL.
952 93 1063 129 MEL.
1097 94 1298 130 SCRIPTA
1325 94 1659 131 PHILOLOGICA.
2191 107 2264 143 872

282 181 361 212 Bac.
381 178 472 212 Num
493 176 707 211 existimabis
727 188 782 209 me
801 177 956 221 primum
977 185 1122 214 tuorum
1138 182 1224 214 ami-
1331 181 1432 215 Hunc
1451 182 1487 214 in
1513 193 1681 225 magnum
1706 188 1894 219 certamen.
1956 186 2078 222 Victor
2100 202 2185 223 vero
2211 193 2263 225 fu-

643 237 765 261 corum
777 253 786 267 ,
1687 238 1786 267 turus
1802 247 1878 268 sum
1897 249 1959 280 ego
1970 265 1979 278 ,

282 280 434 324 Quando
461 285 601 322 praeter
628 284 725 312 tuam
751 279 957 322 opinionem
986 281 1120 318 videbis
1136 283 1224 318 Bac·
1327 282 1368 315 Et
1386 282 1570 320 Bromius;
1599 289 1735 316 caetera
1753 296 1809 319 res
1826 285 1900 329 ipsa
1919 288 2100 325 indicabit,

640 327 721 362 chas
738 341 810 362 esse
831 332 1031 366 modestas?

291 384 368 414 Pen.
399 381 574 414 Utrumne
592 377 752 424 thyrsum
772 381 893 414 dextra
912 395 1054 417 sumens
1071 397 1198 425 manu,
1644 365 1898 418 [S‘rW'h'e']

236 433 308 466 940
336 433 405 465 Aut
424 433 459 464 in
478 431 606 470 altera,
634 429 794 464 Bacchae
812 433 923 476 magis
939 434 1064 469 similis
1082 448 1141 469 ero
1153 436 1167 468 ’.Ρ

287 485 366 517 Bac.
397 482 433 515 ln
452 483 573 514 dextra
592 483 777 522 convenit,
806 489 839 516 et
856 483 961 518 simul
977 487 1100 519 dextro
1116 488 1204 531 pede

285 533 427 566 Tollere
444 545 540 569 eum;
558 533 663 566 laudo
675 545 774 573 vero,
793 535 889 579 quod
902 538 1045 570 mutasti
1058 544 1223 571 mentem.
1249 557 1252 571 ι
1332 534 1400 567 Ubi
1422 534 1547 567 Cadmi
1563 535 1655 568 filiae
1673 534 1824 572 thiasum
1850 541 2038 576 celebrant.

289 587 368 618 Pen.
397 585 593 618 Possumne
613 591 771 617 montem
790 584 1040 620 Cithaeronem
1249 581 1252 606 1
1328 584 1462 618 lniicite
1479 585 1526 619 eis
1540 587 1697 619 furorem

286 635 374 668 Cum
394 635 477 680 ipsis
491 633 638 668 Bacchis
654 635 740 669 meis
756 633 914 671 humeris
932 638 1092 682 gestare?
1249 615 1252 663 1
1327 637 1505 670 Adversus
1521 637 1626 670 istum
1644 637 1681 670 in
1698 639 1824 673 vestitu
1840 642 2005 676 muliebri

238 685 311 720 945
336 689 418 720 Bac.
448 687 606 725 Poteris,
634 686 663 719 si
681 687 795 724 voles;
824 687 922 731 prius
938 701 1022 722 vero
1038 697 1191 723 mentem
1249 664 1253 710 1
1328 687 1593 731 Speculatorem
1617 689 1798 723 rabiosum
1816 691 2044 728 Maenadum.

288 737 368 772 Non
405 736 560 771 habuisti
593 749 715 771 sanam
729 764 737 777 ‚
777 749 871 771 nunc
906 751 990 772 vero
1026 738 1152 780 habes,
1188 748 1223 774 ut
1277 736 1351 771 980
1380 738 1495 771 Mater
1510 739 1666 782 primum
1683 740 1757 784 ipsa
1775 753 1792 773 a
1812 742 1902 776 laevi
1920 751 2019 788 petra

645 794 798 832 oportet.
1252 794 1253 797 ’
1329 789 1401 822 Aut
1421 801 1438 821 a
1458 790 1539 833 palo
1560 790 1680 835 aliquo
1696 791 1830 825 videbit

290 841 369 872 Pete.
397 838 520 872 vectes
538 839 692 872 feramus
705 865 713 878 ‚
742 845 802 872 aut
819 839 983 874 manibus
999 842 1164 874 revellam
1179 869 1187 881 ,
1250 806 1254 895 i
1330 839 1557 873 Insidiantem
1570 867 1579 880 ‚
1607 841 1774 875 clamabit
1789 845 1833 876 ad
1851 844 2058 880 Maenades:

286 889 496 933 Supponens
513 887 701 922 humerum
719 896 780 922 aut
796 888 982 923 brachium
1001 893 1199 927 verticibus.
1328 891 1416 935 Quis
1436 889 1491 924 hic
1515 891 1667 925 filiarum
1687 892 1814 927 Cadmi
1839 895 2069 941 investigator
2094 899 2266 931 montico-

288 943 368 974 Bac.
396 940 448 974 Ne
465 946 502 973 tu
520 937 767 984 Nympharum
788 941 914 983 perdas
931 943 1049 974 sedem
1686 944 1802 978 larum

239 990 312 1025 950
338 991 383 1023 Et
400 991 507 1024 Panis
527 991 643 1023 sedem
657 1016 665 1029 ‚
693 989 753 1022 ubi
771 991 860 1023 solet
875 991 1042 1026 fistulare.
1329 991 1435 1024 Venit
1454 991 1489 1023 in
1505 993 1688 1026 montem?

287 1044 367 1075 Pen.
397 1042 503 1074 Recte
520 1040 656 1073 dixisti:
684 1052 758 1073 non
777 1041 906 1074 robore
922 1042 1116 1076 vincendae
1133 1051 1214 1077 sunt
1251 1050 1253 1082 1
1278 1041 1352 1075 985
1380 1042 1469 1087 Quis
1487 1055 1566 1076 eum
1584 1044 1728 1087 genuit?

1279 432 1351 466 975
1383 434 1480 467 Ghor.
1517 432 1587 473 lte,
1624 435 1750 469 celeres
1778 448 1880 472 canes
1903 452 1981 473 cum
2006 442 2123 482 rabie,
2160 444 2205 477 ite
2228 444 2263 476 in

1685 494 1864 528 montem,

287 1092 470 1130 Mulieres;
499 1091 672 1125 abietibus
690 1104 807 1125 meum
827 1093 1011 1127 occultabo
1028 1106 1166 1138 corpus.
1329 1093 1410 1127 ΜΠ
1429 1093 1521 1126 enim
1541 1106 1581 1126 ex
1596 1095 1766 1138 sanguine

286 1145 367 1178 Bac.
394 1142 637 1177 Occultaberis
653 1143 907 1183 occultatione,
936 1157 1004 1189 qua
1023 1152 1055 1178 te
1074 1153 1226 1190 oportet,
1330 1143 1496 1177 Muliebri
1514 1151 1618 1178 natus
1634 1151 1703 1185 est,

287 1195 490 1228 Profectum
524 1194 789 1227 fraudulentum
821 1193 1038 1229 Maenadum
1069 1198 1225 1240 specula·
1329 1194 1397 1228 Sed
1413 1207 1452 1228 ex
1468 1195 1571 1228 leone
1589 1201 1651 1228 aut
1667 1196 1835 1239 Gorgone

647 1251 775 1278 torem.
1329 1245 1459 1290 Libyca
1479 1258 1587 1289 genus
1606 1245 1724 1280 hahet.

237 1296 310 1330 955
338 1299 420 1330 Pen.
447 1296 557 1341 Atqui
574 1295 676 1328 video
693 1307 750 1329 eas
768 1295 804 1328 in
822 1295 965 1330 latebris
983 1298 1090 1331 veluti
1108 1310 1188 1332 aves
1279 1295 1354 1330 990
1380 1297 1511 1329 Veniat
1527 1297 1614 1329 ultio
1632 1298 1749 1330 divina
1771 1299 1886 1341 palam
1901 1326 1910 1337 ‚

285 1347 476 1380 Lectorum
494 1347 669 1380 contineri
684 1347 891 1390 gratissimis
910 1347 945 1380 in
962 1349 1080 1393 septis.
1331 1348 1459 1380 Veniat
1475 1354 1610 1380 armata
1631 1360 1711 1381 ense
1722 1375 1730 1387 ‚

292 1401 370 1433 Bac.
400 1399 527 1432 Nonne
546 1398 653 1442 igitur
671 1398 716 1430 ad
735 1410 792 1432 eas
812 1398 912 1432 vadis
929 1399 1067 1434 custos?
1251 1416 1255 1444 Ι
1330 1397 1544 1431 Inter-ficiens
1559 1399 1699 1441 penitus
1716 1398 1790 1430 Dea

287 1450 412 1494 (Iapies
445 1462 504 1483 eas
535 1448 692 1483 fortassis
705 1476 714 1489 ,
759 1449 788 1482 si
817 1455 855 1482 tu
885 1462 958 1482 non
989 1451 1086 1495 prius
1120 1450 1226 1483 fueris
1252 1459 1254 1488 1
1329 1448 1502 1493 Impium,
1528 1449 1735 1482 sceleratum
1748 1475 1757 1489 ,
1783 1448 1952 1482 iniustum

645 1505 778 1544 captus.
1250 1492 1254 1559 l
1328 1499 1497 1533 Echionis
1519 1500 1719 1543 terrigenae
1737 1499 1847 1532 filium
1860 1526 1868 1539 ,

286 1555 365 1586 Pen.
393 1551 516 1585 Deduc
533 1563 588 1583 me
605 1563 668 1595 per
685 1550 839 1583 mediam
850 1548 1061 1583 Thebanam
1076 1556 1225 1588 terram3

237 1604 310 1639 960
337 1603 439 1637 Solus
457 1602 551 1635 enim
568 1614 610 1635 ex
627 1601 711 1646 ipsis
729 1614 806 1635 sum
824 1602 879 1634 vir
894 1600 962 1634 hoc
979 1602 1123 1635 audens.
1251 1631 1252 1636 ,
1597 1572 1947 1621 [Annstm’phe‘]

287 1657 367 1689 Bac.
395 1654 451 1687 Tu
469 1653 563 1687 solus
578 1665 644 1697 pro
661 1650 728 1686 hac
744 1652 924 1697 republica
943 1653 1101 1685 laboras:
1250 1640 1253 1676 1
1276 1642 1352 1678 995
1379 1643 1451 1688 Qui
1466 1642 1587 1687 issiqUa
1604 1648 1722 1675 mente
1740 1648 1774 1674 et
1792 1642 1920 1675 iniusta
1942 1642 1993 1675 il'a

288 1705 409 1751 ltaque
427 1710 573 1738 manent
588 1710 620 1736 te
639 1704 833 1736 certamina
846 1731 854 1744 ‚
882 1703 999 1749 qualia
1022 1709 1173 1747 oportet.
1249 1688 1253 1725 1
1328 1695 1382 1727 Ad
1400 1692 1570 1726 BUCChica
1591 1693 1688 1737 Orgia
1707 1699 1741 1726 et
1758 1704 1841 1726 suae
1860 1693 2003 1732 matris,

288 1758 443 1802 Sequere
460 1762 620 1795 tantum,
648 1755 819 1787 deductor
840 1767 903 1798 ego
922 1767 998 1787 sum
1016 1753 1191 1787 salutaris.
1249 1729 1252 1807 i
1328 1745 1476 1778 FUl'iOSss
1496 1751 1612 1777 mente

1326 1796 1374 1829 Et
1388 1796 1578 1829 temerario
1600 1806 1686 1828 ausu
1704 1794 1938 1837 proficiscitur

1327 1847 1517 1892 Tanquam
1546 1851 1775 1889 superaturus
1800 1845 1968 1878 violentia
2002 1845 2172 1878 invictum
2202 1856 2266 1877 nu-

286 1807 370 1841 Inde
387 1820 471 1841 vero
487 1807 638 1839 abducet
654 1811 686 1839 te
703 1806 804 1840 alius.
856 1808 939 1839 Pen.
963 1805 1057 1839 Num
1075 1804 1211 1837 mater?
1249 1809 1252 1814 ’

237 1858 310 1893 965
337 1861 418 1893 Bac.
448 1857 685 1902 Conspicuum
713 1857 889 1890 omnibus.
956 1858 1038 1890 Pen.
1073 1856 1127 1889 Ad
1156 1853 1224 1888 hoc

642 1907 759 1940 venio.
1683 1908 1778 1929 men.

287 1964 367 1995 Bac.
397 1960 540 1993 Redibis
567 1964 730 2002 gestatus.
784 1960 868 1991 Pen.
895 1957 1013 1990 Meam
1037 1955 1221 1989 mollitiem
1278 1950 1375 1984 1000
1403 1949 1540 1981 Habere
1560 1953 1713 1980 mentem
1731 1947 1926 1979 modestam
1944 1947 2057 1990 (mors
2074 1946 2147 1979 sine
2164 1957 2265 1979 excu-

643 2009 740 2041 dicis.
1247 1986 1251 2042 Ι
1683 1997 1819 2030 satione
1837 2003 1887 2030 est

256 2101 259 2104 ,
288 2066 366 2097 Bac.
395 2061 433 2094 ln
457 2061 620 2094 manibus
644 2059 780 2092 matris.
841 2062 921 2092 Pen.
952 2059 1060 2102 Coget
1085 2070 1141 2090 me
1164 2059 1222 2090 ‹le-
1247 2046 1251 2087 l
1327 2051 1459 2083 Contra
1478 2049 1598 2082 divina
1620 2049 1740 2094 ruere)

641 2110 767 2143 liciari.
1246 2090 1250 2147 l
1325 2101 1387 2135 Est
1403 2101 1472 2134 vita
1491 2107 1565 2133 tuta
1583 2098 1739 2137 hornini;

1325 2153 1407 2187 Non
1429 2152 1567 2196 gaudeo
1595 2150 1678 2183 odio
1703 2150 1822 2195 aliquo
1846 2149 1945 2182 illum
1975 2147 2170 2190 sapientem
2203 2159 2260 2180 ve-

1678 2212 1780 2234 nans.

1327 2254 1472 2287 Caetera
1492 2258 1574 2286 sunt
1594 2263 1720 2294 magua
1738 2257 1771 2283 et
1786 2261 1924 2294 semper
1940 2248 2108 2288 illustria,

289 2168 367 2199 Bac.
386 2163 534 2197 Talibus
552 2161 696 2207 quidem
714 2160 765 2194 uti
785 2159 928 2195 deliciis.
974 2163 1055 2194 Pen.
1073 2159 1221 2203 Magnas

637 2225 693 2246 res
710 2211 851 2244 molior.

286 2266 420 2312 Βία-,63)
448 2264 538 2297 Acer
556 2263 610 2295 xir
631 2276 684 2303 es,
711 2269 743 2296 et
761 2262 879 2295 venies
903 2262 946 2293 ad
973 2261 1104 2294 atrocia
1131 2261 1222 2304 peri-

651 2314 746 2353 cula,
1246 2324 1249 2367 ἱ
1277 2302 1373 2340 1005
1402 2304 1501 2348 Quae
1518 2304 1562 2335 ad
1580 2314 1633 2335 res
1649 2301 1847 2345 praeclaras
1867 2300 1975 2333 vitam

236 2367 308 2401 970
336 2366 457 2412 ltaque
475 2367 633 2400 invenies
649 2365 798 2409 gloriam
813 2389 821 2403 ,
853 2374 942 2408 quae
967 2362 1103 2395 attollet
1128 2368 1160 2394 te
1184 2361 1221 2393 in
1326 2355 1377 2388 De
1396 2355 1451 2388 die
1468 2355 1512 2387 ad
1530 2359 1669 2386 noctem
1684 2352 1774 2385 bene

644 2415 793 2449 coelum.
1324 2407 1532 2443 Deducunt‚
1560 2404 1616 2448 pie
1631 2403 1804 2437 faciendo.

285 2468 463 2507 Extende,
494 2468 633 2511 Agave,
673 2477 818 2504 manus,
860 2470 893 2496 et
928 2463 1086 2509 reliquae
1116 2463 1221 2496 simul
1324 2458 1420 2490 Haec
1435 2462 1551 2489 autem
1569 2454 1699 2487 iniusta
1714 2460 1814 2493 sunt,
1840 2453 1963 2486 eiicere

642 2516 778 2561 genitae
1323 2507 1517 2552 Legitimos
1536 2505 1647 2539 cultus
1663 2504 1834 2538 Deorum.

288 2569 414 2603 Cadmi
430 2568 538 2606 filiae;
568 2568 658 2601 duco
675 2568 839 2601 iuvenem
1240 2571 1246 2627 J
1275 2561 1371 2594 1010
1399 2558 1527 2591 Veniat
1542 2556 1627 2590 Dice
1651 2556 1765 2600 palam
1778 2583 1786 2596 ‚

1240 2632 1243 2654 ‚
1322 2610 1451 2643 Veniat
1468 2614 1600 2641 armata
1621 2619 1720 2646 ense,

268 2685 315 2716 63)
336 2684 422 2718 Bam]
440 2686 467 2711 in
486 2687 534 2711 Ed.
551 2685 624 2709 1562.
643 2685 728 2708 deest.
1322 2660 1510 2694 interficiat
1526 2659 1666 2704 penitus
1681 2657 1754 2690 Dea
