2373 2980
207 107 276 142 411

257 192 410 224 Remitte
439 198 559 223 torvos
586 189 727 227 oculos,
751 195 784 221 et
807 189 930 222 flatum
956 189 1085 228 animi;

254 244 335 276 Non
362 242 455 274 enim
483 239 630 273 intueris
648 239 847 282 praecisum
874 252 891 272 a
916 240 1073 274 saucibus
1090 248 1193 285 caput

253 292 451 335 Gorgonis,
477 292 534 323 scd
565 289 663 322 vides
690 290 890 323 venientem
910 291 1054 324 fratrem
1081 298 1192 326 tuum.

202 344 276 380 460
304 343 360 375 Tu
385 354 506 374 rursus
534 340 670 373 vultum
697 341 740 371 ad
765 342 911 374 fratrem
935 349 1044 382 verte,

253 392 455 437 l'olynices;
482 403 563 422 nain
590 391 627 422 in
657 390 750 423 idem
776 392 898 426 videns
923 393 1045 432 oculis.

254 443 385 482 „Dices
423 441 566 481 melius,
598 448 632 474 et
656 441 780 476 melius
808 443 958 487 excipies
986 442 1090 478 huius
1121 456 1191 477 ser-

615 504 749 526 mones.

251 545 455 577 Admonere
484 555 546 576 vos
574 542 709 587 aliquid
735 544 913 587 sapienter
941 545 1035 579 volo.

252 595 438 640 „Quando
463 594 596 626 amicus
625 593 753 638 aliquis
779 596 889 628 iratus
914 595 1028 628 amico

200 645 273 680 465
298 644 591 688 „Congrediens‚
615 651 739 677 mutuo
766 645 927 689 adspicit,

252 696 434 740 „Oportet
452 702 589 728 tantum
610 707 649 727 ea
668 696 914 736 considerare,
933 703 1080 740 propter
1098 708 1188 741 quae

616 746 723 785 venit,

252 798 451 837 „Priorum
485 808 568 829 vero
604 797 782 829 malornm
812 809 1038 843 nequaquam
1064 799 1189 831 memi-

612 847 771 893 nisse'ss).

248 900 280 933 Ο
305 899 354 932 fili
375 898 583 942 Polynices,
610 904 668 930 tua
695 898 809 930 oratio
834 898 933 942 prior
959 899 1037 933 erit.

249 951 306 983 Tu
350 949 443 981 enim
490 949 587 982 venis
630 949 808 982 adducens
852 950 1044 982 exercitum
1078 950 1188 983 Grae-

612 1010 748 1037 corum,

198 1052 271 1086 470
292 1051 419 1083 Passus
445 1049 595 1088 iniusta,
628 1054 667 1081 nt
691 1055 729 1082 tu
752 1048 859 1086 dicis;
883 1048 989 1082 index
1015 1061 1097 1082 vero
1125 1050 1187 1082 ali-

609 1099 687 1144 quis

284 1164 406 1184 eorum
433 1151 492 1183 fiat
507 1176 516 1190 ,
540 1157 574 1183 et
598 1149 849 1182 reconciliator
875 1150 1064 1184 malorum.

249 1204 319 1236 Pol.
346 1201 506 1242 „Oratio
532 1200 690 1234 veritatis
715 1200 864 1244 simplex
888 1207 950 1240 est,

248 1253 324 1293 „Et
354 1265 425 1285 non
457 1250 564 1285 habet
597 1263 685 1295 opus
711 1251 830 1284 multis
861 1249 944 1284 hinc
973 1251 1054 1284 inde
1078 1251 1186 1284 inter-

607 1302 885 1347 pretationibus:

247 1354 345 1393 „Res
367 1353 441 1398 ipsa
470 1365 536 1397 pro
559 1366 594 1386 se
622 1353 723 1391 dicit;
748 1353 841 1385 mala
865 1364 949 1385 vero
975 1365 1077 1386 causa

195 1404 269 1440 475
288 1404 500 1449 „Languens
519 1405 555 1438 in
572 1416 658 1444 sese,
672 1402 779 1437 habet
796 1416 885 1448 opus
896 1404 1066 1438 accuratis
1078 1401 1185 1448 phar-

609 1467 730 1489 macis.

244 1507 319 1551 Ego
343 1505 513 1540 sollicitus
540 1506 583 1538 de
610 1506 718 1538 domo
742 1505 864 1549 patris,

244 1558 289 1591 Et
314 1569 411 1590 meas
435 1562 469 1589 et
493 1554 598 1589 huius
614 1557 737 1589 volens
762 1556 915 1599 effugere
931 1554 1182 1595 execrationes,

245 1609 343 1653 Quas
367 1607 527 1651 Oedipus
553 1607 641 1639 dixit
665 1608 832 1639 adversus
857 1617 922 1637 nos
945 1604 1151 1649 aliquando,

243 1659 393 1692 Discessi
421 1663 546 1702 sponte
569 1669 645 1691 mea
673 1670 715 1690 ex
737 1655 804 1690 hac
829 1663 937 1695 terra,

194 1711 268 1746 480
309 1710 514 1743 Concedens
549 1708 670 1747 fratri,
715 1714 753 1741 ut
789 1719 937 1751 regnum
974 1712 1108 1738 teneret
1144 1706 1180 1738 in

610 1759 724 1803 patria
751 1770 814 1802 per
840 1770 951 1791 unum
976 1769 1123 1797 annum,

245 1813 291 1845 Ut
315 1812 387 1856 ipse
414 1822 598 1854 regnarem
624 1822 745 1843 rursus
770 1821 833 1853 per
859 1809 950 1841 vices
967 1807 1154 1852 accipiens,

243 1863 289 1896 Et
312 1875 385 1895 non
408 1860 476 1894 huc
494 1860 639 1894 veniens
655 1873 717 1905 per
734 1859 955 1893 inimicitiam
976 1866 1009 1891 et
1024 1861 1180 1899 caedem,

243 1914 389 1959 Aliquid
413 1912 496 1945 mali
522 1913 674 1945 facerem
701 1918 734 1944 et
760 1917 921 1955 paterer,
950 1922 1040 1955 quae
1065 1911 1164 1944 fiunt.

243 1965 319 2009 lpse
340 1964 496 2008 probans
522 1961 628 2002 haec,
653 1969 687 1995 et
712 1963 881 1994 invocans
908 1960 1002 1994 Deos
1029 1967 1145 2000 testes,

192 2014 267 2053 485
291 2013 389 2049 Nihil
416 2026 538 2047 eorum
565 2013 666 2052 fecit,
692 2025 782 2058 quae
799 2012 906 2050 dixit,
928 2013 989 2044 sed
1015 2009 1178 2057 habet'ffl)

242 2067 319 2111 Ipse
343 2077 512 2108 regnum,
536 2071 569 2096 et
594 2070 733 2108 partem
763 2063 833 2095 mei
855 2061 966 2105 regni.

244 2118 288 2151 Et
311 2128 406 2149 nunc
432 2121 577 2160 paratus
600 2124 678 2148 sum
703 2126 779 2146 mea
811 2112 996 2156 recipiens,

244 2167 446 2201 Exercitum
473 2172 568 2198 extra
592 2163 683 2198 hanc
710 2172 841 2197 terram
860 2163 1051 2202 dimittere,

244 2219 484 2262 Habitareque
503 2228 619 2249 meam
635 2218 782 2249 domum
805 2214 979 2258 accipiens
997 2226 1060 2257 per
1076 2214 1180 2254 vices,

193 2271 267 2306 490
293 2270 337 2302 Et
360 2269 411 2300 illi
432 2268 580 2300 reddere
608 2279 729 2300 rursus
757 2265 898 2311 aequali
925 2271 1103 2308 tempore3

244 2320 290 2353 fit
315 2331 388 2352 non
414 2330 615 2362 expugnare
638 2317 812 2361 patriam,
833 2328 949 2360 neque
974 2317 1165 2349 admovere

243 2371 348 2404 Fixas
369 2370 479 2403 scalas
502 2369 659 2402 turribus
684 2369 728 2401 ad
755 2367 1009 2401 ascensionem.

242 2422 311 2454 Sed
335 2420 421 2453 meis
447 2431 519 2452 non
543 2419 693 2463 potitus,
717 2419 880 2462 experiar
902 2417 977 2450 iure

244 2472 373 2505 Facere
401 2482 460 2509 ea,
487 2483 576 2514 quae
602 2470 757 2503 institui:
784 2476 817 2502 et
843 2481 930 2501 voco
947 2468 1042 2501 Deos
1065 2474 1180 2505 testes,

229 2606 274 2638 41)
296 2606 363 2629 Huic
383 2606 442 2629 loco
462 2605 490 2628 in
511 2610 597 2634 marg.
616 2605 710 2627 harum
730 2605 811 2628 Eiiitt.
831 2604 971 2634 adscripta
1000 2604 1064 2626 sunt
1084 2604 1181 2627 verba:

265 2639 506 2664 Reconciliationis
525 2639 632 2668 regula.

229 2681 277 2712 42)
296 2682 357 2711 lpse
375 2682 539 2711 probans—
551 2681 599 2703 sed
619 2680 712 2707 nabet]
732 2679 758 2701 hi
778 2679 829 2703 duo
849 2686 946 2703 versus
965 2680 992 2702 in
1004 2679 1086 2703 Editt.
1098 2679 1182 2706 1558„

266 2716 340 2740 1562.
356 2717 427 2740 male
445 2716 485 2739 bis
503 2715 632 2743 deinceps
654 2714 731 2743 typis
751 2715 815 2736 sunt
837 2714 978 2743 exscripti.

778 104 1045 139 PfflL.‘MEL.
1086 104 1288 139 SCRIPTA
1321 105 1656 142 PHILOLOGICA.

2160 112 2236 151 412

1250 189 1323 226 495
1347 191 1452 236 Quod
1478 193 1598 224 omnia
1621 191 1697 224 iure
1721 191 1867 233 faciam,
1889 193 2018 228 iniuste
2037 207 2122 229 vero

1300 243 1439 287 Spolier
1461 243 1576 286 patria
1604 241 1758 276 sceleste.

1299 294 1393 326 Haec
1417 294 1567 336 singula,
1593 299 1718 332 mater,
1742 303 1816 324 non
1842 294 2027 337 perplexos

1294 345 1484 377 Sermones
1510 343 1676 387 colligens
1701 343 1792 382 dixi,
1818 344 1879 375 sed
1905 351 1939 377 et
1962 347 2181 390 sapientibus

1296 395 1340 427 Et
1362 393 1545 427 hebetibus
1572 395 1681 433 iusta,
1709 400 1747 427 ut
1774 391 1863 426 mihi
1887 395 2037 431 videtur.

1245 443 1320 479 500
1352 448 1451 480 Ultor.
1484 443 1576 477 Mihi
1601 445 1764 491 quidem,
1788 444 1926 479 etiamsi
1949 458 2024 480 non
2048 460 2169 483 sumus
2194 449 2232 482 in

1656 496 1804 530 Graecia

1294 546 1428 586 Alitae,
1450 547 1591 579 videtur
1614 553 1733 579 tamen
1756 547 1950 590 prudenter
1976 549 2104 582 dicere.

1296 600 1385 632 Eleo.
1425 598 1491 637 „Si
1518 598 1682 631 omnibus
1712 597 1804 631 idem
1837 604 1924 631 esset
1949 598 2159 642 pulchrum,
2198 607 2232 634 et

1654 649 1748 681 idem
1774 649 1966 682 videretur.

1295 698 1406 736 „Non
1433 705 1520 732 esset
1544 699 1709 743 ambigua
1732 698 1902 733 dissensio
1931 699 2023 732 inter
2048 698 2230 740 homines;

1294 749 1428 787 „Nunc
1450 762 1534 782 vero
1559 748 1649 783 nihil
1672 750 1805 790 simile,
1829 747 1920 782 nibil
1942 751 2089 795 aequale
2114 749 2229 784 homi-

1656 801 1760 833 nibus
1787 800 1905 847 est'ss),

1241 848 1317 884 505
1345 851 1524 890 „Praeter
1545 851 1712 891 nomina,
1739 864 1795 885 res
1821 863 1895 884 non
1920 857 1971 884 est
1992 852 2126 886 eadem.

1292 901 1387 945 Ego,
1411 908 1543 941 mater,
1568 914 1642 935 non
1668 903 1848 936 occultans
1871 902 2000 935 dicam.

1290 952 1405 984 Velim
1432 953 1483 985 ire
1508 954 1552 985 ad
1578 960 1695 986 ortum
1722 953 1805 987 solis
1830 960 1865 986 et
1889 959 2081 992 astrorum,

1290 1003 1338 1035 Et
1359 1004 1423 1036 sub
1449 1010 1600 1045 terram,
1625 1005 1654 1038 si
1680 1017 1817 1048 possem
1846 1004 1995 1044 efficere,

1291 1054 1341 1086 Ut
1355 1051 1521 1087 haberem
1534 1056 1771 1100 tyrannidem,
1788 1055 1948 1088 Deorum
1966 1054 2229 1100 maximamw),

1240 1103 1315 1138 510
1338 1104 1413 1137 Hoc
1438 1105 1545 1148 igitur
1568 1106 1723 1145 bonum,
1750 1119 1770 1138 o
1794 1112 1924 1145 mater,
1950 1117 2024 1137 non
2049 1105 2140 1148 volo]

1290 1155 1403 1188 Alteri
1427 1156 1620 1189 concedere
1645 1156 1775 1199 magis,
1804 1168 1911 1201 quam
1936 1153 2025 1188 mihi
2051 1167 2206 1191 servare.

1293 1204 1447 1249 „Ignavi
1470 1206 1564 1239 enim
1590 1214 1660 1247 est,
1688 1207 1768 1250 plus
1791 1206 1952 1238 amittere

1292 1256 1437 1301 „Quam
1464 1257 1635 1301 accipere.
1687 1259 1743 1290 Ad
1771 1254 1856 1290 haec
1881 1257 2030 1301 puderet
2052 1269 2108 1289 rne

1290 1307 1499 1340 Venientem
1511 1306 1605 1342 hunc
1621 1321 1699 1342 cum
1711 1307 1819 1341 armis
1831 1314 1863 1340 et
1875 1314 2071 1341 vastantem
2082 1314 2229 1351 terram,

1238 1356 1313 1392 515
1337 1359 1516 1403 Consequi
1538 1372 1629 1404 quae
1651 1359 1818 1402 postulat.
1874 1357 2007 1392 Thebis
2030 1356 2098 1391 hoc

1289 1409 1412 1441 Fuerit
1436 1410 1607 1453 probrum
1622 1436 1630 1449 ‚
1653 1410 1683 1442 si
1707 1421 1748 1442 ex
1772 1406 1893 1442 hastae
1917 1409 2110 1453 Myceneae

1290 1460 1388 1492 Metu
1413 1461 1587 1492 traderem
1613 1466 1750 1504 sceptra
1779 1471 1878 1499 mea,
1902 1466 1941 1492 ut
1967 1457 2023 1491 hic
2047 1456 2204 1492 haberet.

1288 1510 1490 1554 Oportebat
1512 1511 1628 1555 ipsum
1653 1523 1727 1543 non
1751 1510 1860 1543 armis
1882 1509 2211 1542 reconciliationem

1287 1561 1439 1601 Facere,
1485 1574 1505 1593 o
1539 1568 1663 1594 mater.
1734 1560 1893 1600 „Oratio
1929 1560 2025 1592 enim
2060 1560 2228 1593 emendat

1648 1623 1754 1642 omne
1764 1610 1793 1629 ’μ’
1803 1610 1848 1654 a)‚

1235 1660 1310 1697 520
1334 1662 1471 1705 „Quod
1497 1662 1551 1694 vel
1574 1662 1707 1694 serrum
1733 1659 1888 1694 hostium
1913 1661 2027 1694 facere
2047 1661 2227 1710 possit45).

1286 1712 1355 1745 Sed
1381 1713 1409 1745 si
1431 1712 1505 1745 vult
1532 1712 1667 1757 alioqui
1692 1710 1852 1745 habitare
1877 1709 1969 1744 hanc
1994 1717 2141 1757 terram,

1285 1762 1385 1796 Licet
1414 1775 1518 1801 sane;
1544 1764 1631 1796 illud
1650 1769 1767 1796 autem
1789 1763 1911 1796 volens
1933 1774 2119 1807 nunquam
2142 1776 2225 1797 con-

1645 1815 1781 1853 cedam,

1285 1864 1374 1897 Cum
1398 1864 1502 1897 liceat
1525 1862 1613 1897 mihi
1637 1877 1804 1907 regnare,
1825 1871 1866 1897 ut
1886 1864 2038 1898 serviam
2064 1862 2159 1898 huic.

1284 1916 1337 1947 Ad
1364 1913 1451 1948 haec
1474 1915 1619 1948 veniant
1643 1914 1731 1948 mihi
1756 1916 1873 1958 ignes,
1896 1916 2041 1948 veniant
2065 1927 2178 1955 enses,

1233 1965 1309 2001 525
1337 1965 1474 2008 lungite
1501 1978 1628 2010 equos,
1661 1967 1803 2009 implete
1829 1979 1974 2009 campos
2001 1967 2174 2007 curribus,

1285 2017 1378 2061 Quia
1404 2028 1477 2048 non
1500 2017 1637 2048 tradam
1664 2014 1747 2049 huic
1773 2029 1892 2049 meum
1920 2028 2082 2059 regnum.

1287 2067 1355 2107 „Si
1374 2067 1468 2099 enim
1486 2066 1613 2099 iniuste
1631 2066 1675 2100 sit
1693 2080 1809 2111 agere,
1832 2073 1905 2100 tum
1916 2067 1946 2086 '⁸⁵
1955 2068 1986 2112 ⁸¹)
2004 2066 2105 2110 regni
2121 2077 2225 2099 causa

1286 2115 1602 2158 „Pulcherrimum
1645 2124 1695 2150 est
1736 2118 1864 2151 iniuste
1901 2129 2023 2159 agcre;
2067 2117 2105 2149 in
2148 2117 2226 2150 aliis

1649 2181 1738 2213 opus
1762 2175 1813 2202 est
1838 2168 1889 2201 uti
1913 2167 2110 2213 pietate'ffi).

1268 2328 1317 2356 43)
1338 2327 1369 2350 H.
1389 2327 1408 2351 1.
1432 2326 1460 2349 ἰη
1480 2325 1564 2349 Editt.
1585 2324 1677 2356 1558.,
1699 2325 1774 2350 1562.
1801 2326 1866 2349 nota
1890 2331 1996 2357 marg.=

1304 2363 1345 2385 tot
1363 2367 1470 2384 sensus.

1270 2406 1317 2432 44)
1338 2404 1455 2427 Deorum
1475 2402 1634 2431 maximam]
1653 2402 1692 2425 sic
1710 2402 1795 2428 Editt.
1818 2403 1904 2433 1558„
1930 2403 2015 2430 1562..
2034 2403 2112 2432 Fix.;
2132 2403 2226 2433 Baro„

1302 2439 1425 2468 Musgr.:
1455 2438 1573 2461 nean-um
1605 2437 1748 2460 maximam
1780 2438 1886 2468 (Eun-ip.
1907 2434 1957 2467 τήν
1975 2436 2051 2460 θεῶν
2069 2435 2227 2468 μεγίστην).

1304 2486 1337 2490 —
1352 2473 1385 2496 fl.
1403 2472 1420 2496 Ι.
1441 2471 1468 2494 in
1481 2472 1563 2495 Editt.
1581 2471 1666 2501 1558,
1688 2472 1762 2495 1562.
1783 2474 1847 2495 nota
1861 2477 1960 2502 marg:
1980 2471 2068 2501 Regni
2083 2471 2229 2503 cupiditas,

1268 2515 1333 2542 44³)
1353 2511 1444 2571 o2mne]
1464 2513 1503 2536 sic
1522 2516 1571 2542 (z
1583 2513 1677 2542 Eurip.
1698 2512 1770 2542 πᾶν)
1789 2514 1872 2537 Editt.
1892 2514 2014 2544 recent.;
2034 2513 2119 2536 Editt.
2142 2512 2228 2545 1558.‚

1309 2549 1358 2572 156
1379 2565 1384 2570 .
1405 2553 1509 2571 omnes.

1270 2592 1319 2618 45)
1339 2591 1371 2614 Η.
1390 2591 1410 2615 1.
1431 2590 1459 2613 in
1477 2589 1562 2614 Editt.
1584 2589 1671 2619 1558„
1692 2590 1767 2615 1562.
1787 2591 1854 2614 nota
1872 2597 1976 2621 marg.:
1997 2590 2138 2615 Orationis
2157 2589 2211 2616 vis.

1270 2634 1336 2662 45³)
1356 2634 1424 2662 tuni]
1444 2632 1484 2656 sic
1502 2632 1621 2662 scripsi;
1641 2633 1725 2657 Editt.
1747 2633 1836 2664 1558„
1859 2634 1930 2657 1562.
1951 2633 2021 2657 duni.

1271 2677 1319 2703 46)
1346 2676 1378 2699 Η.
1400 2676 1417 2699 1.
1446 2675 1472 2697 in
1499 2675 1540 2698 his
1560 2675 1643 2700 Editt.
1665 2677 1728 2698 nota
1748 2681 1847 2706 marg:
1868 2675 2034 2705 „Iniustitia
2053 2677 2086 2700 ob
2105 2681 2228 2706 regnum.

1307 2710 1378 2733 Vide
1396 2709 1451 2734 Cic.
1471 2710 1494 2732 t.
1515 2708 1612 2733 Offic.’'
1633 2709 1703 2740 (Cic.
1724 2710 1801 2735 offic.
1821 2710 1843 2739 Ι,
1864 2711 1891 2741 8,
1910 2709 1976 2741 26).

2031 2325 2103 2355 Quot
2127 2324 2226 2356 capita,
