2373 2980
218 96 292 130 503

215 181 288 214 560
319 180 416 220 „Sed
434 180 463 214 si
482 180 565 225 quid
585 179 680 212 aliud
698 178 813 212 maius
832 185 883 212 cst
899 178 972 213 Dea
986 207 995 219 ‚

269 231 398 276 „Quae
417 229 506 263 lianc
523 237 555 263 et
572 241 627 262 me
650 235 683 262 et
698 230 844 263 domum
862 231 1028 274 perdidit.

591 309 841 360 [Str-opha]

273 384 368 415 Cher.
398 379 572 413 Audivisti
586 406 594 419 ,
622 379 789 413 audivisti
806 393 879 414 non
897 383 1071 417 audienda
1085 412 1093 423 ,

269 432 398 465 Tristia
420 431 510 463 mala
530 436 716 464 sonantem
734 431 929 467 dominam.

273 483 418 515 Pernam
437 494 500 525 ego
513 508 520 521 ‚
552 481 757 527 priusquam
777 488 836 516 tua
853 485 964 518 amica

222 533 294 566 365
323 534 471 566 Ainittat
491 533 619 572 vitain,
647 530 715 566 heu
737 546 810 574 me,
838 548 913 576 me,
942 535 1027 575 lieu,
1061 535 1145 570 heu!

273 584 305 616 O
322 584 448 617 misera
470 590 616 628 propter
633 581 697 617 hos
714 584 871 619 dolores!

274 635 306 667 O
325 647 516 668 aerumnae
533 634 748 669 enutrientes
764 633 941 670 homines?

271 686 432 726 l'eriisti,
459 685 649 730 prodidisti
667 691 724 719 tua
740 687 845 721 mala.

275 738 375 782 Quae
393 744 424 771 te
439 737 562 770 ultima
581 737 655 770 dies
672 738 855 780 expectat?

225 787 298 822 370
325 788 469 833 Aliquid
486 788 570 821 novi
588 789 647 821 fiet
665 788 820 821 aedibus.

791 92 913 127 PHlL.
946 91 1058 130 BOEL‘.
1095 93 1295 130 SCRIPTA
1330 95 1665 132 PHILOLOGICA.

1233 296 1235 308 l

1233 370 1236 439 l

1233 527 1236 580 ι

272 839 354 872 Non
385 846 434 873 est
465 839 616 883 amplius
638 839 845 877 obscurum,
885 841 1065 884 quomodo
1091 832 1238 887 pereat‘i

635 901 717 923 cura

273 941 430 975 Veneris.
483 941 515 974 Ο
532 940 658 974 misera
677 940 791 983 puella
810 939 948 973 Cressa!

277 994 376 1026 Phae.
411 991 579 1025 Mulieres
602 990 864 1030 Troezoexiiae,
899 1004 989 1035 quae
1014 999 1208 1027 extremum

630 1038 698 1074 hoc

269 1093 488 1126 Vestibulum
508 1098 622 1124 terrae
640 1091 784 1135 Pelopis
800 1089 985 1132 habitatis,

224 1143 297 1177 375
324 1142 395 1176 lam
417 1144 452 1175 in
470 1143 576 1186 longo
595 1149 755 1186 tempore
773 1143 886 1176 noctis

271 1195 498 1234 Meditabar,
547 1194 730 1239 quomodo
763 1200 1014 1238 corrumpatur
1045 1195 1114 1228 vita
1147 1194 1210 1229 ho-

631 1244 781 1278 minum.

274 1296 351 1336 „Et
370 1295 455 1329 mibi
472 1296 638 1329 videntur
654 1307 728 1329 non
742 1295 789 1341 23)
807 1294 954 1328 consilio

270 1348 463 1388 „Deterius
496 1349 610 1380 facere
627 1360 636 1385 ;
687 1358 771 1379 nam
806 1346 892 1392 quid
929 1348 1103 1391 agendum
1147 1347 1209 1387 sit,

629 1397 751 1430 vident

273 1450 420 1489 „Multt
473 1449 540 1482 Sed
559 1446 628 1482 hue
644 1449 873 1493 spectandum
894 1454 944 1481 est
961 1447 996 1480 in
1015 1446 1079 1482 his.

221 1501 294 1536 380
324 1528 345 1541 „
357 1501 457 1533 Bona
472 1506 632 1533 tenemus
643 1525 652 1540 ‚
679 1505 713 1532 et
729 1499 912 1536 novimus;

272 1552 369 1592 „Sed
389 1564 461 1584 non
477 1551 640 1584 facimus:
669 1550 729 1582 alii
745 1556 892 1594 propter
907 1548 1083 1592 ignaviam
1097 1576 1105 1588 ‚

272 1603 373 1643 „Alii
389 1608 611 1646 anteponunt
625 1602 843 1645 voluptatem
863 1598 1012 1634 honesto

270 1654 429 1693 „Aliam.
481 1653 571 1687 Sunt
586 1653 718 1686 multae
734 1652 771 1684 iu
787 1651 857 1684 vita
875 1651 1074 1695 voluptates
1085 1677 1093 1689 ‚

271 1705 346 1744 „Et
362 1705 487 1748 longae
505 1703 828 1742 confabulationes,
856 1708 890 1735 et
916 1702 1027 1735 otium
1041 1728 1050 1741 ‚
1084 1701 1206 1735 iucun-

627 1755 712 1787 dum
731 1754 862 1787 malum
875 1779 884 1792 ,

221 1805 295 1840 385
323 1806 395 1846 „Et
412 1807 536 1850 pudor.
580 1806 670 1839 Sunt
683 1811 801 1839 autem
819 1805 889 1837 duo
909 1803 1130 1847 voluptatum
1149 1815 1205 1847 ge-

628 1868 732 1889 nera:
760 1856 931 1894 alterum,
958 1854 1112 1892 bonurn;

270 1908 479 1948 „Alterurm
512 1919 602 1941 onus
622 1908 761 1940 domus.
821 1906 927 1950 Quod
952 1905 981 1938 si
1005 1912 1206 1949 appareret,

624 1958 686 1991 ubi
702 1969 790 2001 opus
807 1962 894 1990 esset
912 1956 1047 1999 pudore
1058 1982 1066 1995 ,

273 2010 382 2048 „Non
407 2015 521 2043 essent
544 2006 630 2042 haec
655 2010 745 2047 duo,
781 2020 859 2041 cum
887 2005 1042 2040 habeant
1066 2007 1203 2040 easdem

634 2059 781 2092 litteras.

269 2112 363 2145 Haec
380 2124 443 2156 ego
464 2124 543 2144 cum
559 2110 751 2154 cogitarem
763 2135 773 2150 ,

272 2163 464 2208 Sperabam
484 2175 540 2195 me
555 2162 653 2195 nullo
670 2159 864 2206 pharmaco
879 2158 1059 2202 corrumpi

219 2215 292 2249 390
319 2215 444 2254 Posse,
471 2220 510 2247 ut
526 2214 677 2246 facerem
696 2218 818 2246 contra
837 2209 946 2242 animi
964 2209 1145 2242 iudicium.

266 2267 333 2299 Sed
350 2265 464 2298 dicam
480 2265 544 2298 tibi
561 2264 667 2297 etiam
685 2275 782 2296 meae
801 2261 929 2295 mentis
944 2260 1050 2293 viam.

267 2318 461 2361 Postquam
481 2328 536 2349 me
553 2315 754 2349 vulneravit
775 2325 894 2352 amor,
923 2310 1203 2349 considerabam,

623 2378 692 2412 qua
716 2365 855 2399 ratione

265 2415 508 2452 Pulcherrime
524 2418 652 2450 ferrem
670 2417 798 2462 ipsum.
850 2414 973 2460 Itaque
992 2411 1091 2456 coepi

251 2554 298 2585 2³)
319 2554 381 2579 mihi
401 2552 528 2576 videntur
546 2552 614 2579 non]
635 2551 674 2573 sic
687 2550 732 2581 (τ.
743 2549 835 2578 Eurip.
849 2555 899 2579 μοι
912 2545 1041 2571 δοκοῦσιν
1056 2541 1102 2575 οὔ)
1119 2544 1200 2569 Editt.

286 2590 376 2618 1553„
397 2588 496 2617 Barn.‚
514 2587 634 2616 Musgr.,
652 2585 728 2612 Fix.;
759 2583 807 2607 Ed.
828 2583 901 2606 1562.
921 2581 983 2605 milii
1001 2586 1054 2604 non
1075 2579 1200 2602 videntur

283 2629 335 2648 non
354 2635 388 2640 —
423 2621 491 2645 Huic
511 2621 570 2644 loco
588 2620 615 2642 in
634 2619 717 2643 Editt.
739 2618 829 2647 ¹558„
851 2616 923 2640 1562.
950 2615 976 2638 in
1002 2619 1090 2644 marg.
1114 2619 1200 2643 appo-

282 2659 334 2682 sita
356 2658 400 2681 est
419 2654 575 2680 annotatio:
601 2653 720 2677 Pulchra
738 2650 886 2681 disputatio
905 2650 939 2674 de
957 2648 1050 2674 causis
1069 2647 1198 2672 miseria-

282 2699 341 2717 rum
360 2692 544 2715 humanarum.

1310 181 1360 215 Ex
1385 194 1426 215 eo
1450 189 1610 227 tempore
1632 182 1807 216 occultare
1829 190 1864 218 et
1887 185 2000 219 celare
2026 184 2118 220 hunc
2148 200 2243 220 rnor-

1670 233 1767 267 bum.

1260 282 1334 317 395
1367 284 1487 323 „Nam
1506 281 1595 316 nihil
1610 284 1790 317 fidendum
1807 284 1967 329 linguae,
1996 300 2086 332 quae
2111 281 2242 321 alien‘as
2346 323 2356 347 ι

1666 335 1808 380 quidem

1312 385 1536 424 „Hominum
1554 386 1840 432 cogitationesffi)
1858 387 2032 432 corrigere
2051 395 2182 433 potest3

1312 462 1333 475 „
1346 435 1422 480 lpsa
1441 448 1523 468 vero
1542 436 1606 469 sibi
1627 437 1778 480 plurima
1797 438 1888 470 mala
1906 440 2061 473 accersit.

1311 487 1492 526 Secundo,
1522 487 1685 521 morbum
1705 488 1802 521 illum
1824 490 1914 522 bene
1930 491 2021 523 ferre

1312 537 1480 571 Castitate
1496 538 1638 572 vincens
1653 540 1891 573 decreveram.

1262 586 1335 622 400
1363 588 1487 621 Tertio
1499 615 1507 627 ‚
1535 589 1595 622 ubi
1613 601 1687 622 non
1703 591 1768 624 suit
1786 592 1951 635 pussibile
1968 589 2022 625 his
2040 592 2154 625 modis

1312 639 1461 672 Vincere
1480 652 1637 673 amorem
1649 667 1658 680 ,
1687 641 1779 673 niori
1797 641 1883 675 mibi
1900 643 2011 676 visum
2032 650 2081 676 est

1313 690 1510 734 Optimum.
1547 691 1661 725 Nemo
1677 689 1764 725 haec
1783 705 1860 726 mea
1881 693 2024 727 consilia
2042 693 2246 736 improbare

1672 743 1813 786 poterit.

1312 790 1431 830 „Mihi
1469 793 1651 836 contingat
1688 806 1802 839 neque
1837 787 1963 834 latere,
2014 794 2040 827 si
2077 800 2169 826 recta
2200 794 2248 826 sa-

1670 845 1760 877 ciam
1775 845 1805 864 ⁴²5
1833 859 1839 883 ;

1313 893 1477 939 „Ne-que,
1505 894 1532 927 si
1551 895 1666 939 turpia
1684 896 1823 937 facIam,
1842 897 1972 930 multos
1988 894 2118 929 habere
2134 901 2247 929 testes.

1265 942 1337 976 405
1365 945 1439 988 Ego
1459 956 1583 977 noram
1610 944 1699 979 hanc
1721 959 1796 979 rem
1821 955 1854 981 et
1877 948 2041 981 morbum
2068 947 2171 979 istum
2196 947 2248 978 in-

1674 998 1803 1030 famem
1816 1025 1824 1038 ‚

1314 1044 1401 1077 Cum
1421 1047 1486 1078 sim
1508 1049 1549 1079 ad
1567 1046 1653 1080 haec
1670 1049 1814 1087 mulier3
1842 1049 1993 1083 sciebam
2012 1048 2120 1085 bene,

1315 1095 1491 1130 Omnibus
1525 1110 1598 1130 rem
1634 1111 1706 1132 esse
1737 1100 1899 1133 invisam.
1972 1098 2088 1143 Quam
2123 1097 2246 1129 vellem

1674 1151 1789 1193 perire
1808 1151 1956 1194 pessime

1314 1195 1432 1235 „Eam
1446 1224 1455 1237 ‚
1483 1210 1713 1244 quaecunque
1731 1201 1846 1244 coepit
1868 1201 2098 1233 committeres
2115 1198 2248 1231 adulte-

1667 1250 1719 1283 ria
1738 1252 1832 1295 apud
1849 1251 1945 1284 viros

1313 1298 1487 1338 „Alienos
1504 1299 1630 1343 prima.
1682 1300 1734 1334 Ex
1752 1302 1931 1335 nobilibus
1946 1301 2090 1334 familiis
2364 1313 2365 1342 l

1261 1349 1335 1383 410
1364 1349 1470 1389 „Hoc
1487 1351 1618 1383 malurn
1637 1352 1752 1395 coepit
1768 1353 1843 1385 fieri
1860 1351 2078 1386 mulieribus.

1312 1401 1433 1440 „Nam
1459 1414 1536 1434 cum
1563 1402 1679 1445 turpia
1705 1403 1939 1445 placentjis,
1981 1403 2041 1447 qui
2072 1400 2247 1434 habentur

1668 1453 1752 1485 boni
1765 1479 1773 1492 ‚

1311 1529 1331 1542 ‚,
1343 1502 1444 1536 Certe
1465 1503 1564 1535 valde
1583 1500 1729 1536 honesta
1746 1505 1912 1536 videntur
1929 1514 2001 1535 esse.
2021 1493 2225 1543 infimisffi).'

1310 1581 1330 1593 ‚,
1342 1554 1412 1586 Odi
1430 1567 1504 1592 eas,
1534 1565 1623 1598 quae
1641 1560 1755 1586 castae
1772 1560 1854 1586 sunt
1870 1552 2006 1590 verbis,

1311 1604 1414 1643 „Iam
1432 1611 1548 1637 autem
1566 1616 1638 1636 non
1655 1604 1748 1636 bona
1766 1605 1909 1637 audent.

1260 1655 1332 1692 415
1361 1656 1460 1700 Quae
1478 1656 1659 1700 quomodo
1671 1681 1680 1694 ‚
1706 1667 1726 1687 o
1743 1655 1887 1688 domina
1905 1654 2104 1687 veneranda
2115 1651 2246 1690 Venus,

1308 1706 1495 1739 intuentur
1514 1707 1549 1738 in
1566 1706 1689 1738 faciem
1710 1704 1926 1749 coniugum?

1307 1758 1431 1802 Neque
1450 1755 1597 1789 horrent
1616 1757 1777 1790 tenebras
1796 1755 2072 1800 cooperatrices,

1308 1808 1354 1843 Et
1381 1806 1579 1841 habitacula
1612 1807 1771 1847 aedium,
1811 1819 1855 1840 ne
1890 1807 2033 1851 quando
2067 1806 2171 1837 edant
2205 1816 2243 1835 ea

1666 1870 1802 1891 vocem.

1310 1910 1368 1942 Me
1385 1909 1478 1942 enim
1493 1908 1560 1942 hoc
1577 1909 1690 1952 ipsum
1708 1908 1912 1948 interficiet,
1940 1920 1960 1940 o
1979 1905 2125 1945 charae,

1258 1960 1332 1996 420
1359 1960 1411 1994 Ne
1434 1961 1577 2006 quando
1602 1957 1850 2003 deprehendar
1879 1960 2092 1992 dedecorare
2126 1968 2242 1988 meum

1668 2010 1857 2049 maritum,

1306 2061 1354 2095 Et
1369 2062 1499 2094 liberos
1511 2088 1520 2100 ,
1548 2073 1636 2106 quos
1652 2062 1792 2105 peperi;
1820 2062 1878 2094 sed
1896 2060 2005 2093 libere

1308 2113 1490 2148 Florentes
1508 2112 1670 2145 libertate
1685 2118 1833 2156 possunt
1849 2110 2010 2144 habitare
2027 2109 2065 2142 in
2080 2109 2167 2142 urbe

1306 2163 1426 2198 Nobili
1441 2161 1710 2196 Atheniensium
1719 2163 1785 2209 ²⁷),
1813 2162 1899 2195 clari
1915 2167 2062 2205 propter
2078 2166 2240 2192 matrem.

1308 2213 1480 2255 „Etenim
1504 2214 1632 2258 redigit
1654 2214 1689 2246 in
1713 2213 1916 2247 servitutem
1940 2211 2076 2251 virum,
2105 2209 2241 2244 etiamsi

1658 2265 1813 2297 tolerans
1829 2264 1873 2297 sit
1891 2263 1977 2296 alias
1989 2288 1998 2302 ‚

1288 2381 1335 2413 24)
1354 2381 1459 2405 alienas
1485 2380 1590 2410 quidem
1610 2380 1752 2404 Hominum
1778 2380 1974 2411 cogitationes]
2001 2379 2042 2403 sic
2068 2381 2120 2408 (=
2144 2376 2236 2406 Eur-ip.

1322 2417 1426 2447 θυριιῒα
1449 2412 1502 2446 μὲν
1525 2412 1689 2446 φρονήματ’
1711 2412 1834 2446 ἀνδρῶν)
1865 2415 1916 2440 Ed.
1939 2415 2014 2443 Fix.;
2051 2413 2132 2438 Editt.
2154 2411 2238 2437 1558«

1325 2450 1397 2474 1532.
1417 2449 1507 2472 aliena
1525 2449 1630 2479 quidem
1650 2449 1791 2473 Hominum
1813 2449 1993 2480 cogitationes
2012 2448 2145 2479 (Mnsgr.:
2164 2444 2237 2470 alio-

1323 2491 1380 2508 rum
1400 2483 1503 2513 quidem
1524 2483 1663 2506 Hominum
1683 2484 1880 2511 cogitationes:
1912 2484 2008 2506 Bam:
2035 2483 2158 2513 prolatas
2177 2478 2237 2509 qui-

1322 2519 1381 2542 dem
1400 2518 1540 2540 Hominum
1559 2518 1765 2548 rogitatione-s).

1285 2560 1332 2593 25)
1352 2561 1384 2584 fl.
1403 2560 1420 2585 l.
1440 2559 1467 2583 in
1487 2559 1570 2584 Editt.
1588 2560 1678 2591 1558„
1700 2561 1774 2584 1562.
1797 2562 1862 2584 nota
1879 2566 1985 2591 marg.:

1285 2603 1330 2634 26)
1350 2603 1381 2626 Η,
1402 2602 1419 2625 1⁷
1440 2601 1502 2627 ibid.
1522 2603 1586 2625 nota
1604 2607 1707 2631 marg.:
1732 2602 1885 2627 Antoritas.

1284 2646 1332 2673 27)
1350 2645 1439 2669 Nobili
1457 2642 1676 2675 Atheniensium]
1696 2644 1735 2668 sic
1752 2645 1834 2669 Editt.
1852 2645 1942 2675 1558.,
1962 2645 2053 2675 1562.;
2084 2644 2166 2669 Editt.
2187 2649 2233 2666 re-

1318 2681 1387 2704 cent.
1408 2678 1456 2710 (=
1472 2678 1567 2708 Eun-ip.
1585 2677 1708 2702 Κλεινών
1722 2676 1863 2708 Ἀθηνῶν)
1883 2679 2017 2704 Nobilium
2036 2680 2209 2704 Athenarum.

2012 2560 2106 2584 Fama.
