2373 2980
92 81 169 119 857
524 82 661 118 LXVII.

715 83 1113 123 INTERPRETATIO
1139 87 1441 123 BACCHARUM
1465 87 1715 125 EURIPIDIS.

2063 95 2136 131 858

146 168 341 214 Tanquam
359 168 964 219 intermulieresffl)propterquas
981 173 1089 208 etiam
1145 172 1221 210 485
1255 177 1339 211 Pen.
1370 175 1468 210 Haec
1493 187 1580 211 vero
1617 187 1719 210 sacra
1750 183 1862 212 noctu
1899 189 1946 212 an
1981 179 2139 216 interdiu

506 218 650 257 Thebas
665 222 806 258 venisti.

96 270 172 307 455
214 269 326 305 Coma
361 276 422 305 tua
450 272 611 316 prolixa,
652 285 728 308 non
762 274 802 308 in
834 276 1013 321 palaestra
1040 276 1089 311 ita

511 331 668 370 compta,

145 372 248 407 Circa
264 385 373 419 genas
388 374 463 409 fusa
477 401 487 416 ‚
511 376 617 420 plena
635 388 771 412 amore.

143 424 276 459 Album
317 437 405 460 vero
447 427 606 461 colorem
641 440 683 462 ex
719 429 919 475 composito
954 431 1087 465 factum

510 476 632 520 habes,

144 527 228 563 Non
244 527 355 562 radiis
373 528 457 563 solis
468 555 477 570 ,
499 530 562 564 sed
576 530 615 564 in
631 532 760 565 umbra

142 578 321 613 Venerem
341 577 608 624 pulchritudine
623 589 753 628 captas.

93 629 169 665 460
193 630 259 664 Dic
274 628 365 664 mihi
379 631 536 676 primum
549 660 558 674 ,
584 634 750 680 quisnam
766 633 813 668 sis
829 634 982 678 genere?

143 684 230 717 Bae.
254 682 358 717 Absit
374 685 602 729 arrogantia;
624 686 727 719 facile
744 692 796 719 est
814 683 883 719 hoc
897 686 1027 721 dicere.

143 733 317 768 Tmolum
331 735 465 769 novisti
482 742 650 770 ornatum
668 737 817 771 floribus
828 736 844 769 ?

142 786 227 819 Pero.
252 784 367 826 Novi,
391 787 453 832 qui
470 787 599 822 Sardes
616 787 815 821 circumdat
830 787 868 821 in
886 787 1024 822 orbem.

142 838 228 870 Bac.
254 834 341 870 Inde
358 849 448 872 sum.
501 837 615 884 Lydia
631 851 716 875 vero
735 837 826 872 mihi
840 845 892 873 est
907 838 1039 884 patria.

91 885 167 921 465
193 889 277 922 Ρεη.
302 887 408 922 Unde
424 887 513 923 haec
529 901 629 923 sacra
646 891 762 925 adfers
781 891 819 924 in
837 889 1054 924 Graeciam?

142 940 227 973 Bac.
253 937 415 975 Bacchus
431 952 497 974 nos
516 940 692 983 initiavit,
716 941 808 976 filius
826 940 933 977 Iovis.

143 992 227 1024 Pen.
254 989 318 1024 Est
341 990 391 1024 ibi
416 991 546 1038 aliquis
561 990 716 1037 Iupiter,
741 993 804 1039 qui
828 993 952 1038 gignat
972 1004 1087 1026 novos

503 1042 624 1078 Deos?

141 1093 226 1127 Bac.
256 1090 359 1133 Nom
391 1094 452 1128 sed
483 1095 547 1140 qui
575 1093 634 1128 hic
666 1095 841 1130 Semelem
874 1095 991 1129 iunxit
1021 1094 1089 1129 sibi

508 1146 656 1190 nuptiis.

143 1197 226 1228 Pen.
250 1194 508 1230 Utrum'noctu
526 1203 560 1230 te
580 1208 626 1230 an
644 1197 801 1232 interdiu
818 1197 934 1243 coegit
942 1195 1015 1245 ³⁰)?

91 1245 167 1280 470
194 1247 278 1280 Bac.
310 1246 469 1282 Cernens
495 1255 722 1289 cernentem;
765 1256 800 1283 et
827 1249 977 1283 tradidit
999 1246 1088 1282 haec

505 1311 617 1334 sacra.

142 1350 226 1382 Pen.
254 1347 352 1382 Haec
368 1349 468 1394 orgia
478 1349 525 1395 ³¹)
542 1362 634 1396 quae
651 1357 752 1392 sunt,
778 1358 812 1385 et
827 1363 936 1397 quam
954 1350 1090 1385 habent

509 1401 691 1434 formam?

141 1451 225 1484 Bac.
243 1449 328 1484 Non
344 1449 494 1484 dicenda
512 1464 588 1485 non
605 1452 755 1487 initiatis
763 1451 950 1487 Bacchicis
967 1452 1089 1488 sacris.

145 1503 229 1535 Pen.
256 1501 353 1546 Quid
369 1502 448 1547 opis
465 1503 748 1538 sacrificantibus
766 1503 960 1538 adserunt?

143 1554 228 1587 Bac.
253 1551 337 1587 Non
355 1560 406 1588 est
424 1555 476 1589 fas
492 1561 527 1588 te
543 1555 685 1595 audire;
709 1562 792 1590 sunt
806 1563 926 1590 autem
943 1555 1088 1601 cognitu

506 1606 626 1651 digna.

91 1653 168 1690 475
196 1658 280 1690 Pen.
305 1655 415 1690 Recte
430 1655 500 1690 hoc
519 1658 666 1699 fucasti,
690 1664 730 1692 ut
746 1659 853 1692 velim
872 1659 1009 1693 audire.

141 1708 226 1742 Bac.
251 1706 350 1742 Deus
366 1709 442 1742 odit
459 1709 568 1754 impie
586 1710 825 1744 celebrantem
846 1711 958 1755 orgia.

142 1761 226 1792 Pero.
260 1758 318 1792 Tu
341 1759 428 1794 dicis
453 1766 487 1794 te
508 1761 638 1795 vidisse
661 1761 778 1796 Deum
800 1762 939 1807 palam;
970 1761 1087 1807 qualis

511 1811 611 1846 erat?

139 1861 223 1895 Bac.
257 1861 382 1907 Qualis
400 1863 532 1902 voluit;
569 1876 644 1897 non
662 1865 757 1898 enim
781 1876 845 1909 ego
872 1864 1088 1898 ordinabam

507 1913 588 1950 hoc.

266 1963 344 1998 Hoc
378 1972 471 1999 certe
499 1974 765 2011 praetervectus
790 1980 846 2008 es,
882 1968 974 2002 bene
996 1964 1087 2000 nihil

507 2018 640 2055 dicens.

89 2068 164 2105 480
190 2070 276 2105 Bac.
304 2070 446 2112 „Recta
474 2071 594 2108 dicens
623 2073 718 2118 apud
744 2072 971 2117 imperitum,
1000 2070 1088 2104 deli-

503 2137 584 2159 rare
601 2126 634 2159 ei
651 2125 806 2158 videtur.

275 2174 415 2210 Venisti
448 2177 606 2221 primum
640 2175 730 2218 huc,
775 2174 871 2210 hunc
905 2176 1086 2209 adducens

511 2228 627 2264 Deum
639 2228 654 2262 ?

139 2279 225 2312 Bac.
252 2278 345 2313 Tota
362 2280 460 2325 regio
479 2281 666 2315 barbarica
684 2281 789 2315 saltat
803 2277 893 2313 haec
911 2278 1024 2324 orgia.

140 2331 223 2363 Pen.
247 2329 399 2375 Sapiunt
416 2332 517 2377 peius
534 2333 700 2368 omnibus
717 2332 875 2366 Graecis.

142 2382 225 2415 Bac.
251 2380 292 2414 ln
307 2380 373 2416 hac
390 2395 428 2417 re
446 2385 551 2430 longe
569 2386 713 2425 melius;
727 2385 788 2420 sed
804 2385 898 2429 leges
917 2389 1000 2417 sunt
1015 2381 1085 2416 dis-

505 2437 649 2472 similes.

141 1965 224 1997 Pen.

139 2176 222 2209 Pen.

127 2552 175 2584 29)
195 2553 333 2584 Tanquam
354 2553 423 2577 iuter
439 2553 594 2586 mutieres]
615 2554 656 2578 sic
670 2555 753 2578 Editt.
770 2555 854 2580 1558..
877 2554 970 2579 1562:
992 2554 1062 2577 Barn
1076 2570 1083 2584 ‚

161 2589 284 2618 Musgr.:
305 2589 340 2611 Ut
358 2589 392 2611 ad
412 2589 541 2611 mulieres
562 2591 746 2616 afficiendas,

127 2629 175 2662 30)
195 2629 297 2663 coegit]
317 2631 357 2655 sic
376 2631 458 2655 Editt.
482 2632 572 2657 1558..
594 2633 685 2662 1562.;
708 2632 783 2658 Fix.:
809 2632 937 2662 compulit
957 2632 995 2655 ml
1015 2632 1084 2656 haec

161 2663 270 2690 sacra?

127 2707 174 2740 31)
194 2707 285 2740 orgia]
305 2709 352 2733 Ed.
375 2708 449 2733 1562.
468 2709 564 2733 mendo
586 2711 712 2740 typogr.:
732 2710 829 2740 origia.

1558 227 1671 262 facis?

1194 279 1280 313 Bac.
1308 277 1427 313 Noctu
1450 279 1668 324 plurimum3
1693 280 1862 314 tenebrae
1887 280 1983 315 enim
2005 280 2141 317 habent

1557 330 1694 376 aliquid
1713 332 1946 367 reverentiae.

1194 382 1278 414 Pen.
1300 378 1398 414 Istud
1424 392 1509 426 ergo
1525 381 1736 417 mulieribus
1757 384 1922 418 dolosum
1939 391 1991 419 est
2013 392 2048 420 et
2062 386 2140 420 lan-

1561 432 1722 476 guidum.

1192 483 1276 516 Bac.
1291 481 1413 516 Etiam
1429 481 1587 516 interdiu
1602 482 1741 518 invenit
1754 485 1882 531 aliquis
1898 487 2018 532 turpia
2033 488 2139 524 facta.

1194 535 1277 568 Pen.
1319 532 1372 567 Te
1403 545 1489 567 vero
1515 545 1671 578 poenam
1703 536 1788 569 dare
1821 543 1964 581 oportet
1991 546 2139 585 propter

1558 584 1669 629 impia
1689 584 1922 630 sophismata.

1141 635 1216 669 490
1249 636 1335 671 Bae.
1364 635 1416 669 Te
1441 647 1528 669 vero
1552 642 1703 680 propter
1729 637 1983 681 stoliditatem,
2013 641 2075 686 qui
2103 655 2139 677 es

1552 687 1684 732 impius
1699 700 1782 733 erga
1799 688 1930 724 Deum.

1192 739 1276 772 Pen.
1294 736 1414 783 Quam
1431 738 1531 771 ferox
1549 745 1601 772 est
1617 738 1886 775 isteBacchicus
1904 742 2137 791 sacerdos³²)‚

1552 801 1670 836 neque
1687 791 1875 836 imperitus
1892 804 2111 828 sermonum.

1191 840 1274 874 Bac.
1313 837 1442 880 Dicas,
1487 839 1575 885 quid
1609 848 1776 886 oporteat
1805 843 1881 888 pati
1910 856 1966 877 me
1978 870 1988 885 ‚
2028 857 2137 890 quam

1553 904 1709 937 poenam
1726 892 1817 928 mihi
1831 895 1989 929 statues?

1193 944 1275 976 Pen.
1306 939 1432 975 Primo
1449 943 1656 986 praecidam
1674 946 1820 979 mollem
1838 946 2007 991 capillum
2024 953 2139 983 tuum.

1192 995 1276 1028 Bae.
1301 993 1409 1027 Sacer
1428 999 1479 1027 est
1497 995 1664 1040 capillus,
1689 1003 1723 1030 et
1738 996 1817 1031 Deo
1836 998 1954 1043 ipsum
1972 1003 2104 1034 nutrio.

1142 1042 1233 1089 495*
1256 1047 1341 1080 Pen.
1377 1043 1517 1078 Deinde
1551 1044 1715 1091 thyrsum
1748 1046 1844 1083 hunc
1876 1051 1978 1083 trade
2000 1062 2041 1084 ex
2063 1063 2139 1084 ma-

1556 1098 1673 1133 nibus.

1193 1148 1275 1181 Bac.
1306 1145 1384 1192 Ipse
1418 1155 1457 1182 tu
1481 1146 1571 1182 mihi
1605 1149 1720 1194 eripe;
1753 1148 1850 1184 hunc
1878 1151 1974 1185 enim
1996 1151 2139 1187 Baccho

1560 1200 1649 1235 fero.

1194 1251 1275 1283 Pen.
1301 1248 1421 1283 Tuum
1441 1262 1570 1296 corpus
1587 1252 1787 1287 custodIam
1807 1253 1846 1287 in
1863 1254 2027 1289 vinculis.

1193 1302 1277 1335 Bac.
1304 1300 1426 1335 Solvet
1441 1314 1498 1335 me
1513 1302 1611 1337 Deus
1627 1303 1757 1338 iterum
1769 1331 1778 1345 ‚
1797 1318 1877 1339 cum
1896 1318 1960 1350 ego
1978 1306 2140 1341 voluero.

1196 1354 1276 1385 Pen.
1294 1351 1450 1397 Quando
1469 1354 1614 1388 vocabis
1632 1367 1725 1394 eum,
1743 1363 1839 1391 stans
1859 1357 1953 1391 inter
1968 1354 2140 1391 Bacchas.

1143 1401 1218 1436 500
1242 1405 1329 1438 Bac.
1353 1403 1401 1438 Et
1424 1417 1521 1452 nunc
1547 1418 1639 1451 quae
1662 1408 1802 1452 patior,
1825 1408 1923 1442 videt
1946 1421 2060 1454 prope
2079 1409 2140 1441 ad-

1564 1463 1673 1492 stans.

1194 1507 1277 1539 Pen.
1305 1504 1352 1539 Et
1376 1506 1439 1540 ubi
1463 1507 1541 1542 est?
1569 1520 1644 1541 non
1668 1509 1765 1543 enim
1789 1510 2002 1555 conspicuus
2029 1510 2140 1545 oculis

1559 1560 1659 1595 meis.

1192 1609 1276 1642 Bac.
1302 1607 1465 1649 Mecum;
1486 1616 1525 1644 tu
1541 1623 1623 1645 cum
1639 1612 1733 1657 ipius
1748 1612 1813 1653 sis,
1834 1625 1909 1647 non
1928 1614 2027 1649 vides
2045 1627 2139 1649 eum.

1195 1662 1277 1693 Pen.
1298 1659 1565 1705 Comprehendi
1584 1669 1637 1702 te;
1655 1665 1853 1698 contemnit
1863 1678 1920 1699 me
1938 1673 1973 1699 et
1982 1664 2138 1700 Thebas.

1192 1713 1276 1745 Bac.
1300 1710 1379 1756 Ego
1398 1724 1504 1748 sanus
1521 1714 1624 1748 vobis
1647 1716 1850 1751 errantibus
1872 1718 1994 1759 edico,
2019 1730 2064 1751 ne
2080 1730 2138 1750 me

1562 1765 1691 1810 ligetis.

1142 1812 1217 1848 505
1232 1816 1316 1848 Pen.
1332 1813 1409 1859 Ego
1427 1828 1513 1849 vero
1529 1816 1640 1861 ligare
1658 1824 1703 1859 te,
1718 1819 1781 1864 qui
1796 1832 1874 1853 sum
1884 1820 2138 1865 praestantior.

1191 1868 1274 1900 Bac.
1294 1865 1377 1900 Non
1387 1867 1466 1909 scis,
1485 1870 1582 1914 quod
1598 1869 1706 1908 vivis;
1721 1882 1838 1917 neque
1857 1872 1969 1913 vides,
1989 1872 2068 1919 quis
2081 1872 2139 1906 sis.

1191 1920 1274 1952 Pen.
1304 1916 1503 1961 Pentheus,
1519 1921 1658 1965 Agaves
1674 1921 1766 1956 filius
1785 1935 1827 1956 ex
1844 1930 1946 1968 patre
1963 1922 2138 1958 Echione.

1192 1971 1276 2004 Bac.
1301 1969 1455 2005 Idoneus
1471 1983 1506 2006 es
1525 1969 1658 2006 habere
1676 1974 1808 2007 malam
1830 1975 2017 2009 fortunam
2039 1976 2136 2010 iuxta

1556 2035 1691 2058 nomen
1710 2031 1811 2060 tuum
1820 2026 1879 2073 ³²³).

1190 2073 1274 2106 Pen.
1301 2073 1388 2113 Abi;
1415 2075 1647 2120 constringite
1665 2089 1746 2110 eum
1762 2077 1860 2112 iuxta
1877 2085 2039 2125 equestre

1141 2121 1216 2157 510
1241 2124 1419 2171 Praesepe
1431 2153 1440 2167 ,
1465 2133 1504 2161 ut
1520 2128 1642 2161 videat
1657 2129 1835 2164 tenebras.

1191 2173 1243 2208 lbi
1262 2177 1371 2217 salta;
1400 2178 1486 2212 istas
1504 2191 1609 2220 vero,
1636 2192 1724 2226 quas
1742 2181 1888 2216 adducis

1190 2227 1394 2264 Adiutrices
1411 2229 1518 2270 mali,
1546 2238 1607 2264 aut
1623 2232 1833 2272 vendemus,

1191 2279 1264 2313 Aut
1282 2293 1429 2315 manum
1450 2293 1469 2314 a
1489 2282 1641 2327 strepitu
1658 2280 1726 2316 hoc
1741 2290 1776 2317 et
1786 2284 1913 2329 byrsae
1930 2284 2052 2318 sonitu

1191 2330 1446 2377 Compescens,
1472 2345 1608 2378 ponam
1626 2335 1773 2369 ancillas
1791 2336 1837 2368 ad
1856 2335 1974 2370 telam.

1139 2380 1213 2416 515
1247 2385 1330 2419 Bac.
1365 2384 1486 2423 Vado;
1517 2397 1601 2418 nam
1626 2387 1724 2431 quod
1742 2398 1818 2420 non
1836 2394 1887 2422 est
1902 2387 2029 2428 fatale,
2061 2399 2136 2420 non

1555 2443 1604 2470 est
1620 2450 1760 2472 necesse

1171 2562 1219 2591 32)
1243 2562 1297 2585 iste
1316 2562 1464 2585 nac-chiens
1486 2563 1634 2591 sacerdos]
1654 2564 1694 2587 sic
1713 2566 1797 2589 Editt.
1820 2566 1905 2592 1558..
1928 2564 2019 2593 1562.;
2040 2565 2133 2602 Bam?

1205 2598 1325 2626 Mnsgrs
1359 2597 1412 2620 iste
1446 2598 1583 2627 Baccims5
1621 2598 1694 2623 Fix.:
1729 2600 1782 2623 iste
1815 2601 1960 2623 bacchatur
1984 2599 2092 2627 (Eurip.
2119 2606 2132 2620 ο

1205 2630 1340 2662 Βάκχος).

1171 2674 1217 2703 33)
1238 2675 1315 2698 iuxta
1338 2681 1434 2699 nomen
1449 2674 1544 2707 tuum]
1562 2676 1627 2700 haec
1648 2676 1676 2700 in
1698 2682 1785 2707 marg.
1800 2677 1884 2701 Editt.
1902 2677 1985 2701 1558..
2004 2676 2077 2699 1562.
2093 2676 2133 2698 sic

1207 2710 1391 2739 explicantur:
1405 2709 1517 2738 πένθος,
1527 2711 1624 2738 dolor:
1643 2711 1705 2735 iude
1719 2711 1869 2738 Pentheus,
1884 2712 1962 2741 quasi
1976 2711 2132 2734 dolorosus.
