2373 2980
113 77 183 111 {97
566 75 654 111 LIX.
714 75 1121 112 INTERPRETATIO
1148 77 1409 114 HIPPOLYTI
1435 79 1685 129 EURIPIDIS.
2071 91 2143 127 498

152 161 328 199 Domum;
355 166 389 194 et
406 161 505 195 tenui
520 162 598 195 velo
615 162 748 196 flavum

154 213 271 257 Caput
285 218 413 255 tegere.

114 262 178 299 [35
204 262 322 297 Audio
338 262 450 306 ipsam
469 263 506 296 in
521 264 670 299 tertium

153 314 256 347 Hunc
287 313 409 347 divino

151 365 222 398 Ore
251 364 343 397 diem

150 413 346 449 Prohibere
365 423 500 450 castum
523 428 651 460 corpus
668 428 687 449 a
710 417 807 457 cibo,

149 466 195 500 Et
211 467 299 500 velle
317 467 423 500 tacito
441 468 565 500 dolore
584 467 711 501 mortis

112 516 174 552 ’.40
201 516 356 551 Provehi
372 519 416 551 ad
433 518 603 552 miserum
618 519 738 553 finem.

445 591 659 641 [strophe
686 592 748 642 2.]

149 661 182 693 Ο
200 661 316 705 puella
328 686 337 700 ‚
364 666 403 694 tu
421 661 555 695 insanis

150 711 230 744 Sive
249 724 289 744 ex
306 711 422 752 Pane,
450 713 524 745 sive
541 724 582 745 ex
596 711 727 746 Hecate
739 739 748 753 ,

148 762 219 796 Aut
238 775 277 795 ex
296 764 508 797 venerandis
525 763 788 808 Corybantibus
800 791 808 804 ,

145 815 217 847 Aut
233 826 273 846 ex
289 820 401 846 matre
420 821 590 847 montana
608 814 806 858 impetuosa
817 815 874 861 ¹¹²).

99 863 170 898 145
198 864 255 897 Tu
275 877 359 898 vero
373 891 382 904 ,
410 866 507 910 quod
524 865 697 898 venatrici
714 896 716 898 ,

144 915 282 949 Dianae
307 928 427 949 errore

11 869 13 873 .
11 857 12 861 Α
7 733 17 838 ,ἑν-ἵ...-

143 1018 235 1052 Nam
255 1019 352 1051 vadit
367 1025 441 1052 tum
460 1031 523 1063 per
538 1019 705 1063 paludes,

145 1069 238 1102 Tum
260 1082 322 1114 per
338 1076 470 1102 terram
482 1097 491 1110 ,
518 1081 625 1114 supra
643 1069 752 1102 maris

102 1117 168 1153 150
196 1120 418 1165 Salsuginem
435 1121 474 1153 in
491 1120 668 1154 fluctibus.

386 1193 700 1242 [Antistrophe
727 1194 791 1242 2.]

144 1263 216 1295 Aut
234 1263 402 1296 maritum
419 1261 690 1297 Atheniensium
703 1291 712 1303 ,

146 1314 278 1346 Ducem
301 1314 457 1346 nobilem

145 1364 270 1396 Laedit
289 1364 407 1409 aliqua
426 1364 462 1396 in
478 1364 624 1397 aedibus

144 1416 284 1447 Arcano
303 1414 511 1452 concubitu;

95 1461 165 1498 155
191 1464 264 1499 Aut
281 1471 389 1499 nauta
406 1465 535 1511 aliquis
551 1465 752 1510 navigavit,

141 1516 194 1549 Ex
211 1517 314 1553 Creta
334 1517 500 1557 veniens,

142 1568 196 1601 Ad
213 1574 356 1612 portum
373 1567 602 1601 commodum
619 1568 736 1602 nautis
748 1595 756 1607 ,

141 1620 313 1653 Adserens
331 1619 496 1652 nuntium
516 1618 682 1663 reginae,

140 1671 309 1704 Moerore
327 1672 369 1704 de
385 1671 445 1703 illo
463 1670 557 1702 malo

94 1722 166 1756 160
193 1722 294 1755 Victa
313 1729 363 1755 est
378 1721 496 1754 anima
509 1748 518 1761 ‚
546 1721 641 1754 intus
657 1732 692 1753 se
711 1720 905 1754 continens.

469 1795 708 1845 [Epodus.]

145 1893 168 1905 „
180 1866 276 1898 Solet
293 1871 462 1909 corrupto
480 1865 517 1897 in
538 1863 727 1897 mulierum

144 1917 477 1960 „Temperamento
496 1916 589 1948 mala
606 1915 734 1948 misera

142 1968 367 2011 „Aegritudo
388 1965 592 2000 cohabitare

142 2018 226 2058 „Ex
245 2024 418 2062 conceptu
433 2024 467 2051 et
483 2018 636 2051 fastidio.
690 2018 759 2051 Per
778 2028 893 2049 meum

94 2068 165 2105 165
192 2070 360 2103 Ventrem
381 2069 477 2102 venit
496 2069 689 2115 aliquando
708 2069 771 2102 ista
790 2080 873 2100 aura
890 2082 896 2100 ;

141 2121 253 2154 Deam
271 2119 382 2161 hanc,
411 2132 501 2166 quae
520 2121 614 2154 favet
631 2119 850 2164 parientibus
862 2146 869 2156 ,

143 2173 334 2206 Curantem
352 2172 516 2216 sagittas,

142 2224 294 2257 Dianam
314 2223 491 2256 invocavi.

140 2275 187 2308 Et
208 2275 372 2320 inprimis
388 2273 644 2318 venerandam)

94 2326 165 2359 170
193 2327 279 2360 Cum
298 2326 374 2360 aliis
392 2325 470 2359 Diis
487 2337 626 2370 semper
644 2324 752 2358 vadit.

141 2377 207 2410 Sed
223 2378 343 2412 nutrix
358 2377 475 2410 vetula
495 2383 576 2409 ante
592 2377 686 2409 fores

143 2427 242 2461 Hanc
257 2434 378 2473 portat
395 2433 491 2462 extra
508 2429 666 2461 domum.

131 2552 175 2583 12)
194 2552 223 2576 In
238 2558 324 2584 marg.
339 2554 422 2578 Editt.
439 2554 524 2583 1558,
547 2554 622 2577 ¹562.
640 2555 808 2585 adscriptum
827 2556 870 2578 est
891 2560 988 2578 nomen
1008 2554 1082 2576 Deae

161 2587 202 2609 his
222 2587 313 2610 verbis
334 2588 521 2619 significatae:
549 2588 662 2618 Cybele.

130 2630 175 2657 13)
195 2630 320 2659 inprimis
339 2631 510 2660 veneranda]
536 2631 576 2654 sic
601 2631 683 2655 Editt.
703 2632 794 2660 1558..
824 2632 917 2657 1562..

162 2665 264 2688 recent.
284 2666 359 2688 recte
376 2665 499 2689 additur:
527 2665 592 2688 mihi
610 2665 658 2697 (=
675 2667 768 2698 Eurip.
785 2674 835 2698 μοι
852 2663 1062 2696 πολυζήλωτος).

92 2707 274 2737 Mssmsm.
298 2707 404 2738 opna.
428 2708 512 2738 Vm„
537 2707 660 2739 XVIII.

142 966 225 1000 Non
245 967 497 1001 sacrificaveris
513 967 646 1007 molas,
674 966 904 1000 consumeris.

949 2631 976 2654 in
997 2630 1081 2654 Editt.

1124 169 1129 259 ι
1205 165 1333 200 Tristis
1349 167 1620 210 superciliorum
1639 169 1749 204 nubes
1765 178 1929 215 augetur:

1205 216 1319 260 Cupio
1337 217 1425 251 scire
1436 245 1445 258 ,
1474 219 1559 264 quid
1575 220 1638 260 sit,

1155 265 1226 300 175
1255 267 1356 311 Quae
1374 281 1429 302 res
1446 269 1587 303 laeserit

1203 317 1341 362 Corpus
1358 320 1554 366 regimem)
1575 322 1666 354 male
1683 323 1892 359 coloratum.

1200 371 1284 403 Nat.
1313 369 1346 402 O
1363 377 1535 414 quantum
1554 378 1603 405 est
1622 372 1658 404 in
1676 375 1780 409 rebus
1797 374 1963 413 humanis
1985 382 2090 423 mali,
2119 396 2138 416 ο

1557 424 1702 457 morbos
1726 427 1884 461 odiosos!

1198 470 1294 515 Quid
1312 483 1376 514 ego
1394 471 1458 504 tibi
1474 472 1627 505 faciam?
1656 475 1740 519 quid
1760 490 1844 510 vero
1861 492 1934 513 non
1951 482 2102 518 faciam?

1197 521 1274 554 Hoc
1291 519 1479 566 pulchrum
1496 523 1616 557 lumen
1635 525 1776 560 videtur
1793 528 1875 569 tihi,
1904 538 1936 565 et
1955 546 2015 567 aer
2032 536 2107 571 iste.

1149 572 1221 606 180
1247 572 1355 606 Extra
1376 574 1522 607 domum
1549 581 1582 608 et
1604 576 1756 618 lectum,
1799 579 1835 612 in
1859 594 1929 626 quo
1957 585 2137 623 decumbis

1564 634 1707 670 aegrota
1722 641 1727 661 ι

1195 674 1271 707 Huc
1289 675 1410 708 venire
1430 683 1506 709 erat
1523 678 1638 712 omnis
1655 691 1772 713 sermo
1791 687 1890 716 tuus:

1197 725 1304 758 Brevi
1320 738 1442 760 rursus
1457 728 1639 763 festinabis
1655 729 1691 763 in
1712 728 1900 768 thalamos.

1195 777 1286 810 Nam
1306 777 1375 810 cito
1396 779 1544 813 mutaris
1556 806 1565 820 ,
1595 787 1629 814 et
1646 782 1742 815 nulla
1761 795 1799 816 re
1815 787 1965 828 gaudes,

1193 828 1316 874 Neque
1349 829 1412 862 tibi
1440 830 1574 874 placet,
1624 834 1721 877 quod
1750 836 1865 874 adest;
1921 841 2016 883 quod
2053 854 2135 876 vero

1556 883 1672 924 abest,

1145 928 1217 964 185
1245 930 1516 966 Gratiusducis.
1572 934 1754 974 „Facilius
1771 944 1821 971 est
1837 950 1909 973 esse
1929 950 2111 985 aegrotum
2127 976 2134 987 ‚

1114 976 1117 1009 l
1561 998 1667 1030 quam
1686 998 1810 1021 curare
1827 999 2002 1034 aegrotos.

1192 1032 1349 1076 Aegroto
1368 1034 1511 1079 quidem
1533 1042 1584 1069 est
1602 1037 1751 1081 simplex
1768 1041 1922 1081 malum3
1939 1046 1997 1077 sed
2017 1046 2056 1086 is,
2074 1051 2135 1095 qui

1464 1086 1572 1120 servit
1589 1095 1756 1131 aegroto,
1782 1093 2009 1129 coniunctum
2029 1095 2134 1136 habet

1193 1133 1362 1167 Dolorem
1381 1136 1491 1169 animi
1506 1150 1585 1170 cum
1603 1139 1726 1173 labore
1744 1145 1916 1187 corporis.

1193 1185 1351 1223 „Omnis
1368 1184 1555 1221 hominum
1575 1189 1646 1223 vita
1665 1192 1769 1235 plena
1788 1195 1986 1243 dolorem),

1144 1237 1215 1270 190
1243 1236 1396 1282 „Neque
1416 1246 1465 1272 est
1483 1240 1622 1285 requies
1637 1242 1821 1285 laborum,

1192 1288 1291 1327 „Sed
1310 1289 1405 1322 aliud
1427 1291 1596 1335 quiddam
1610 1319 1619 1333 ,
1648 1296 1744 1338 quod
1763 1296 1899 1332 dulcius
1916 1308 1964 1334 est
1983 1304 2051 1338 vita
2064 1334 2072 1345 ‚

1113 1377 1115 1382 Ι
1191 1365 1212 1377 „
1223 1339 1409 1374 Tenebrae
1425 1342 1645 1378 continentes
1664 1346 1843 1381 occultant
1857 1351 2007 1388 nebulis.

1112 1384 1115 1413 ἶ
1193 1417 1213 1429 „
1225 1389 1337 1423 Stulte
1354 1393 1473 1436 cupidi
1489 1406 1610 1428 sumus

1192 1440 1346 1480 „Vitae‚
1393 1444 1473 1488 quia
1506 1442 1594 1478 haec
1625 1458 1791 1490 praesens
1816 1451 1886 1484 vita
1910 1454 2071 1497 splendet
2097 1461 2133 1494 in

1553 1502 1645 1530 terra
1659 1524 1668 1536 ,

1142 1540 1213 1576 195
1241 1569 1261 1582 ,‚
1273 1542 1366 1588 Quia
1384 1546 1545 1579 nondum
1563 1549 1783 1592 gustavimus
1801 1552 1949 1589 alteram
1971 1558 2078 1594 vitam

1191 1593 1266 1634 „Et
1291 1607 1397 1628 nemo
1421 1597 1525 1632 nobis
1545 1600 1719 1642 ostendit,
1762 1604 1882 1648 qualia
1909 1607 1997 1649 sint,
2042 1590 2132 1658 qu'ae

1548 1651 1612 1684 sub
1631 1658 1724 1685 terra
1743 1661 1843 1695 sunt,

1191 1696 1290 1735 „Sed
1306 1699 1530 1734 sermonibus
1546 1703 1661 1736 stultis
1678 1709 1811 1739 temere
1829 1707 1990 1745 ferimur.

1190 1749 1293 1781 Phae.
1320 1749 1451 1783 Tollite
1467 1764 1586 1785 meum
1605 1766 1751 1798 corpus,
1780 1764 1813 1790 et
1831 1759 1954 1804 erigite
1971 1773 2094 1809 caput,

1189 1798 1369 1833 DiSsoluta
1389 1808 1471 1834 sunt
1488 1801 1577 1836 mihi
1595 1806 1736 1839 vincula
1756 1815 1912 1845 artuum.

1138 1850 1213 1885 200
1239 1851 1416 1895 Accipite,
1449 1854 1622 1896 ministri,
1646 1856 1811 1898 l›rachia;

1186 1901 1249 1935 Est
1264 1900 1353 1935 mihi
1372 1916 1478 1947 grave
1495 1903 1626 1940 habere
1645 1918 1897 1946 ornamentum
1918 1916 2053 1960 eapitis.

1186 1954 1316 1994 Aufer,
1344 1957 1492 1990 extende
1509 1959 1694 2002 capillum,
1723 1959 1791 1996 heu
1809 1962 1916 1997 mihi?

1108 2013 1112 2042 ῑ
1188 2006 1272 2039 Nat.
1298 2005 1399 2039 Forti
1419 2008 1539 2042 animo
1558 2010 1624 2051 sis,
1653 2011 1722 2044 filia
1735 2040 1743 2053 ,
1772 2027 1888 2061 neque
1906 2018 2052 2052 moleste

1109 2043 1112 2089 l
1187 2056 1307 2099 Agites
1325 2070 1465 2102 corpus.

1137 2105 1212 2141 205
1238 2107 1392 2143 Facilius
1409 2110 1574 2144 morbum
1597 2124 1675 2145 cum
1695 2113 1812 2158 quiete

1185 2158 1231 2191 Et
1246 2171 1418 2202 generoso
1435 2161 1555 2194 animo
1570 2163 1672 2198 feres.

1189 2209 1369 2249 „Necesse
1400 2218 1451 2246 est
1481 2211 1645 2248 homines
1676 2216 1872 2250 conflictari
1901 2231 1980 2253 cum
2009 2223 2128 2257 multis

1108 2272 1110 2304 ξ
1544 2265 1658 2299 malis.

1185 2313 1288 2346 Phae.
1315 2311 1435 2354 Eheu,
1459 2317 1641 2360 quomodo
1660 2328 1700 2348 ex
1716 2317 1838 2351 rorido
1854 2319 1953 2355 fonte

1107 2395 1109 2402 ,
1184 2363 1356 2397 Hauriam
1375 2372 1499 2409 potum
1517 2366 1688 2411 limpidae
1707 2369 1847 2413 aquae?

1133 2416 1208 2449 210
1234 2415 1281 2448 Et
1299 2417 1362 2449 sub
1381 2416 1470 2450 alnis
1484 2423 1517 2450 et
1533 2417 1570 2450 in
1588 2418 1693 2451 viridi

1184 2466 1292 2500 Prato
1310 2467 1478 2501 reclinata
1499 2468 1704 2514 quiescam?

1109 1844 1112 1861 ι

1109 1871 1112 1887 Ι

1109 1891 1112 1909 ι

1109 1916 1112 1940 ἓ

1109 1945 1112 1962 ι

1168 2585 1213 2617 14)
1232 2585 1361 2616 reginae]
1380 2584 1420 2608 sic
1439 2586 1485 2613 (z
1503 2584 1597 2614 Eurip.
1615 2584 1766 2618 βασιλείας)
1786 2587 1869 2612 Editt.
1887 2592 1990 2615 recent.
2000 2599 2009 2622 ;
2037 2592 2120 2620 Editt.

1202 2620 1293 2651 1558.,
1319 2620 1393 2644 1562.
1412 2619 1498 2644 male:
1523 2620 1628 2650 regina.

1167 2661 1212 2694 15)
1233 2663 1264 2688 fl.
1282 2663 1301 2687 1.
1318 2662 1346 2686 in
1364 2661 1448 2686 Editt.
1466 2662 1655 2732 1558.,ἐ2562.
1675 2664 1741 2688 nota
1758 2670 1860 2696 marg.:
1886 2665 2000 2692 MIseria
2018 2668 2101 2695 vitae.
