2373 2980
245 126 292 162 15

245 211 369 244 iudicia
388 211 429 242 de
451 220 530 240 aere
554 205 643 239 lianc
662 206 772 249 ipsam
791 204 834 236 ob
853 214 1011 242 causam,
1039 202 1134 247 quod
1155 214 1227 234 non

244 264 391 296 redeunt
408 260 538 293 similes
557 264 690 293 motus.
716 255 851 288 etiamsi
871 266 963 287 nunc
981 254 1023 286 de
1048 253 1124 286 aliis
1147 265 1227 286 can-

243 314 288 347 sis
306 311 523 345 variantibus
542 321 656 341 aeri-in
679 319 749 338 non
768 305 895 338 dican».

346 362 448 407 Quod
467 372 549 393 xero
568 360 610 391 ad
626 354 843 401 genethliaca
864 355 1009 395 attinet,
1043 361 1075 387 et
1098 353 1225 387 iudicia

243 416 284 447 de
302 413 519 456 singulorum
540 408 845 452 temperamentis,
881 407 989 439 inulta
1011 411 1227 438 concurrunt

243 465 329 502 alia,
358 476 446 508 quae
464 461 651 506 qualitates
671 459 706 491 in
725 459 841 492 mixtis
857 457 1008 490 variant.

342 514 502 547 l'rimnin
532 511 625 545 enim
651 510 835 543 diversitas
857 508 1018 546 seminis,

243 566 409 610 cuiusque
428 561 666 607 generationis
689 567 876 598 naturam,
904 557 1129 602 praeeipuam
1156 555 1226 587 xiin

242 618 395 654 confert,
431 616 590 660 adeoque
614 612 839 650 dominatur,
880 616 917 643 ut
943 609 979 640 in
1000 609 1123 641 eodem
1148 618 1227 638 aere

242 675 274 701 et
299 665 503 704 horizonte,
547 672 665 697 tamen
689 662 823 706 singula
853 660 985 694 semina
1012 659 1066 691 sui
1091 657 1228 702 generis

242 718 436 751 animantia
469 717 634 760 gignant,
669 713 863 747 humanum
887 709 1089 748 hominem,
1130 708 1228 753 equi—

241 782 325 803 num
343 780 485 813 equum.

324 819 461 853 Deinde
478 817 661 860 regionum
678 813 862 847 diversitas
879 824 952 845 non
968 810 1091 854 exigua
1107 808 1229 843 discri-

242 871 339 904 mina
371 870 407 903 in
438 868 661 902 nascentibus
692 865 814 904 efficit,
856 863 961 896 etiam
993 874 1073 895 cum
1105 861 1227 894 eadem

243 929 323 956 sunt
339 921 491 959 semina,
523 925 562 953 nt
579 917 764 951 hominum
777 942 786 955 ,
813 921 847 948 et
863 926 943 948 cum
962 911 1123 959 eadem³)
1141 911 1230 946 coeli

243 972 447 1006 constitutio
472 976 540 1009 est,
576 976 694 1002 tamen
718 977 845 1010 magna
873 972 924 999 est
946 964 984 997 in
1006 963 1154 997 diversis
1176 975 1230 996 re-

243 1023 406 1068 gionibus
438 1020 706 1059 dissimilitudo,
747 1018 844 1063 quod
877 1017 921 1050 ad
947 1027 1098 1060 corpora
1125 1020 1159 1048 et
1186 1015 1230 1047 ad

243 1075 381 1108 animos
407 1073 542 1106 attinet.
602 1070 764 1115 Denique
788 1068 894 1102 etiam
919 1080 998 1101 cum
1024 1067 1104 1106 illa,
1138 1077 1229 1111 quae

243 1127 312 1159 iam
331 1125 421 1163 dixi,
449 1123 548 1168 paria
566 1128 667 1162 sunt,
695 1128 816 1154 tamen
841 1119 1068 1152 educationes
1090 1123 1124 1151 et
1147 1129 1230 1150 con-

242 1177 444 1211 suetudines
482 1173 686 1207 discrimina
725 1171 860 1205 faciunt
896 1170 934 1203 in
969 1175 1070 1214 parte
1110 1168 1229 1213 aliqua

241 1225 532 1273 temperamenti,
567 1230 628 1258 aut
645 1235 806 1263 morum,
838 1228 899 1255 aut
915 1233 1071 1254 casuum.

344 1278 419 1312 Etsi
444 1277 551 1320 igitur
573 1276 624 1309 vis
649 1274 802 1308 maxima
829 1279 879 1307 est
903 1270 1106 1306 circumfusi
1129 1269 1230 1310 coeli,

242 1343 260 1363 a
279 1342 348 1375 quo
366 1335 399 1362 et
415 1334 570 1367 caetera,
598 1339 688 1373 quae
711 1326 883 1365 diximus,
914 1336 1015 1358 suam
1040 1323 1110 1355 vim
1137 1333 1231 1355 sum-

241 1387 405 1426 pserunt,
432 1391 511 1412 cum
536 1379 611 1423 ipsa
634 1378 733 1412 coelo
758 1374 847 1409 nihil
873 1376 1075 1408 conserant:
1111 1379 1231 1406 tamen

241 1432 308 1466 nisi
339 1431 415 1477 quis
449 1442 489 1463 ea
521 1442 600 1463 cum
626 1428 833 1463 coelestibus
858 1427 970 1460 causis
995 1424 1231 1464 coniunxerit,

241 1496 343 1527 saepe
370 1481 522 1521 errabit,
563 1481 592 1514 si
622 1480 717 1514 volet
747 1490 870 1512 omnes
903 1476 1176 1521 significationes
1211 1487 1230 1507 a

241 1535 328 1568 coeli
353 1539 453 1566 motu
479 1544 637 1572 sumere,
671 1531 777 1565 etiam
805 1541 882 1569 eas,
918 1540 1008 1574 quae
1032 1539 1105 1561 non
1130 1538 1231 1571 pror-

241 1599 298 1620 sus
324 1598 343 1618 a
368 1584 466 1617 coelo
485 1584 653 1628 pendent.
712 1582 808 1614 Haec
831 1593 909 1614 cum
936 1580 984 1613 ita
1006 1592 1041 1613 se
1065 1577 1231 1622 habeant,

242 1637 305 1671 etsi
332 1636 510 1669 interdum
535 1635 662 1667 fallunt
688 1632 967 1678 praedictiones,
1009 1643 1082 1663 non
1112 1637 1231 1662 tamen

242 1701 298 1722 ars
316 1694 388 1720 tota
409 1687 611 1719 damnanda
628 1691 689 1719 est.
742 1683 792 1717 Ut
807 1695 921 1729 neque
939 1681 1160 1726 gubernandi
1177 1693 1231 1713 ar—

241 1747 311 1773 tem
330 1739 528 1778 reiicimus,
557 1736 694 1770 etiamsi
711 1747 813 1779 saepe
832 1735 921 1767 fiunt
938 1733 1138 1777 naufragi-”23
1172 1732 1231 1766 sed

242 1792 341 1824 decet
360 1802 424 1823 nos
436 1815 445 1828 ‚
480 1795 518 1821 ut
536 1789 573 1821 in
590 1794 688 1821 tanta
706 1793 740 1820 et
756 1786 875 1820 divina
895 1785 1112 1830 professione
1130 1790 1231 1827 grato

242 1842 361 1875 animo
380 1840 545 1885 amplecti
560 1845 720 1879 tanturn,
749 1844 920 1884 quantum
946 1836 1085 1882 assequi
1112 1847 1232 1879 possu-

242 1906 340 1932 mus,
378 1904 441 1925 nec
466 1891 645 1936 postulare
670 1891 712 1922 de
736 1889 901 1922 omnibus
925 1888 1030 1921 rebus
1053 1886 1232 1920 certitudi-

243 1957 345 1983 nem,
373 1949 543 1988 tanquam
562 1943 605 1974 ab
627 1948 701 1974 arte
727 1941 866 1985 penitus
890 1937 1145 1983 comprehensa
1169 1936 1232 1971 ho-

243 1996 380 2028 minum
399 1994 605 2037 sagacitate3
634 1994 693 2026 sed
713 2004 840 2026 ornare
857 2004 934 2024 eam
955 1997 989 2024 et
1005 1991 1153 2023 reddere
1178 1990 1232 2022 in-

242 2046 466 2081 structiorem
487 2045 527 2078 iis
546 2044 776 2083 coniecturis,
811 2055 901 2089 qnae
926 2042 1068 2076 aliunde
1092 2053 1232 2075 sumen—

244 2099 308 2131 dae
328 2103 425 2134 snnt;
453 2103 560 2142 utque
578 2095 722 2129 medicis
739 2107 812 2128 non
830 2094 999 2127 vertimus
1018 2093 1124 2133 vitio,
1152 2105 1231 2126 cum

244 2150 286 2181 de
304 2148 430 2181 morbo
448 2147 663 2191 aegrotantis
680 2153 713 2180 et
732 2148 773 2179 de
791 2146 864 2180 eius
879 2152 1026 2185 natura,
1056 2145 1231 2191 quaedam

245 2200 483 2237 sciscitantur3
514 2199 560 2231 ita
578 2205 612 2231 et
636 2197 693 2231 hic
718 2210 792 2230 non
815 2195 1145 2241 reprehendendum
1171 2201 1232 2235 est,

245 2251 359 2295 siqua
381 2251 422 2282 de
439 2249 660 2294 regionibus,
688 2261 832 2293 genere,
860 2249 1037 2289 moribus,
1074 2254 1136 2281 aut
1156 2247 1233 2280 aliis

246 2301 483 2334 accidentibus
500 2301 712 2346 requirenda
731 2312 803 2334 csse
823 2300 991 2334 dicemus.

1061 507 1104 539 ad
1127 516 1226 539 suain

272 2389 365 2430 Quod
386 2389 430 2420 sii
454 2387 548 2420 utilis
570 2387 724 2420 doctrina
748 2387 786 2419 de
811 2385 976 2429 effectibus
998 2385 1201 2419 coelestibus.

351 2456 464 2499 Supra
483 2454 637 2487 breviter
654 2455 809 2498 exposui,
828 2453 1029 2497 possibilem
1047 2466 1118 2487 esse
1133 2466 1234 2498 prae-

246 2506 437 2539 dictionem
473 2518 513 2538 ex
544 2511 720 2538 astrorum
746 2506 900 2539 motibus
922 2518 961 2538 ac
988 2511 1113 2538 natura
1140 2518 1233 2538 suin-

247 2565 364 2602 ptam,
391 2563 423 2590 et
441 2558 536 2602 quod
555 2557 598 2589 ad
615 2556 806 2589 accidentia
826 2557 933 2596 aeris,
961 2569 999 2589 ac
1021 2557 1064 2588 ad
1091 2569 1148 2589 eas
1171 2554 1234 2588 lio-

248 2609 383 2641 minum
416 2607 664 2652 dispositiones
698 2607 894 2651 pertineat,
943 2620 1033 2652 quae
1074 2608 1117 2640 ab
1153 2620 1232 2641 aere

282 2727 312 2755 3)
333 2727 441 2755 eadem]
462 2726 510 2751 Ed.
529 2726 605 2751 155³.
625 2730 720 2750 errore
738 2728 865 2757 typogr.:
893 2726 994 2750 eodem.

828 117 949 152 PfflL.
979 114 1090 150 MEL.
1125 113 1327 150 SCRIPTA
1357 113 1690 150 PHILOLOGICA.

1253 319 1256 344 l

1254 545 1257 567 l

1254 578 1257 648 l

2221 114 2270 150 16

1281 201 1458 241 oriuntur,
1475 207 1660 246 quaesunt
1676 199 1871 244 primordia
1886 200 2091 233 facultatum
2109 206 2143 233 et
2159 199 2268 234 actio-

1279 264 1362 285 num
1382 252 1541 296 corporis
1559 258 1592 284 et
1614 251 1744 290 animi,
1779 256 1812 283 et
1836 251 1937 285 certis
1963 257 2166 295 temporum
2192 263 2268 284 mo-

1279 304 1406 337 mentis
1422 303 1601 336 vcnientes
1620 302 1775 335 adfectus
1798 307 1858 334 aut
1874 302 2010 342 morbi,
2034 309 2069 336 et
2085 302 2267 346 longaevi-

1279 361 1332 387 tas
1350 366 1387 386 ac
1407 354 1497 386 vitae
1514 353 1686 391 brevitas,
1713 359 1747 385 et
1763 351 1831 384 alia
1851 353 2025 397 quaedam
2045 360 2189 387 externa
2207 354 2269 387 ad-

1280 405 1437 437 iumenta
1461 411 1521 436 ant
1546 404 1757 436 detrimenta
1782 403 1992 447 praecipua,
2030 404 2186 438 naturali
2210 416 2268 438 or-

1280 455 1362 488 dine
1394 455 1618 488 nascentibus
1647 454 1828 498 copulata:
1870 461 1908 487 nt
1935 466 2013 488 cum
2040 467 2189 500 corpore
2212 467 2268 489 res

1279 506 1465 539 familiaris
1492 512 1526 538 et
1550 505 1752 545 convictus,
1787 517 1865 538 cnm
1897 506 2016 538 anima
2049 503 2205 541 honores
2235 511 2270 540 et

1281 557 1452 599 dignitas,
1508 563 1541 589 et
1574 555 1703 590 horum
1737 556 1952 590 mutationes
1992 569 2057 601 pro
2097 564 2271 602 tempore.

1280 608 1382 641 Nunc
1405 608 1447 640 de
1473 607 1645 649 utilitate,
1678 613 1718 641 ut
1741 607 1964 652 propositum
1985 608 2070 647 suit,
2103 609 2271 642 dicemus.

1280 659 1346 692 Sed
1372 659 1468 702 prius
1492 659 1775 692 constituendum
1802 666 1870 698 est,
1906 659 1990 704 quid
2013 659 2098 693 utile
2123 659 2272 693 velimus

1281 710 1449 753 intelligi,
1476 716 1509 742 et
1527 711 1570 743 ad
1589 722 1694 755 quem
1714 710 1818 743 finem
1837 709 1972 743 referri.

1382 761 1417 795 Si
1437 761 1530 794 enim
1549 761 1660 794 animi
1681 762 1775 794 bona
1804 760 2060 805 spectabimus,
2095 761 2182 806 quid
2203 760 2272 794 erit

1282 812 1473 856 optabilius
1490 814 1535 846 ad
1552 812 1858 858 tranquillitatem,
1882 811 2051 856 gaudium
2068 818 2103 845 et
2117 813 2272 846 oblecta-

1282 863 1437 904 tionem,
1464 865 1657 898 multarum
1676 876 1794 898 rerum
1815 861 2055 897 humanarum
2074 869 2109 897 et
2131 864 2270 897 divina-

1282 927 1361 948 rum
1379 914 1688 949 consideratione?
1742 914 1779 948 Si
1797 927 1880 948 vero
1897 915 1940 947 ad
1957 914 2117 959 corporis
2139 915 2272 949 utilita-

1282 973 1352 999 tem
1376 967 1604 1011 respicimus,
1632 965 1718 1000 baec
1745 966 1906 999 doctrina
1932 966 2044 1010 magis
2065 978 2173 1012 quam
2198 965 2272 1001 ulla

1282 1018 1350 1051 alia
1371 1019 1544 1058 ostendit,
1572 1018 1659 1064 quid
1677 1018 1845 1063 cuiusque
1864 1017 2111 1051 constitutioni
2127 1024 2162 1051 et
2184 1024 2273 1052 tem-

1282 1075 1490 1114 peramento
1506 1070 1693 1114 proprium
1713 1069 1776 1109 sit,
1805 1075 1839 1102 et
1854 1068 2080 1103 conveniens.

1384 1120 1490 1165 Quod
1514 1132 1599 1154 vero
1620 1133 1695 1154 non
1716 1120 1881 1154 conducit
1902 1121 1946 1153 ad
1969 1132 2054 1165 opes
2080 1121 2273 1165 augendas,

1283 1177 1346 1204 aut
1363 1173 1407 1204 ad
1431 1173 1696 1217 consequendos
1720 1169 1894 1211 honores,
1925 1183 2114 1206 commune
2137 1172 2273 1205 crimen

1283 1228 1334 1255 est
1350 1220 1432 1256 huic
1447 1223 1542 1267 parti
1559 1235 1638 1256 cum
1655 1229 1728 1256 tota
1747 1220 1973 1266 philosophia
1985 1249 1994 1262 ,
2021 1235 2112 1268 quae
2123 1249 2133 1263 ,
2161 1234 2274 1269 quan-

1283 1279 1357 1307 tum
1379 1273 1416 1306 in
1442 1274 1517 1318 ipsa
1544 1280 1614 1314 est,
1648 1274 1772 1308 talium
1798 1274 1977 1307 bonorum
2000 1285 2075 1306 non
2097 1279 2150 1307 est
2167 1274 2275 1318 largi-

1284 1325 1352 1358 trix
1369 1331 1429 1358 aut
1446 1325 1614 1358 effectrix.
1666 1325 1735 1358 Sed
1760 1331 1799 1358 ut
1823 1337 1938 1370 neque
1964 1322 2057 1358 hanc
2080 1330 2272 1369 propterea

1284 1377 1513 1416 damnamus,
1534 1375 1582 1408 ita
1598 1388 1662 1409 nec
1679 1381 1838 1409 nostram
1855 1375 2038 1409 scientiam
2055 1375 2274 1417 abiiciemus‚

1284 1440 1361 1461 cum
1380 1428 1524 1472 quidem
1540 1427 1626 1461 alias
1644 1427 1797 1461 maiores
1814 1427 1983 1460 utilitates
2001 1427 2150 1460 adferat.

1387 1479 1458 1523 Qui
1474 1491 1558 1512 vero
1577 1478 1694 1525 eam4)
1710 1478 1869 1512 inutilem
1888 1490 1960 1512 esse
1979 1478 2211 1518 contendunt,
2237 1475 2277 1511 hi

1283 1542 1357 1563 non
1372 1530 1440 1563 alia
1460 1529 1560 1574 gravi
1577 1542 1680 1564 causa
1696 1530 1832 1563 moveri
1849 1542 1884 1563 se
1909 1529 2050 1570 dicunt,
2085 1529 2154 1563 nisi
2176 1529 2277 1562 fatali

1283 1581 1500 1615 necessitate.
1553 1581 1703 1615 Videtur
1720 1582 1814 1614 enim
1832 1592 2111 1625 supervacuum,
2137 1580 2276 1624 praevi—

1284 1634 1367 1666 dere
1401 1645 1462 1673 ea,
1502 1633 1630 1678 quibus
1661 1644 1844 1666 occurrere
1875 1631 2078 1675 diligentia,
2119 1637 2155 1664 et
2185 1642 2276 1676 quae

1285 1691 1360 1717 arte
1378 1684 1489 1717 vitare
1504 1696 1578 1717 non
1594 1696 1792 1728 possumus.
1851 1683 1919 1716 Sed
1939 1683 1973 1715 id
1992 1693 2134 1728 quoque
2151 1682 2275 1715 incon-

1284 1736 1434 1769 siderate
1461 1735 1601 1768 dicitur.

1387 1786 1547 1819 Primum
1568 1785 1661 1819 enim
1687 1785 1724 1818 in
1744 1783 1816 1825 his,
1851 1797 1941 1830 quae
1965 1783 2161 1818 necessario
2185 1783 2275 1816 acci-

1285 1839 1394 1877 dunt,
1417 1838 1620 1881 ignorantia
1637 1837 1673 1869 in
1690 1849 1727 1869 re
1746 1837 1860 1870 subita
1887 1842 1921 1869 et
1943 1835 2156 1880 improvisa,
2190 1846 2275 1868 con-

1258 1889 1519 1923 =sternationes
1553 1888 1754 1922 animorum
1785 1887 1938 1921 maiores
1969 1894 2003 1920 et
2022 1887 2276 1920 immoderatas

1284 1941 1437 1974 laetitias
1455 1941 1569 1974 efficit.
1622 1939 1804 1973 Praevisio
1824 1951 1909 1971 vero
1928 1938 2122 1972 adsuefacit
2141 1943 2175 1970 et
2197 1949 2275 1970 mo-

1258 2016 1260 2024 .
1285 1994 1430 2025 deratur
1459 1992 1639 2031 animum,
1688 1996 1728 2024 ut
1759 1991 1803 2023 ad
1832 1996 1981 2023 ventura
2012 2001 2047 2024 se
2078 1989 2276 2028 confirmet,

1257 2711 1262 2740 l

1284 2044 1433 2088 perinde
1451 2056 1490 2076 ac
1506 2043 1535 2076 si
1551 2048 1665 2077 essent
1680 2041 1878 2085 praesentia
1891 2068 1900 2081 ,
1928 2053 1967 2073 ac
1985 2046 2178 2085 praeparat
2196 2051 2275 2079 nos,

1286 2101 1323 2128 nt
1342 2094 1478 2139 placide
1495 2100 1529 2127 et
1546 2099 1748 2127 constanter
1764 2105 1803 2126 ea
1826 2092 2053 2137 excipiamus.

1387 2145 1524 2179 Deinde
1545 2157 1608 2178 nec
1632 2144 1905 2178 existimandum
1929 2149 1999 2183 est,
2041 2141 2178 2185 singula
2210 2137 2276 2174 ho-

1286 2197 1440 2231 minibus
1458 2209 1476 2229 a
1493 2196 1633 2230 coelesti
1650 2207 1753 2229 causa
1772 2195 1948 2235 accidere,
1977 2200 2148 2239 tanquam
2173 2203 2277 2236 pror-

1285 2261 1343 2283 sus
1359 2249 1402 2282 ab
1422 2248 1636 2281 immutabili
1652 2253 1686 2280 et
1701 2246 1823 2280 divino
1839 2247 1981 2279 decreto
1992 2271 2001 2285 ,
2028 2251 2063 2278 et
2081 2243 2183 2289 quasi
2199 2243 2276 2286 lege

1286 2301 1355 2333 lata
1373 2301 1415 2333 de
1433 2299 1599 2343 singulis,
1625 2305 1664 2332 ut
1677 2297 1874 2332 necessario
1894 2296 2080 2336 eveniant,
2106 2306 2172 2328 nec
2194 2305 2276 2338 pos-

1286 2351 1331 2385 sit
1350 2352 1417 2384 alia
1437 2363 1540 2384 causa
1558 2351 1739 2383 obsistere.
1791 2349 1882 2383 Nam
1905 2349 1979 2392 ipse
1996 2347 2138 2393 quidem
2156 2350 2276 2379 motus

1288 2402 1444 2436 coelestis
1462 2402 1581 2435 divina
1604 2402 1758 2447 quadam
1782 2407 1816 2434 et
1839 2406 1982 2433 aeterna
2008 2399 2083 2441 lege
2110 2397 2277 2430 immuta-

1285 2454 1365 2487 bilis
1393 2459 1460 2490 est;
1496 2454 1555 2486 sed
1582 2453 1749 2485 inferiora
1774 2452 1847 2484 fato
1873 2450 2030 2484 naturali
2055 2455 2088 2482 et
2111 2445 2277 2481 mutabili

1287 2505 1489 2544 variantur,
1533 2516 1612 2537 cum
1638 2503 1780 2549 quidem
1805 2502 1938 2547 primas
1963 2512 2083 2534 causas
2108 2497 2276 2531 mutatio-

1287 2569 1372 2589 num
1391 2569 1409 2588 a
1429 2556 1526 2589 coelo
1545 2555 1738 2599 accipiant,
1773 2566 1863 2599 quae
1880 2552 2044 2586 accidunt
2061 2550 2110 2584 eis
2127 2548 2276 2583 subinde

1287 2608 1388 2641 aliter
1408 2619 1470 2652 per
1489 2606 1789 2651 consequentiam.

1321 2729 1350 2755 4)
1372 2728 1444 2755 eam]
1465 2726 1492 2750 in
1511 2726 1560 2750 Ed.
1578 2725 1651 2749 1553.
1670 2724 1756 2749 deest.

2348 2087 2355 2113 l

2346 2363 2358 2449 *ina-—
2347 2305 2358 2350 tb-

2351 2652 2362 2794 ακὶ..·ι)σ-·
2350 2557 2361 2642 μὴ.
2355 2541 2359 2547 -
2351 2477 2359 2525 ⁴-—
2354 2455 2360 2460 .
