<?xml version="1.0" encoding="UTF-8"?>
<!DOCTYPE html PUBLIC "-//W3C//DTD XHTML 1.0 Transitional//EN"
    "http://www.w3.org/TR/xhtml1/DTD/xhtml1-transitional.dtd">
<html xmlns="http://www.w3.org/1999/xhtml" xml:lang="en" lang="en">
 <head>
  <title>
</title>
<meta http-equiv="Content-Type" content="text/html;charset=utf-8" />
  <meta name='ocr-system' content='tesseract 3.04.00' />
  <meta name='ocr-capabilities' content='ocr_page ocr_carea ocr_par ocr_line ocrx_word'/>
</head>
<body>
  <div class='ocr_page' id='page_1' title='image "./operaquaesupersu18melauoft/operaquaesupersu18melauoft_0098.png"; bbox 0 0 2373 2980; ppageno 0'>
   <div class='ocr_carea' id='block_1_1' title="bbox 154 104 1147 1954">
    <p class='ocr_par' dir='ltr' id='par_1_1' title="bbox 154 104 1147 1954">
     <span class='ocr_line' id='line_1_1' title="bbox 165 104 234 140; baseline -0.029 0"><span class='ocrx_word' id='word_1_1' title='bbox 165 104 234 140; x_wconf 83' lang='lat'><strong>171</strong></span> 
     </span>
     <span class='ocr_line' id='line_1_2' title="bbox 161 181 1146 224; baseline -0.01 -1"><span class='ocrx_word' id='word_1_2' title='bbox 161 196 222 224; x_wconf 82' lang='lat' dir='ltr'><strong>aut</strong></span> <span class='ocrx_word' id='word_1_3' title='bbox 246 187 476 222; x_wconf 84' lang='lat' dir='ltr'><strong>iudicandum</strong></span> <span class='ocrx_word' id='word_1_4' title='bbox 504 190 554 218; x_wconf 86' lang='lat' dir='ltr'><strong>est</strong></span> <span class='ocrx_word' id='word_1_5' title='bbox 580 189 641 216; x_wconf 91' lang='lat' dir='ltr'><strong>aut</strong></span> <span class='ocrx_word' id='word_1_6' title='bbox 669 182 877 221; x_wconf 85' lang='lat' dir='ltr'><strong>dicendum,</strong></span> <span class='ocrx_word' id='word_1_7' title='bbox 903 187 979 215; x_wconf 82' lang='lat' dir='ltr'><strong>tum</strong></span> <span class='ocrx_word' id='word_1_8' title='bbox 1002 181 1146 214; x_wconf 90' lang='lat' dir='ltr'><strong>demum</strong></span> 
     </span>
     <span class='ocr_line' id='line_1_3' title="bbox 161 232 1147 278; baseline -0.009 -4"><span class='ocrx_word' id='word_1_9' title='bbox 161 241 291 275; x_wconf 82' lang='lat' dir='ltr'><strong>sudant</strong></span> <span class='ocrx_word' id='word_1_10' title='bbox 307 238 376 275; x_wconf 79' lang='lat' dir='ltr'><strong>illi.</strong></span> <span class='ocrx_word' id='word_1_11' title='bbox 393 249 433 270; x_wconf 86' lang='lat' dir='ltr'><strong>ac</strong></span> <span class='ocrx_word' id='word_1_12' title='bbox 455 237 612 270; x_wconf 85' lang='lat' dir='ltr'><strong>sentiunt</strong></span> <span class='ocrx_word' id='word_1_13' title='bbox 634 233 671 265; x_wconf 91' lang='lat' dir='ltr'><strong>in</strong></span> <span class='ocrx_word' id='word_1_14' title='bbox 688 239 787 266; x_wconf 87' lang='lat' dir='ltr'><strong>tanta</strong></span> <span class='ocrx_word' id='word_1_15' title='bbox 806 232 928 277; x_wconf 86' lang='lat' dir='ltr'><strong>copia,</strong></span> <span class='ocrx_word' id='word_1_16' title='bbox 952 244 1060 278; x_wconf 87' lang='lat' dir='ltr'><strong>quam</strong></span> <span class='ocrx_word' id='word_1_17' title='bbox 1076 232 1147 266; x_wconf 91' lang='lat' dir='ltr'><strong>sint</strong></span> 
     </span>
     <span class='ocr_line' id='line_1_4' title="bbox 161 283 1146 335; baseline -0.008 -11"><span class='ocrx_word' id='word_1_18' title='bbox 161 292 296 335; x_wconf 84' lang='lat' dir='ltr'><strong>inopes.</strong></span> <span class='ocrx_word' id='word_1_19' title='bbox 351 288 443 333; x_wconf 86' lang='lat' dir='ltr'><strong>Quia</strong></span> <span class='ocrx_word' id='word_1_20' title='bbox 468 286 562 319; x_wconf 89' lang='lat' dir='ltr'><strong>enim</strong></span> <span class='ocrx_word' id='word_1_21' title='bbox 586 284 721 317; x_wconf 88' lang='lat' dir='ltr'><strong>nullam</strong></span> <span class='ocrx_word' id='word_1_22' title='bbox 738 290 871 317; x_wconf 88' lang='lat' dir='ltr'><strong>certam</strong></span> <span class='ocrx_word' id='word_1_23' title='bbox 893 283 1146 328; x_wconf 88' lang='lat' dir='ltr'><strong>supellectilem</strong></span> 
     </span>
     <span class='ocr_line' id='line_1_5' title="bbox 159 335 1147 381; baseline -0.008 -6"><span class='ocrx_word' id='word_1_24' title='bbox 159 340 314 379; x_wconf 84' lang='lat' dir='ltr'><strong>habent,</strong></span> <span class='ocrx_word' id='word_1_25' title='bbox 334 339 427 372; x_wconf 89' lang='lat' dir='ltr'><strong>unde</strong></span> <span class='ocrx_word' id='word_1_26' title='bbox 445 338 679 381; x_wconf 80' lang='lat' dir='ltr'>depromant,</span> <span class='ocrx_word' id='word_1_27' title='bbox 709 347 799 381; x_wconf 88' lang='lat' dir='ltr'><strong>quae</strong></span> <span class='ocrx_word' id='word_1_28' title='bbox 816 348 898 369; x_wconf 91' lang='lat' dir='ltr'><strong>usus</strong></span> <span class='ocrx_word' id='word_1_29' title='bbox 917 335 1048 379; x_wconf 84' lang='lat' dir='ltr'><strong>poscit:</strong></span> <span class='ocrx_word' id='word_1_30' title='bbox 1075 335 1147 367; x_wconf 89' lang='lat' dir='ltr'><strong>itur</strong></span> 
     </span>
     <span class='ocr_line' id='line_1_6' title="bbox 159 386 1147 432; baseline -0.007 -7"><span class='ocrx_word' id='word_1_31' title='bbox 159 394 204 426; x_wconf 89' lang='lat' dir='ltr'><strong>ad</strong></span> <span class='ocrx_word' id='word_1_32' title='bbox 226 387 496 427; x_wconf 74' lang='lat' dir='ltr'><strong>bibliothecam,</strong></span> <span class='ocrx_word' id='word_1_33' title='bbox 522 386 910 432; x_wconf 69' lang='lat' dir='ltr'><strong>quaerunturjindices,</strong></span> <span class='ocrx_word' id='word_1_34' title='bbox 936 391 1147 420; x_wconf 80' lang='lat' dir='ltr'><strong>mutuantur</strong></span> 
     </span>
     <span class='ocr_line' id='line_1_7' title="bbox 158 437 1146 484; baseline -0.006 -9"><span class='ocrx_word' id='word_1_35' title='bbox 158 455 178 475; x_wconf 91' lang='lat' dir='ltr'><strong>a</strong></span> <span class='ocrx_word' id='word_1_36' title='bbox 210 439 356 484; x_wconf 84' lang='lat' dir='ltr'><strong>singulis</strong></span> <span class='ocrx_word' id='word_1_37' title='bbox 381 439 566 472; x_wconf 77' lang='lat' dir='ltr'><strong>autoribus</strong></span> <span class='ocrx_word' id='word_1_38' title='bbox 599 438 829 472; x_wconf 83' lang='lat' dir='ltr'><strong>sententiolas</strong></span> <span class='ocrx_word' id='word_1_39' title='bbox 865 437 1022 483; x_wconf 77' lang='lat' dir='ltr'><strong>aliquot,</strong></span> <span class='ocrx_word' id='word_1_40' title='bbox 1059 448 1146 482; x_wconf 87' lang='lat' dir='ltr'><strong>quas</strong></span> 
     </span>
     <span class='ocr_line' id='line_1_8' title="bbox 159 488 1145 535; baseline -0.007 -9"><span class='ocrx_word' id='word_1_41' title='bbox 159 505 238 526; x_wconf 90' lang='lat' dir='ltr'><strong>cum</strong></span> <span class='ocrx_word' id='word_1_42' title='bbox 265 492 302 524; x_wconf 86' lang='lat' dir='ltr'><strong>in</strong></span> <span class='ocrx_word' id='word_1_43' title='bbox 325 491 438 523; x_wconf 85' lang='lat' dir='ltr'><strong>lucem</strong></span> <span class='ocrx_word' id='word_1_44' title='bbox 463 490 672 534; x_wconf 87' lang='lat' dir='ltr'><strong>proferunt,</strong></span> <span class='ocrx_word' id='word_1_45' title='bbox 708 489 790 535; x_wconf 90' lang='lat' dir='ltr'><strong>quia</strong></span> <span class='ocrx_word' id='word_1_46' title='bbox 817 488 1030 534; x_wconf 90' lang='lat' dir='ltr'><strong>plerumque</strong></span> <span class='ocrx_word' id='word_1_47' title='bbox 1053 488 1145 521; x_wconf 88' lang='lat' dir='ltr'><strong>male</strong></span> 
     </span>
     <span class='ocr_line' id='line_1_9' title="bbox 158 539 1147 579; baseline -0.005 -3"><span class='ocrx_word' id='word_1_48' title='bbox 158 541 350 577; x_wconf 81' lang='lat' dir='ltr'><strong>cohaerent</strong></span> <span class='ocrx_word' id='word_1_49' title='bbox 382 542 477 575; x_wconf 85' lang='lat' dir='ltr'><strong>furta</strong></span> <span class='ocrx_word' id='word_1_50' title='bbox 508 541 589 579; x_wconf 89' lang='lat' dir='ltr'><strong>illa,</strong></span> <span class='ocrx_word' id='word_1_51' title='bbox 618 552 681 573; x_wconf 92' lang='lat' dir='ltr'><strong>nec</strong></span> <span class='ocrx_word' id='word_1_52' title='bbox 715 540 809 573; x_wconf 89' lang='lat' dir='ltr'><strong>inter</strong></span> <span class='ocrx_word' id='word_1_53' title='bbox 841 551 877 573; x_wconf 91' lang='lat' dir='ltr'><strong>se</strong></span> <span class='ocrx_word' id='word_1_54' title='bbox 907 539 1147 578; x_wconf 88' lang='lat' dir='ltr'><strong>consentiunt,</strong></span> 
     </span>
     <span class='ocr_line' id='line_1_10' title="bbox 158 588 1146 638; baseline -0.007 -11"><span class='ocrx_word' id='word_1_55' title='bbox 158 593 318 627; x_wconf 74' lang='lat' dir='ltr'><strong>invenias</strong></span> <span class='ocrx_word' id='word_1_56' title='bbox 347 593 519 638; x_wconf 80' lang='lat' dir='ltr'><strong>pleraque</strong></span> <span class='ocrx_word' id='word_1_57' title='bbox 557 592 616 624; x_wconf 84' lang='lat' dir='ltr'><strong>illa</strong></span> <span class='ocrx_word' id='word_1_58' title='bbox 651 589 743 624; x_wconf 87' lang='lat' dir='ltr'><strong>nihil</strong></span> <span class='ocrx_word' id='word_1_59' title='bbox 778 592 893 624; x_wconf 86' lang='lat' dir='ltr'><strong>facere</strong></span> <span class='ocrx_word' id='word_1_60' title='bbox 928 588 1020 637; x_wconf 83' lang='grc' dir='ltr'><strong><em>πρὸς</em></strong></span> <span class='ocrx_word' id='word_1_61' title='bbox 1052 589 1146 626; x_wconf 75' lang='grc' dir='ltr'><em>ἔπος.</em></span> 
     </span>
     <span class='ocr_line' id='line_1_11' title="bbox 156 637 1146 691; baseline -0.009 -12"><span class='ocrx_word' id='word_1_62' title='bbox 156 646 282 691; x_wconf 61' lang='lat' dir='ltr'><strong>Neque</strong></span> <span class='ocrx_word' id='word_1_63' title='bbox 298 656 383 677; x_wconf 85' lang='lat' dir='ltr'><strong>vero</strong></span> <span class='ocrx_word' id='word_1_64' title='bbox 407 645 522 687; x_wconf 87' lang='lat' dir='ltr'><strong>legere</strong></span> <span class='ocrx_word' id='word_1_65' title='bbox 546 655 582 676; x_wconf 90' lang='lat' dir='ltr'><strong>se</strong></span> <span class='ocrx_word' id='word_1_66' title='bbox 610 649 711 687; x_wconf 85' lang='lat' dir='ltr'><strong>putet</strong></span> <span class='ocrx_word' id='word_1_67' title='bbox 728 648 889 675; x_wconf 88' lang='lat' dir='ltr'><strong>autorem</strong></span> <span class='ocrx_word' id='word_1_68' title='bbox 914 641 962 679; x_wconf 88' lang='lat' dir='ltr'><strong>is,</strong></span> <span class='ocrx_word' id='word_1_69' title='bbox 987 640 1049 684; x_wconf 85' lang='lat' dir='ltr'><strong>qui</strong></span> <span class='ocrx_word' id='word_1_70' title='bbox 1071 637 1146 670; x_wconf 90' lang='lat' dir='ltr'><strong>obi-</strong></span> 
     </span>
     <span class='ocr_line' id='line_1_12' title="bbox 157 689 1146 739; baseline -0.01 -9"><span class='ocrx_word' id='word_1_71' title='bbox 157 704 211 730; x_wconf 90' lang='lat' dir='ltr'><strong>ter</strong></span> <span class='ocrx_word' id='word_1_72' title='bbox 229 702 369 729; x_wconf 86' lang='lat' dir='ltr'><strong>tantum</strong></span> <span class='ocrx_word' id='word_1_73' title='bbox 388 694 581 739; x_wconf 81' lang='lat' dir='ltr'><strong>inspexerit</strong></span> <span class='ocrx_word' id='word_1_74' title='bbox 597 706 637 726; x_wconf 89' lang='lat' dir='ltr'><strong>ac</strong></span> <span class='ocrx_word' id='word_1_75' title='bbox 655 693 873 727; x_wconf 72' lang='lat' dir='ltr'><strong>salutaverit.</strong></span> <span class='ocrx_word' id='word_1_76' title='bbox 908 689 1002 724; x_wconf 82' lang='lat' dir='ltr'><strong>Nam</strong></span> <span class='ocrx_word' id='word_1_77' title='bbox 1023 701 1146 734; x_wconf 90' lang='lat' dir='ltr'><strong>quem-</strong></span> 
     </span>
     <span class='ocr_line' id='line_1_13' title="bbox 157 738 1147 788; baseline -0.009 -7"><span class='ocrx_word' id='word_1_78' title='bbox 157 748 352 780; x_wconf 81' lang='lat' dir='ltr'><strong>admodum</strong></span> <span class='ocrx_word' id='word_1_79' title='bbox 386 746 506 785; x_wconf 87' lang='lat' dir='ltr'><strong>aiunt,</strong></span> <span class='ocrx_word' id='word_1_80' title='bbox 546 743 651 776; x_wconf 89' lang='lat' dir='ltr'><strong>amici</strong></span> <span class='ocrx_word' id='word_1_81' title='bbox 663 743 710 788; x_wconf 65' lang='grc' dir='ltr'><strong>ια)</strong></span> <span class='ocrx_word' id='word_1_82' title='bbox 747 754 889 776; x_wconf 90' lang='lat' dir='ltr'><strong>sensum</strong></span> <span class='ocrx_word' id='word_1_83' title='bbox 926 738 1147 785; x_wconf 84' lang='lat' dir='ltr'><strong>deprehendi</strong></span> 
     </span>
     <span class='ocr_line' id='line_1_14' title="bbox 156 791 1147 842; baseline -0.008 -10"><span class='ocrx_word' id='word_1_84' title='bbox 156 811 231 832; x_wconf 89' lang='lat' dir='ltr'><strong>non</strong></span> <span class='ocrx_word' id='word_1_85' title='bbox 254 809 377 842; x_wconf 89' lang='lat' dir='ltr'><strong>posse,</strong></span> <span class='ocrx_word' id='word_1_86' title='bbox 400 796 611 841; x_wconf 84' lang='lat' dir='ltr'><strong>priusquam</strong></span> <span class='ocrx_word' id='word_1_87' title='bbox 636 807 715 827; x_wconf 90' lang='lat' dir='ltr'><strong>cum</strong></span> <span class='ocrx_word' id='word_1_88' title='bbox 744 806 785 826; x_wconf 92' lang='lat' dir='ltr'><strong>eo</strong></span> <span class='ocrx_word' id='word_1_89' title='bbox 810 793 942 826; x_wconf 86' lang='lat' dir='ltr'><strong>multos</strong></span> <span class='ocrx_word' id='word_1_90' title='bbox 964 791 1046 826; x_wconf 87' lang='lat' dir='ltr'><strong>salis</strong></span> <span class='ocrx_word' id='word_1_91' title='bbox 1069 803 1147 824; x_wconf 92' lang='lat' dir='ltr'><strong>mo-</strong></span> 
     </span>
     <span class='ocr_line' id='line_1_15' title="bbox 157 842 1146 894; baseline -0.009 -11"><span class='ocrx_word' id='word_1_92' title='bbox 157 850 235 883; x_wconf 91' lang='lat' dir='ltr'><strong>dios</strong></span> <span class='ocrx_word' id='word_1_93' title='bbox 262 847 452 894; x_wconf 81' lang='lat' dir='ltr'><strong>ederis¹³):</strong></span> <span class='ocrx_word' id='word_1_94' title='bbox 480 847 527 880; x_wconf 81' lang='lat' dir='ltr'><strong>ita</strong></span> <span class='ocrx_word' id='word_1_95' title='bbox 553 846 615 879; x_wconf 90' lang='lat' dir='ltr'><strong>diu</strong></span> <span class='ocrx_word' id='word_1_96' title='bbox 639 846 863 890; x_wconf 86' lang='lat' dir='ltr'><strong>multumque</strong></span> <span class='ocrx_word' id='word_1_97' title='bbox 885 842 1071 876; x_wconf 88' lang='lat' dir='ltr'><strong>habendus</strong></span> <span class='ocrx_word' id='word_1_98' title='bbox 1097 848 1146 875; x_wconf 89' lang='lat' dir='ltr'><strong>est</strong></span> 
     </span>
     <span class='ocr_line' id='line_1_16' title="bbox 156 893 1146 941; baseline -0.008 -8"><span class='ocrx_word' id='word_1_99' title='bbox 156 901 194 934; x_wconf 90' lang='lat' dir='ltr'><strong>in</strong></span> <span class='ocrx_word' id='word_1_100' title='bbox 211 900 376 933; x_wconf 90' lang='lat' dir='ltr'><strong>manibus</strong></span> <span class='ocrx_word' id='word_1_101' title='bbox 401 905 525 938; x_wconf 87' lang='lat' dir='ltr'><strong>autor,</strong></span> <span class='ocrx_word' id='word_1_102' title='bbox 550 897 680 930; x_wconf 90' lang='lat' dir='ltr'><strong>iterum</strong></span> <span class='ocrx_word' id='word_1_103' title='bbox 698 903 804 941; x_wconf 87' lang='lat' dir='ltr'><strong>atque</strong></span> <span class='ocrx_word' id='word_1_104' title='bbox 830 895 960 928; x_wconf 86' lang='lat' dir='ltr'><strong>iterum</strong></span> <span class='ocrx_word' id='word_1_105' title='bbox 979 893 1146 927; x_wconf 83' lang='lat' dir='ltr'><strong>evolven-</strong></span> 
     </span>
     <span class='ocr_line' id='line_1_17' title="bbox 156 944 1147 991; baseline -0.009 -6"><span class='ocrx_word' id='word_1_106' title='bbox 156 953 240 991; x_wconf 86' lang='lat' dir='ltr'><strong>dus,</strong></span> <span class='ocrx_word' id='word_1_107' title='bbox 270 952 355 983; x_wconf 90' lang='lat' dir='ltr'><strong>dum</strong></span> <span class='ocrx_word' id='word_1_108' title='bbox 380 951 442 982; x_wconf 86' lang='lat' dir='ltr'><strong>fiat</strong></span> <span class='ocrx_word' id='word_1_109' title='bbox 474 948 558 982; x_wconf 86' lang='lat' dir='ltr'><strong>satis</strong></span> <span class='ocrx_word' id='word_1_110' title='bbox 593 947 818 980; x_wconf 83' lang='lat' dir='ltr'><strong>familiariter</strong></span> <span class='ocrx_word' id='word_1_111' title='bbox 839 952 964 985; x_wconf 89' lang='lat' dir='ltr'><strong>notus,</strong></span> <span class='ocrx_word' id='word_1_112' title='bbox 994 946 1079 978; x_wconf 90' lang='lat' dir='ltr'><strong>dum</strong></span> <span class='ocrx_word' id='word_1_113' title='bbox 1106 944 1147 976; x_wconf 90' lang='lat' dir='ltr'><strong>il-</strong></span> 
     </span>
     <span class='ocr_line' id='line_1_18' title="bbox 154 995 1146 1040; baseline -0.009 -5"><span class='ocrx_word' id='word_1_114' title='bbox 154 1003 223 1036; x_wconf 90' lang='lat' dir='ltr'><strong>lius</strong></span> <span class='ocrx_word' id='word_1_115' title='bbox 240 1001 454 1040; x_wconf 84' lang='lat' dir='ltr'><strong>sententiae,</strong></span> <span class='ocrx_word' id='word_1_116' title='bbox 479 999 572 1032; x_wconf 93' lang='lat' dir='ltr'><strong>illius</strong></span> <span class='ocrx_word' id='word_1_117' title='bbox 595 999 703 1031; x_wconf 73' lang='lat' dir='ltr'><strong>verba</strong></span> <span class='ocrx_word' id='word_1_118' title='bbox 721 998 769 1031; x_wconf 89' lang='lat' dir='ltr'><strong>sic</strong></span> <span class='ocrx_word' id='word_1_119' title='bbox 786 997 964 1030; x_wconf 88' lang='lat' dir='ltr'><strong>insideant</strong></span> <span class='ocrx_word' id='word_1_120' title='bbox 988 995 1072 1035; x_wconf 86' lang='lat' dir='ltr'><strong>tibi,</strong></span> <span class='ocrx_word' id='word_1_121' title='bbox 1095 1001 1146 1034; x_wconf 80' lang='lat' dir='ltr'><strong>ut,</strong></span> 
     </span>
     <span class='ocr_line' id='line_1_19' title="bbox 157 1048 1146 1096; baseline -0.009 -10"><span class='ocrx_word' id='word_1_122' title='bbox 157 1065 236 1087; x_wconf 89' lang='lat' dir='ltr'><strong>cum</strong></span> <span class='ocrx_word' id='word_1_123' title='bbox 262 1064 350 1096; x_wconf 91' lang='lat' dir='ltr'><strong>opus</strong></span> <span class='ocrx_word' id='word_1_124' title='bbox 379 1058 448 1091; x_wconf 91' lang='lat' dir='ltr'><strong>est,</strong></span> <span class='ocrx_word' id='word_1_125' title='bbox 471 1062 546 1083; x_wconf 90' lang='lat' dir='ltr'><strong>non</strong></span> <span class='ocrx_word' id='word_1_126' title='bbox 571 1049 697 1094; x_wconf 92' lang='lat' dir='ltr'><strong>procul</strong></span> <span class='ocrx_word' id='word_1_127' title='bbox 724 1048 934 1081; x_wconf 88' lang='lat' dir='ltr'><strong>accersenda</strong></span> <span class='ocrx_word' id='word_1_128' title='bbox 961 1052 1023 1079; x_wconf 88' lang='lat' dir='ltr'><strong>aut</strong></span> <span class='ocrx_word' id='word_1_129' title='bbox 1039 1058 1146 1090; x_wconf 88' lang='lat' dir='ltr'><strong>quae-</strong></span> 
     </span>
     <span class='ocr_line' id='line_1_20' title="bbox 157 1097 1146 1143; baseline -0.009 -6"><span class='ocrx_word' id='word_1_130' title='bbox 157 1104 268 1137; x_wconf 88' lang='lat' dir='ltr'><strong>renda</strong></span> <span class='ocrx_word' id='word_1_131' title='bbox 290 1103 381 1143; x_wconf 89' lang='lat' dir='ltr'><strong>sint,</strong></span> <span class='ocrx_word' id='word_1_132' title='bbox 413 1103 474 1136; x_wconf 92' lang='lat' dir='ltr'><strong>sed</strong></span> <span class='ocrx_word' id='word_1_133' title='bbox 503 1101 598 1134; x_wconf 89' lang='lat' dir='ltr'><strong>ultro</strong></span> <span class='ocrx_word' id='word_1_134' title='bbox 624 1112 660 1133; x_wconf 93' lang='lat' dir='ltr'><strong>se</strong></span> <span class='ocrx_word' id='word_1_135' title='bbox 683 1099 748 1132; x_wconf 92' lang='lat' dir='ltr'><strong>tibi</strong></span> <span class='ocrx_word' id='word_1_136' title='bbox 779 1099 944 1131; x_wconf 83' lang='lat' dir='ltr'><strong>offerant.</strong></span> <span class='ocrx_word' id='word_1_137' title='bbox 999 1097 1146 1136; x_wconf 86' lang='lat' dir='ltr'><strong>Contra,</strong></span> 
     </span>
     <span class='ocr_line' id='line_1_21' title="bbox 158 1146 1146 1201; baseline -0.009 -13"><span class='ocrx_word' id='word_1_138' title='bbox 158 1155 463 1201; x_wconf 87' lang='lat' dir='ltr'><strong>quemadmodum</strong></span> <span class='ocrx_word' id='word_1_139' title='bbox 482 1151 695 1185; x_wconf 87' lang='lat' dir='ltr'><strong>immodicus</strong></span> <span class='ocrx_word' id='word_1_140' title='bbox 712 1151 808 1184; x_wconf 91' lang='lat' dir='ltr'><strong>cibus</strong></span> <span class='ocrx_word' id='word_1_141' title='bbox 819 1149 868 1195; x_wconf 52' lang='grc' dir='ltr'><strong>ι4)</strong></span> <span class='ocrx_word' id='word_1_142' title='bbox 879 1176 888 1189; x_wconf 87' lang='grc'>,</span> <span class='ocrx_word' id='word_1_143' title='bbox 905 1147 988 1194; x_wconf 86' lang='lat' dir='ltr'><strong>quia</strong></span> <span class='ocrx_word' id='word_1_144' title='bbox 998 1146 1047 1193; x_wconf 83' lang='lat'><strong>¹⁵)</strong></span> <span class='ocrx_word' id='word_1_145' title='bbox 1063 1159 1146 1180; x_wconf 91' lang='lat' dir='ltr'><strong>con-</strong></span> 
     </span>
     <span class='ocr_line' id='line_1_22' title="bbox 158 1200 1145 1251; baseline -0.009 -12"><span class='ocrx_word' id='word_1_146' title='bbox 158 1206 264 1251; x_wconf 88' lang='lat' dir='ltr'><strong>coqui</strong></span> <span class='ocrx_word' id='word_1_147' title='bbox 285 1217 359 1238; x_wconf 90' lang='lat' dir='ltr'><strong>non</strong></span> <span class='ocrx_word' id='word_1_148' title='bbox 382 1210 518 1249; x_wconf 89' lang='lat' dir='ltr'><strong>potest,</strong></span> <span class='ocrx_word' id='word_1_149' title='bbox 543 1203 580 1236; x_wconf 90' lang='lat' dir='ltr'><strong>in</strong></span> <span class='ocrx_word' id='word_1_150' title='bbox 604 1203 731 1235; x_wconf 90' lang='lat' dir='ltr'><strong>crudos</strong></span> <span class='ocrx_word' id='word_1_151' title='bbox 747 1200 916 1235; x_wconf 91' lang='lat' dir='ltr'><strong>humores</strong></span> <span class='ocrx_word' id='word_1_152' title='bbox 941 1200 1145 1243; x_wconf 83' lang='lat' dir='ltr'><strong>degenerat,</strong></span> 
     </span>
     <span class='ocr_line' id='line_1_23' title="bbox 158 1250 1144 1303; baseline -0.009 -13"><span class='ocrx_word' id='word_1_153' title='bbox 158 1257 219 1303; x_wconf 88' lang='lat' dir='ltr'><strong>qui</strong></span> <span class='ocrx_word' id='word_1_154' title='bbox 242 1269 316 1289; x_wconf 91' lang='lat' dir='ltr'><strong>non</strong></span> <span class='ocrx_word' id='word_1_155' title='bbox 332 1257 440 1288; x_wconf 89' lang='lat' dir='ltr'><strong>modo</strong></span> <span class='ocrx_word' id='word_1_156' title='bbox 467 1266 541 1287; x_wconf 91' lang='lat' dir='ltr'><strong>non</strong></span> <span class='ocrx_word' id='word_1_157' title='bbox 565 1254 666 1286; x_wconf 90' lang='lat' dir='ltr'><strong>alunt</strong></span> <span class='ocrx_word' id='word_1_158' title='bbox 689 1265 838 1297; x_wconf 91' lang='lat' dir='ltr'><strong>corpus,</strong></span> <span class='ocrx_word' id='word_1_159' title='bbox 861 1251 921 1285; x_wconf 87' lang='lat' dir='ltr'><strong>sed</strong></span> <span class='ocrx_word' id='word_1_160' title='bbox 944 1250 1144 1283; x_wconf 86' lang='lat' dir='ltr'><strong>naturalem</strong></span> 
     </span>
     <span class='ocr_line' id='line_1_24' title="bbox 157 1300 1146 1349; baseline -0.009 -8"><span class='ocrx_word' id='word_1_161' title='bbox 157 1308 264 1341; x_wconf 87' lang='lat' dir='ltr'><strong>etiam</strong></span> <span class='ocrx_word' id='word_1_162' title='bbox 283 1319 426 1340; x_wconf 86' lang='lat' dir='ltr'><strong>succum</strong></span> <span class='ocrx_word' id='word_1_163' title='bbox 443 1305 684 1349; x_wconf 85' lang='lat' dir='ltr'><strong>strangulant:</strong></span> <span class='ocrx_word' id='word_1_164' title='bbox 704 1304 765 1343; x_wconf 90' lang='lat' dir='ltr'><strong>ita,</strong></span> <span class='ocrx_word' id='word_1_165' title='bbox 782 1315 861 1336; x_wconf 88' lang='lat' dir='ltr'><strong>cum</strong></span> <span class='ocrx_word' id='word_1_166' title='bbox 878 1301 990 1335; x_wconf 83' lang='lat' dir='ltr'><strong>multa</strong></span> <span class='ocrx_word' id='word_1_167' title='bbox 1006 1300 1146 1344; x_wconf 86' lang='lat' dir='ltr'><strong>legeris,</strong></span> 
     </span>
     <span class='ocr_line' id='line_1_25' title="bbox 156 1351 1145 1399; baseline -0.009 -7"><span class='ocrx_word' id='word_1_168' title='bbox 156 1358 315 1392; x_wconf 83' lang='lat' dir='ltr'><strong>fortassis</strong></span> <span class='ocrx_word' id='word_1_169' title='bbox 340 1359 418 1398; x_wconf 88' lang='lat' dir='ltr'><strong>fiet,</strong></span> <span class='ocrx_word' id='word_1_170' title='bbox 450 1363 489 1390; x_wconf 89' lang='lat' dir='ltr'><strong>ut</strong></span> <span class='ocrx_word' id='word_1_171' title='bbox 518 1357 771 1389; x_wconf 85' lang='lat' dir='ltr'><strong>confusaneam</strong></span> <span class='ocrx_word' id='word_1_172' title='bbox 801 1354 984 1399; x_wconf 88' lang='lat' dir='ltr'><strong>quandam</strong></span> <span class='ocrx_word' id='word_1_173' title='bbox 1014 1351 1145 1384; x_wconf 88' lang='lat' dir='ltr'><strong>doctri-</strong></span> 
     </span>
     <span class='ocr_line' id='line_1_26' title="bbox 156 1400 1146 1452; baseline -0.009 -9"><span class='ocrx_word' id='word_1_174' title='bbox 156 1422 240 1443; x_wconf 87' lang='lat' dir='ltr'><strong>nam</strong></span> <span class='ocrx_word' id='word_1_175' title='bbox 264 1409 329 1442; x_wconf 82' lang='lat' dir='ltr'><strong>tihi</strong></span> <span class='ocrx_word' id='word_1_176' title='bbox 356 1420 561 1452; x_wconf 83' lang='lat' dir='ltr'><strong>compares,</strong></span> <span class='ocrx_word' id='word_1_177' title='bbox 594 1407 656 1440; x_wconf 88' lang='lat' dir='ltr'><strong>sed</strong></span> <span class='ocrx_word' id='word_1_178' title='bbox 685 1406 744 1439; x_wconf 84' lang='lat' dir='ltr'><strong>illa</strong></span> <span class='ocrx_word' id='word_1_179' title='bbox 768 1405 881 1448; x_wconf 86' lang='lat' dir='ltr'><strong>magis</strong></span> <span class='ocrx_word' id='word_1_180' title='bbox 905 1402 1088 1437; x_wconf 86' lang='lat' dir='ltr'><strong>hebetabit</strong></span> <span class='ocrx_word' id='word_1_181' title='bbox 1101 1400 1146 1443; x_wconf 75' lang='lat'><strong>¹⁶)</strong></span> 
     </span>
     <span class='ocr_line' id='line_1_27' title="bbox 157 1452 1145 1503; baseline -0.01 -9"><span class='ocrx_word' id='word_1_182' title='bbox 157 1474 198 1494; x_wconf 88' lang='lat' dir='ltr'><strong>ac</strong></span> <span class='ocrx_word' id='word_1_183' title='bbox 223 1461 351 1494; x_wconf 87' lang='lat' dir='ltr'><strong>obruet</strong></span> <span class='ocrx_word' id='word_1_184' title='bbox 367 1459 551 1503; x_wconf 86' lang='lat' dir='ltr'><strong>ingenium</strong></span> <span class='ocrx_word' id='word_1_185' title='bbox 568 1470 674 1503; x_wconf 88' lang='lat' dir='ltr'><strong>quam</strong></span> <span class='ocrx_word' id='word_1_186' title='bbox 693 1456 880 1501; x_wconf 89' lang='lat' dir='ltr'><strong>perpoliet.</strong></span> <span class='ocrx_word' id='word_1_187' title='bbox 934 1452 1033 1489; x_wconf 64' lang='lat' dir='ltr'><strong>Nihil</strong></span> <span class='ocrx_word' id='word_1_188' title='bbox 1051 1452 1145 1486; x_wconf 90' lang='lat' dir='ltr'><strong>enim</strong></span> 
     </span>
     <span class='ocr_line' id='line_1_28' title="bbox 157 1504 1145 1551; baseline -0.009 -6"><span class='ocrx_word' id='word_1_189' title='bbox 157 1511 264 1551; x_wconf 80' lang='lat' dir='ltr'><strong>certI,</strong></span> <span class='ocrx_word' id='word_1_190' title='bbox 293 1523 368 1543; x_wconf 92' lang='lat' dir='ltr'><strong>non</strong></span> <span class='ocrx_word' id='word_1_191' title='bbox 398 1523 472 1550; x_wconf 90' lang='lat' dir='ltr'><strong>res,</strong></span> <span class='ocrx_word' id='word_1_192' title='bbox 506 1521 581 1542; x_wconf 91' lang='lat' dir='ltr'><strong>non</strong></span> <span class='ocrx_word' id='word_1_193' title='bbox 606 1509 735 1547; x_wconf 74' lang='lat' dir='ltr'><strong>verba,</strong></span> <span class='ocrx_word' id='word_1_194' title='bbox 774 1507 810 1539; x_wconf 90' lang='lat' dir='ltr'><strong>in</strong></span> <span class='ocrx_word' id='word_1_195' title='bbox 842 1512 941 1538; x_wconf 86' lang='lat' dir='ltr'><strong>tanta</strong></span> <span class='ocrx_word' id='word_1_196' title='bbox 974 1504 1145 1537; x_wconf 85' lang='lat' dir='ltr'><strong>varietate</strong></span> 
     </span>
     <span class='ocr_line' id='line_1_29' title="bbox 156 1556 1146 1606; baseline -0.008 -11"><span class='ocrx_word' id='word_1_197' title='bbox 156 1562 318 1596; x_wconf 89' lang='lat' dir='ltr'><strong>lectionis</strong></span> <span class='ocrx_word' id='word_1_198' title='bbox 349 1562 528 1606; x_wconf 89' lang='lat' dir='ltr'><strong>reliquum</strong></span> <span class='ocrx_word' id='word_1_199' title='bbox 556 1559 622 1592; x_wconf 91' lang='lat' dir='ltr'><strong>tibi</strong></span> <span class='ocrx_word' id='word_1_200' title='bbox 644 1558 761 1592; x_wconf 86' lang='lat' dir='ltr'><strong>facies.</strong></span> <span class='ocrx_word' id='word_1_201' title='bbox 814 1556 933 1589; x_wconf 86' lang='lat' dir='ltr'><strong>Verba</strong></span> <span class='ocrx_word' id='word_1_202' title='bbox 961 1556 1146 1600; x_wconf 84' lang='lat' dir='ltr'><strong>undequa-</strong></span> 
     </span>
     <span class='ocr_line' id='line_1_30' title="bbox 158 1605 1146 1659; baseline -0.008 -12"><span class='ocrx_word' id='word_1_203' title='bbox 158 1626 225 1659; x_wconf 89' lang='lat' dir='ltr'><strong>que</strong></span> <span class='ocrx_word' id='word_1_204' title='bbox 244 1612 500 1646; x_wconf 83' lang='lat' dir='ltr'><strong>emendicanda</strong></span> <span class='ocrx_word' id='word_1_205' title='bbox 520 1616 635 1650; x_wconf 86' lang='lat' dir='ltr'><strong>erunt,</strong></span> <span class='ocrx_word' id='word_1_206' title='bbox 652 1609 791 1655; x_wconf 89' lang='lat' dir='ltr'><strong>quoties</strong></span> <span class='ocrx_word' id='word_1_207' title='bbox 807 1607 922 1641; x_wconf 87' lang='lat' dir='ltr'><strong>dicere</strong></span> <span class='ocrx_word' id='word_1_208' title='bbox 939 1605 1146 1645; x_wconf 88' lang='lat' dir='ltr'><strong>institueris,</strong></span> 
     </span>
     <span class='ocr_line' id='line_1_31' title="bbox 158 1657 1146 1710; baseline -0.009 -12"><span class='ocrx_word' id='word_1_209' title='bbox 158 1676 313 1710; x_wconf 91' lang='lat' dir='ltr'><strong>quorum</strong></span> <span class='ocrx_word' id='word_1_210' title='bbox 346 1664 437 1696; x_wconf 88' lang='lat' dir='ltr'><strong>mira</strong></span> <span class='ocrx_word' id='word_1_211' title='bbox 470 1661 721 1696; x_wconf 85' lang='lat' dir='ltr'><strong>dissimilitudo</strong></span> <span class='ocrx_word' id='word_1_212' title='bbox 755 1659 840 1699; x_wconf 89' lang='lat' dir='ltr'><strong>erit,</strong></span> <span class='ocrx_word' id='word_1_213' title='bbox 885 1670 1001 1704; x_wconf 88' lang='lat' dir='ltr'><strong>neque</strong></span> <span class='ocrx_word' id='word_1_214' title='bbox 1032 1657 1146 1700; x_wconf 86' lang='lat' dir='ltr'><strong>magis</strong></span> 
     </span>
     <span class='ocr_line' id='line_1_32' title="bbox 157 1708 1146 1748; baseline -0.008 1"><span class='ocrx_word' id='word_1_215' title='bbox 157 1716 250 1748; x_wconf 89' lang='lat' dir='ltr'><strong>inter</strong></span> <span class='ocrx_word' id='word_1_216' title='bbox 278 1727 312 1748; x_wconf 89' lang='lat' dir='ltr'><strong>se</strong></span> <span class='ocrx_word' id='word_1_217' title='bbox 346 1715 477 1748; x_wconf 86' lang='lat' dir='ltr'><strong>similes</strong></span> <span class='ocrx_word' id='word_1_218' title='bbox 499 1712 694 1747; x_wconf 88' lang='lat' dir='ltr'><strong>sententiae</strong></span> <span class='ocrx_word' id='word_1_219' title='bbox 727 1717 831 1744; x_wconf 87' lang='lat' dir='ltr'><strong>erunt</strong></span> <span class='ocrx_word' id='word_1_220' title='bbox 858 1723 899 1744; x_wconf 86' lang='lat' dir='ltr'><strong>ex</strong></span> <span class='ocrx_word' id='word_1_221' title='bbox 920 1710 1028 1742; x_wconf 81' lang='lat' dir='ltr'><strong>variis</strong></span> <span class='ocrx_word' id='word_1_222' title='bbox 1060 1708 1146 1741; x_wconf 90' lang='lat' dir='ltr'><strong>locis</strong></span> 
     </span>
     <span class='ocr_line' id='line_1_33' title="bbox 158 1758 1146 1805; baseline -0.008 -6"><span class='ocrx_word' id='word_1_223' title='bbox 158 1773 325 1800; x_wconf 83' lang='lat' dir='ltr'><strong>autorum</strong></span> <span class='ocrx_word' id='word_1_224' title='bbox 344 1766 443 1799; x_wconf 89' lang='lat' dir='ltr'><strong>nullo</strong></span> <span class='ocrx_word' id='word_1_225' title='bbox 454 1764 584 1798; x_wconf 90' lang='lat' dir='ltr'><strong>iudicio</strong></span> <span class='ocrx_word' id='word_1_226' title='bbox 595 1770 656 1797; x_wconf 88' lang='lat' dir='ltr'><strong>aut</strong></span> <span class='ocrx_word' id='word_1_227' title='bbox 667 1763 803 1796; x_wconf 89' lang='lat' dir='ltr'><strong>delectu</strong></span> <span class='ocrx_word' id='word_1_228' title='bbox 821 1761 1073 1804; x_wconf 87' lang='lat' dir='ltr'><strong>transscriptae</strong></span> <span class='ocrx_word' id='word_1_229' title='bbox 1086 1758 1146 1805; x_wconf 82' lang='lat'><strong>¹⁷).</strong></span> 
     </span>
     <span class='ocr_line' id='line_1_34' title="bbox 156 1811 1146 1862; baseline -0.01 -11"><span class='ocrx_word' id='word_1_230' title='bbox 156 1817 321 1862; x_wconf 89' lang='lat' dir='ltr'><strong>Denique</strong></span> <span class='ocrx_word' id='word_1_231' title='bbox 344 1818 382 1849; x_wconf 92' lang='lat' dir='ltr'><strong>in</strong></span> <span class='ocrx_word' id='word_1_232' title='bbox 410 1822 483 1850; x_wconf 85' lang='lat' dir='ltr'><strong>tota</strong></span> <span class='ocrx_word' id='word_1_233' title='bbox 510 1815 672 1848; x_wconf 87' lang='lat' dir='ltr'><strong>oratione</strong></span> <span class='ocrx_word' id='word_1_234' title='bbox 688 1814 786 1846; x_wconf 69' lang='lat' dir='ltr'><strong>velut</strong></span> <span class='ocrx_word' id='word_1_235' title='bbox 801 1813 898 1856; x_wconf 83' lang='lat' dir='ltr'><strong>aegri</strong></span> <span class='ocrx_word' id='word_1_236' title='bbox 920 1811 1070 1845; x_wconf 89' lang='lat' dir='ltr'><strong>somniis</strong></span> <span class='ocrx_word' id='word_1_237' title='bbox 1086 1822 1146 1842; x_wconf 83' lang='lat' dir='ltr'><strong>va-</strong></span> 
     </span>
     <span class='ocr_line' id='line_1_35' title="bbox 156 1865 1147 1911; baseline -0.009 -9"><span class='ocrx_word' id='word_1_238' title='bbox 156 1881 224 1902; x_wconf 90' lang='lat' dir='ltr'><strong>nae</strong></span> <span class='ocrx_word' id='word_1_239' title='bbox 247 1869 425 1911; x_wconf 85' lang='lat' dir='ltr'><strong>fingentur</strong></span> <span class='ocrx_word' id='word_1_240' title='bbox 452 1866 603 1911; x_wconf 91' lang='lat' dir='ltr'><strong>species,</strong></span> <span class='ocrx_word' id='word_1_241' title='bbox 639 1865 698 1899; x_wconf 90' lang='lat' dir='ltr'><strong>ubi</strong></span> <span class='ocrx_word' id='word_1_242' title='bbox 732 1876 805 1897; x_wconf 91' lang='lat' dir='ltr'><strong>non</strong></span> <span class='ocrx_word' id='word_1_243' title='bbox 826 1876 907 1908; x_wconf 88' lang='lat' dir='ltr'><strong>pes,</strong></span> <span class='ocrx_word' id='word_1_244' title='bbox 940 1874 1015 1895; x_wconf 91' lang='lat' dir='ltr'><strong>non</strong></span> <span class='ocrx_word' id='word_1_245' title='bbox 1039 1866 1147 1905; x_wconf 84' lang='lat' dir='ltr'><strong>caput</strong></span> 
     </span>
     <span class='ocr_line' id='line_1_36' title="bbox 156 1920 311 1954; baseline -0.006 0"><span class='ocrx_word' id='word_1_246' title='bbox 156 1920 221 1954; x_wconf 90' lang='lat' dir='ltr'><strong>uni</strong></span> <span class='ocrx_word' id='word_1_247' title='bbox 250 1925 311 1953; x_wconf 89' lang='lat' dir='ltr'><strong>est.</strong></span> 
     </span>
    </p>
   </div>
   <div class='ocr_carea' id='block_1_2' title="bbox 157 1972 1148 2168">
    <p class='ocr_par' dir='ltr' id='par_1_2' title="bbox 157 1972 1148 2168">
     <span class='ocr_line' id='line_1_37' title="bbox 260 1972 1148 2021; baseline -0.008 -10"><span class='ocrx_word' id='word_1_248' title='bbox 260 1978 348 2012; x_wconf 90' lang='lat' dir='ltr'><strong>Cum</strong></span> <span class='ocrx_word' id='word_1_249' title='bbox 374 1977 482 2021; x_wconf 88' lang='lat' dir='ltr'><strong>igitur</strong></span> <span class='ocrx_word' id='word_1_250' title='bbox 505 1974 591 2009; x_wconf 89' lang='lat' dir='ltr'><strong>haec</strong></span> <span class='ocrx_word' id='word_1_251' title='bbox 616 1975 847 2008; x_wconf 83' lang='lat' dir='ltr'><strong>incommoda</strong></span> <span class='ocrx_word' id='word_1_252' title='bbox 873 1985 992 2007; x_wconf 90' lang='lat' dir='ltr'><strong>secum</strong></span> <span class='ocrx_word' id='word_1_253' title='bbox 1020 1972 1148 2005; x_wconf 88' lang='lat' dir='ltr'><strong>afferat</strong></span> 
     </span>
     <span class='ocr_line' id='line_1_38' title="bbox 157 2023 1147 2072; baseline -0.007 -10"><span class='ocrx_word' id='word_1_254' title='bbox 157 2030 216 2062; x_wconf 80' lang='lat' dir='ltr'><strong>illa</strong></span> <span class='ocrx_word' id='word_1_255' title='bbox 233 2028 465 2063; x_wconf 82' lang='lat' dir='ltr'><strong>tumultuaria</strong></span> <span class='ocrx_word' id='word_1_256' title='bbox 484 2027 588 2060; x_wconf 84' lang='lat' dir='ltr'><strong>lectio</strong></span> <span class='ocrx_word' id='word_1_257' title='bbox 602 2025 649 2072; x_wconf 73' lang='grc'><strong>18)</strong></span> <span class='ocrx_word' id='word_1_258' title='bbox 672 2027 758 2071; x_wconf 90' lang='lat' dir='ltr'><strong>quid</strong></span> <span class='ocrx_word' id='word_1_259' title='bbox 775 2025 919 2057; x_wconf 89' lang='lat' dir='ltr'><strong>tandem</strong></span> <span class='ocrx_word' id='word_1_260' title='bbox 937 2023 990 2057; x_wconf 90' lang='lat' dir='ltr'><strong>rei</strong></span> <span class='ocrx_word' id='word_1_261' title='bbox 1005 2029 1068 2063; x_wconf 90' lang='lat' dir='ltr'><strong>est,</strong></span> <span class='ocrx_word' id='word_1_262' title='bbox 1085 2034 1147 2056; x_wconf 92' lang='lat' dir='ltr'><strong>cur</strong></span> 
     </span>
     <span class='ocr_line' id='line_1_39' title="bbox 157 2074 1147 2124; baseline -0.009 -11"><span class='ocrx_word' id='word_1_263' title='bbox 157 2093 231 2113; x_wconf 84' lang='lat' dir='ltr'><strong>non</strong></span> <span class='ocrx_word' id='word_1_264' title='bbox 254 2079 499 2124; x_wconf 87' lang='lat' dir='ltr'><strong>ingrediamur</strong></span> <span class='ocrx_word' id='word_1_265' title='bbox 528 2077 714 2110; x_wconf 88' lang='lat' dir='ltr'><strong>meliorem</strong></span> <span class='ocrx_word' id='word_1_266' title='bbox 740 2075 896 2122; x_wconf 76' lang='lat' dir='ltr'><strong>aliquam</strong></span> <span class='ocrx_word' id='word_1_267' title='bbox 922 2074 1062 2117; x_wconf 85' lang='lat' dir='ltr'><strong>legendi</strong></span> <span class='ocrx_word' id='word_1_268' title='bbox 1091 2085 1147 2105; x_wconf 88' lang='lat' dir='ltr'><strong>ra-</strong></span> 
     </span>
     <span class='ocr_line' id='line_1_40' title="bbox 158 2125 1147 2168; baseline -0.008 -4"><span class='ocrx_word' id='word_1_269' title='bbox 158 2131 318 2165; x_wconf 85' lang='lat' dir='ltr'><strong>tionem?</strong></span> <span class='ocrx_word' id='word_1_270' title='bbox 343 2142 406 2164; x_wconf 92' lang='lat' dir='ltr'><strong>cur</strong></span> <span class='ocrx_word' id='word_1_271' title='bbox 430 2142 504 2162; x_wconf 91' lang='lat' dir='ltr'><strong>non</strong></span> <span class='ocrx_word' id='word_1_272' title='bbox 529 2128 815 2162; x_wconf 85' lang='lat' dir='ltr'><strong>doctissimorum</strong></span> <span class='ocrx_word' id='word_1_273' title='bbox 840 2125 1027 2159; x_wconf 87' lang='lat' dir='ltr'><strong>hominum</strong></span> <span class='ocrx_word' id='word_1_274' title='bbox 1044 2135 1147 2168; x_wconf 88' lang='lat' dir='ltr'><strong>prae-</strong></span> 
     </span>
    </p>
   </div>
   <div class='ocr_carea' id='block_1_3' title="bbox 195 2258 1147 2330">
    <p class='ocr_par' dir='ltr' id='par_1_3' title="bbox 195 2258 1147 2330">
     <span class='ocr_line' id='line_1_41' title="bbox 195 2258 1147 2293; baseline -0.009 -3"><span class='ocrx_word' id='word_1_275' title='bbox 195 2267 240 2293; x_wconf 75' lang='grc'><strong>12)</strong></span> <span class='ocrx_word' id='word_1_276' title='bbox 265 2265 333 2289; x_wconf 86' lang='lat' dir='ltr'><strong>Huic</strong></span> <span class='ocrx_word' id='word_1_277' title='bbox 357 2265 417 2289; x_wconf 83' lang='lat' dir='ltr'><strong>voci</strong></span> <span class='ocrx_word' id='word_1_278' title='bbox 444 2264 472 2288; x_wconf 90' lang='lat' dir='ltr'><strong>in</strong></span> <span class='ocrx_word' id='word_1_279' title='bbox 496 2263 579 2288; x_wconf 82' lang='lat' dir='ltr'><strong>Editt.</strong></span> <span class='ocrx_word' id='word_1_280' title='bbox 607 2262 704 2293; x_wconf 84' lang='lat'><strong>1559.‚</strong></span> <span class='ocrx_word' id='word_1_281' title='bbox 734 2261 810 2286; x_wconf 78' lang='grc'>1564.</span> <span class='ocrx_word' id='word_1_282' title='bbox 829 2262 878 2291; x_wconf 58' lang='lat' dir='ltr'><strong>A„</strong></span> <span class='ocrx_word' id='word_1_283' title='bbox 905 2260 996 2291; x_wconf 59' lang='lat'><strong>¹570„</strong></span> <span class='ocrx_word' id='word_1_284' title='bbox 1022 2258 1096 2283; x_wconf 82' lang='lat'><strong>1587.</strong></span> <span class='ocrx_word' id='word_1_285' title='bbox 1120 2258 1147 2282; x_wconf 91' lang='lat' dir='ltr'><strong>iu</strong></span> 
     </span>
     <span class='ocr_line' id='line_1_42' title="bbox 227 2296 892 2330; baseline -0.006 -7"><span class='ocrx_word' id='word_1_286' title='bbox 227 2300 351 2330; x_wconf 76' lang='lat' dir='ltr'><strong>margine</strong></span> <span class='ocrx_word' id='word_1_287' title='bbox 370 2299 509 2329; x_wconf 82' lang='lat' dir='ltr'><strong>adscripta</strong></span> <span class='ocrx_word' id='word_1_288' title='bbox 528 2299 606 2322; x_wconf 88' lang='lat' dir='ltr'><strong>suut:</strong></span> <span class='ocrx_word' id='word_1_289' title='bbox 629 2297 722 2321; x_wconf 79' lang='lat' dir='ltr'><strong>Simile</strong></span> <span class='ocrx_word' id='word_1_290' title='bbox 745 2297 778 2320; x_wconf 82' lang='lat' dir='ltr'><strong>ab</strong></span> <span class='ocrx_word' id='word_1_291' title='bbox 796 2296 892 2320; x_wconf 84' lang='lat' dir='ltr'><strong>amico.</strong></span> 
     </span>
    </p>
   </div>
   <div class='ocr_carea' id='block_1_4' title="bbox 195 2336 1147 2642">
    <p class='ocr_par' dir='ltr' id='par_1_4' title="bbox 195 2336 1147 2399">
     <span class='ocr_line' id='line_1_43' title="bbox 195 2336 1147 2399; baseline -0.007 -33"><span class='ocrx_word' id='word_1_292' title='bbox 195 2344 240 2370; x_wconf 83' lang='grc'><strong>13)</strong></span> <span class='ocrx_word' id='word_1_293' title='bbox 262 2343 301 2365; x_wconf 90' lang='lat' dir='ltr'><strong>De</strong></span> <span class='ocrx_word' id='word_1_294' title='bbox 321 2343 375 2399; x_wconf 61' lang='lat' dir='ltr'><strong>¹hpc</strong></span> <span class='ocrx_word' id='word_1_295' title='bbox 398 2341 543 2371; x_wconf 79' lang='lat' dir='ltr'><strong>proverbio</strong></span> <span class='ocrx_word' id='word_1_296' title='bbox 568 2340 639 2365; x_wconf 83' lang='lat' dir='ltr'><strong>conf.</strong></span> <span class='ocrx_word' id='word_1_297' title='bbox 660 2339 770 2364; x_wconf 76' lang='lat' dir='ltr'><strong>Erasini</strong></span> <span class='ocrx_word' id='word_1_298' title='bbox 791 2339 877 2370; x_wconf 80' lang='lat' dir='ltr'><strong>Adag.</strong></span> <span class='ocrx_word' id='word_1_299' title='bbox 897 2337 957 2361; x_wconf 82' lang='lat' dir='ltr'><strong>chil.</strong></span> <span class='ocrx_word' id='word_1_300' title='bbox 976 2337 1011 2363; x_wconf 90' lang='lat'><strong>11.</strong></span> <span class='ocrx_word' id='word_1_301' title='bbox 1036 2337 1107 2360; x_wconf 85' lang='lat' dir='ltr'><strong>cent.</strong></span> <span class='ocrx_word' id='word_1_302' title='bbox 1128 2336 1147 2359; x_wconf 86' lang='lat'><strong>1.</strong></span> 
     </span>
     <span class='ocr_line' id='line_1_44' title="bbox 248 2382 361 2399; baseline 0.009 -1"><span class='ocrx_word' id='word_1_303' title='bbox 248 2382 306 2399; x_wconf 87' lang='lat' dir='ltr'><strong>rov.</strong></span> <span class='ocrx_word' id='word_1_304' title='bbox 356 2394 361 2399; x_wconf 95' lang='lat'><strong>.</strong></span> 
     </span>
    </p>

    <p class='ocr_par' dir='ltr' id='par_1_5' title="bbox 196 2384 1147 2482">
     <span class='ocr_line' id='line_1_45' title="bbox 196 2384 1147 2447; baseline -0.007 -4"><span class='ocrx_word' id='word_1_305' title='bbox 196 2384 244 2447; x_wconf 47' lang='lat'><strong>14¹),</strong></span> <span class='ocrx_word' id='word_1_306' title='bbox 263 2418 332 2441; x_wconf 79' lang='lat' dir='ltr'><strong>Huic</strong></span> <span class='ocrx_word' id='word_1_307' title='bbox 358 2417 419 2441; x_wconf 72' lang='lat' dir='ltr'><strong>voci</strong></span> <span class='ocrx_word' id='word_1_308' title='bbox 445 2417 471 2440; x_wconf 88' lang='lat' dir='ltr'><strong>iu</strong></span> <span class='ocrx_word' id='word_1_309' title='bbox 496 2418 579 2441; x_wconf 83' lang='lat' dir='ltr'><strong>Editt.</strong></span> <span class='ocrx_word' id='word_1_310' title='bbox 606 2418 698 2441; x_wconf 79' lang='lat'><strong>1559..</strong></span> <span class='ocrx_word' id='word_1_311' title='bbox 731 2417 805 2441; x_wconf 69' lang='lat'><strong>1564.</strong></span> <span class='ocrx_word' id='word_1_312' title='bbox 825 2418 875 2445; x_wconf 69' lang='lat' dir='ltr'><strong>A.,</strong></span> <span class='ocrx_word' id='word_1_313' title='bbox 902 2415 994 2440; x_wconf 76' lang='lat'><strong>1570.,</strong></span> <span class='ocrx_word' id='word_1_314' title='bbox 1020 2413 1095 2439; x_wconf 80' lang='lat'><strong>¹58⁷.</strong></span> <span class='ocrx_word' id='word_1_315' title='bbox 1119 2412 1147 2437; x_wconf 85' lang='lat' dir='ltr'><strong>iu</strong></span> 
     </span>
     <span class='ocr_line' id='line_1_46' title="bbox 226 2449 843 2482; baseline -0.003 -6"><span class='ocrx_word' id='word_1_316' title='bbox 226 2458 313 2482; x_wconf 79' lang='lat' dir='ltr'><strong>marg.</strong></span> <span class='ocrx_word' id='word_1_317' title='bbox 327 2451 494 2481; x_wconf 84' lang='lat' dir='ltr'><strong>adscriptum</strong></span> <span class='ocrx_word' id='word_1_318' title='bbox 515 2453 571 2474; x_wconf 83' lang='lat' dir='ltr'><strong>est:</strong></span> <span class='ocrx_word' id='word_1_319' title='bbox 593 2449 699 2482; x_wconf 78' lang='lat' dir='ltr'><strong>[simile</strong></span> <span class='ocrx_word' id='word_1_320' title='bbox 718 2450 746 2482; x_wconf 83' lang='lat' dir='ltr'><strong>a]</strong></span> <span class='ocrx_word' id='word_1_321' title='bbox 766 2451 843 2475; x_wconf 84' lang='lat' dir='ltr'><strong>Cibo.</strong></span> 
     </span>
    </p>

    <p class='ocr_par' dir='ltr' id='par_1_6' title="bbox 196 2493 838 2526">
     <span class='ocr_line' id='line_1_47' title="bbox 196 2493 838 2526; baseline -0.005 -7"><span class='ocrx_word' id='word_1_322' title='bbox 196 2494 241 2526; x_wconf 75' lang='lat'><strong>15)</strong></span> <span class='ocrx_word' id='word_1_323' title='bbox 262 2493 337 2525; x_wconf 70' lang='lat' dir='ltr'><strong>quia]</strong></span> <span class='ocrx_word' id='word_1_324' title='bbox 358 2494 406 2518; x_wconf 88' lang='lat' dir='ltr'><strong>Ed.</strong></span> <span class='ocrx_word' id='word_1_325' title='bbox 428 2493 502 2518; x_wconf 83' lang='lat'><strong>1557.</strong></span> <span class='ocrx_word' id='word_1_326' title='bbox 523 2499 619 2517; x_wconf 81' lang='lat' dir='ltr'><strong>errore</strong></span> <span class='ocrx_word' id='word_1_327' title='bbox 638 2496 764 2524; x_wconf 69' lang='lat' dir='ltr'><strong>typogr.:</strong></span> <span class='ocrx_word' id='word_1_328' title='bbox 785 2493 838 2523; x_wconf 88' lang='lat' dir='ltr'><strong>qui.</strong></span> 
     </span>
    </p>

    <p class='ocr_par' dir='ltr' id='par_1_7' title="bbox 196 2532 1044 2567">
     <span class='ocr_line' id='line_1_48' title="bbox 196 2532 1044 2567; baseline -0.004 -6"><span class='ocrx_word' id='word_1_329' title='bbox 196 2538 242 2566; x_wconf 81' lang='grc'><strong>16)</strong></span> <span class='ocrx_word' id='word_1_330' title='bbox 261 2534 409 2567; x_wconf 81' lang='lat' dir='ltr'><strong>hebetabit]</strong></span> <span class='ocrx_word' id='word_1_331' title='bbox 430 2536 479 2559; x_wconf 85' lang='lat' dir='ltr'><strong>Ed.</strong></span> <span class='ocrx_word' id='word_1_332' title='bbox 500 2536 576 2560; x_wconf 75' lang='lat'><strong>¹54¹.</strong></span> <span class='ocrx_word' id='word_1_333' title='bbox 596 2536 626 2560; x_wconf 80' lang='lat' dir='ltr'><strong>F.</strong></span> <span class='ocrx_word' id='word_1_334' title='bbox 646 2541 741 2559; x_wconf 85' lang='lat' dir='ltr'><strong>errore</strong></span> <span class='ocrx_word' id='word_1_335' title='bbox 760 2537 887 2565; x_wconf 73' lang='lat' dir='ltr'><strong>typogr.:</strong></span> <span class='ocrx_word' id='word_1_336' title='bbox 907 2532 1044 2558; x_wconf 78' lang='lat' dir='ltr'><strong>hebitabit.</strong></span> 
     </span>
    </p>

    <p class='ocr_par' dir='ltr' id='par_1_8' title="bbox 196 2574 1147 2642">
     <span class='ocr_line' id='line_1_49' title="bbox 196 2574 1147 2611; baseline -0.004 -8"><span class='ocrx_word' id='word_1_337' title='bbox 196 2579 242 2611; x_wconf 88' lang='grc'><strong>17)</strong></span> <span class='ocrx_word' id='word_1_338' title='bbox 269 2576 482 2609; x_wconf 83' lang='lat' dir='ltr'><strong>transscriptae]</strong></span> <span class='ocrx_word' id='word_1_339' title='bbox 511 2577 550 2601; x_wconf 88' lang='lat' dir='ltr'><strong>sic</strong></span> <span class='ocrx_word' id='word_1_340' title='bbox 574 2583 668 2601; x_wconf 87' lang='lat' dir='ltr'><strong>omnes</strong></span> <span class='ocrx_word' id='word_1_341' title='bbox 695 2577 758 2600; x_wconf 87' lang='lat' dir='ltr'><strong>illae</strong></span> <span class='ocrx_word' id='word_1_342' title='bbox 781 2577 883 2607; x_wconf 80' lang='lat' dir='ltr'><strong>Editt.‚</strong></span> <span class='ocrx_word' id='word_1_343' title='bbox 917 2575 1037 2605; x_wconf 82' lang='lat' dir='ltr'><strong>exceptis</strong></span> <span class='ocrx_word' id='word_1_344' title='bbox 1062 2574 1147 2599; x_wconf 81' lang='lat' dir='ltr'><strong>Editt.</strong></span> 
     </span>
     <span class='ocr_line' id='line_1_50' title="bbox 231 2609 1101 2642; baseline -0.003 -5"><span class='ocrx_word' id='word_1_345' title='bbox 231 2614 306 2638; x_wconf 76' lang='lat'><strong>1564.</strong></span> <span class='ocrx_word' id='word_1_346' title='bbox 323 2614 373 2641; x_wconf 83' lang='lat' dir='ltr'><strong>L.,</strong></span> <span class='ocrx_word' id='word_1_347' title='bbox 395 2612 488 2641; x_wconf 81' lang='lat'><strong>¹569.,</strong></span> <span class='ocrx_word' id='word_1_348' title='bbox 509 2612 599 2639; x_wconf 75' lang='lat'><strong>1581..</strong></span> <span class='ocrx_word' id='word_1_349' title='bbox 620 2611 648 2634; x_wconf 87' lang='lat' dir='ltr'><strong>in</strong></span> <span class='ocrx_word' id='word_1_350' title='bbox 668 2611 763 2641; x_wconf 84' lang='lat' dir='ltr'><strong>quibus</strong></span> <span class='ocrx_word' id='word_1_351' title='bbox 782 2611 898 2642; x_wconf 79' lang='lat' dir='ltr'><strong>legitur:</strong></span> <span class='ocrx_word' id='word_1_352' title='bbox 919 2609 1101 2640; x_wconf 76' lang='lat' dir='ltr'><strong>conscriptae.</strong></span> 
     </span>
    </p>
   </div>
   <div class='ocr_carea' id='block_1_5' title="bbox 197 2651 1147 2719">
    <p class='ocr_par' dir='ltr' id='par_1_9' title="bbox 197 2651 1147 2719">
     <span class='ocr_line' id='line_1_51' title="bbox 197 2651 1147 2684; baseline -0.006 -4"><span class='ocrx_word' id='word_1_353' title='bbox 197 2656 244 2684; x_wconf 85' lang='grc'><strong>18)</strong></span> <span class='ocrx_word' id='word_1_354' title='bbox 266 2656 334 2679; x_wconf 78' lang='lat' dir='ltr'><strong>Huic</strong></span> <span class='ocrx_word' id='word_1_355' title='bbox 352 2655 412 2679; x_wconf 88' lang='lat' dir='ltr'><strong>loco</strong></span> <span class='ocrx_word' id='word_1_356' title='bbox 435 2654 463 2677; x_wconf 90' lang='lat' dir='ltr'><strong>in</strong></span> <span class='ocrx_word' id='word_1_357' title='bbox 480 2654 563 2678; x_wconf 84' lang='lat' dir='ltr'><strong>Editt.</strong></span> <span class='ocrx_word' id='word_1_358' title='bbox 586 2653 670 2681; x_wconf 61' lang='lat'>155⁹„</span> <span class='ocrx_word' id='word_1_359' title='bbox 692 2652 766 2678; x_wconf 78' lang='lat'><strong>1554.</strong></span> <span class='ocrx_word' id='word_1_360' title='bbox 785 2654 829 2680; x_wconf 78' lang='lat' dir='ltr'><strong>A..</strong></span> <span class='ocrx_word' id='word_1_361' title='bbox 850 2652 943 2684; x_wconf 83' lang='lat'><strong>1570.‚</strong></span> <span class='ocrx_word' id='word_1_362' title='bbox 964 2651 1040 2677; x_wconf 86' lang='grc'>1587.</span> <span class='ocrx_word' id='word_1_363' title='bbox 1057 2655 1147 2681; x_wconf 79' lang='lat' dir='ltr'><strong>appo-</strong></span> 
     </span>
     <span class='ocr_line' id='line_1_52' title="bbox 230 2686 926 2719; baseline -0.004 -6"><span class='ocrx_word' id='word_1_364' title='bbox 230 2690 285 2713; x_wconf 84' lang='lat' dir='ltr'><strong>sita</strong></span> <span class='ocrx_word' id='word_1_365' title='bbox 303 2691 346 2713; x_wconf 87' lang='lat' dir='ltr'><strong>est</strong></span> <span class='ocrx_word' id='word_1_366' title='bbox 364 2691 429 2713; x_wconf 84' lang='lat' dir='ltr'><strong>nota</strong></span> <span class='ocrx_word' id='word_1_367' title='bbox 448 2688 579 2719; x_wconf 64' lang='lat' dir='ltr'><strong>margum</strong></span> <span class='ocrx_word' id='word_1_368' title='bbox 597 2687 696 2711; x_wconf 75' lang='lat' dir='ltr'><strong>Melior</strong></span> <span class='ocrx_word' id='word_1_369' title='bbox 715 2686 824 2717; x_wconf 82' lang='lat' dir='ltr'><strong>legendi</strong></span> <span class='ocrx_word' id='word_1_370' title='bbox 843 2687 926 2711; x_wconf 80' lang='lat' dir='ltr'><strong>ratio.</strong></span> 
     </span>
    </p>
   </div>
   <div class='ocr_carea' id='block_1_6' title="bbox 708 92 1589 132">
    <p class='ocr_par' dir='ltr' id='par_1_10' title="bbox 708 92 1589 132">
     <span class='ocr_line' id='line_1_53' title="bbox 708 92 1589 132; baseline -0.003 0"><span class='ocrx_word' id='word_1_371' title='bbox 708 96 832 132; x_wconf 87' lang='lat' dir='ltr'><strong>PHIL.</strong></span> <span class='ocrx_word' id='word_1_372' title='bbox 867 94 980 130; x_wconf 85' lang='lat' dir='ltr'><strong>MEL.</strong></span> <span class='ocrx_word' id='word_1_373' title='bbox 1017 92 1219 128; x_wconf 79' lang='lat' dir='ltr'><strong>SCRIPTA</strong></span> <span class='ocrx_word' id='word_1_374' title='bbox 1251 93 1589 129; x_wconf 85' lang='lat' dir='ltr'><strong>PHILOLOGICA.</strong></span> 
     </span>
    </p>
   </div>
   <div class='ocr_carea' id='block_1_7' title="bbox 2114 94 2188 131">
    <p class='ocr_par' dir='ltr' id='par_1_11' title="bbox 2114 94 2188 131">
     <span class='ocr_line' id='line_1_54' title="bbox 2114 94 2188 131; baseline 0.027 -2"><span class='ocrx_word' id='word_1_375' title='bbox 2114 94 2188 131; x_wconf 76' lang='lat'><strong>172</strong></span> 
     </span>
    </p>
   </div>
   <div class='ocr_carea' id='block_1_8' title="bbox 1198 178 2192 1910">
    <p class='ocr_par' dir='ltr' id='par_1_12' title="bbox 1198 178 2192 1910">
     <span class='ocr_line' id='line_1_55' title="bbox 1201 178 2190 226; baseline 0 -12"><span class='ocrx_word' id='word_1_376' title='bbox 1201 181 1308 225; x_wconf 88' lang='lat' dir='ltr'><strong>ceptis</strong></span> <span class='ocrx_word' id='word_1_377' title='bbox 1342 179 1654 225; x_wconf 80' lang='lat' dir='ltr'><strong>obtemperemus?</strong></span> <span class='ocrx_word' id='word_1_378' title='bbox 1705 178 1829 226; x_wconf 86' lang='lat' dir='ltr'><strong>Neque</strong></span> <span class='ocrx_word' id='word_1_379' title='bbox 1861 179 1955 213; x_wconf 89' lang='lat' dir='ltr'><strong>enim</strong></span> <span class='ocrx_word' id='word_1_380' title='bbox 1983 179 2106 223; x_wconf 84' lang='lat' dir='ltr'><strong>ignota</strong></span> <span class='ocrx_word' id='word_1_381' title='bbox 2137 186 2190 214; x_wconf 83' lang='lat' dir='ltr'><strong>est</strong></span> 
     </span>
     <span class='ocr_line' id='line_1_56' title="bbox 1200 230 2190 275; baseline -0.001 -10"><span class='ocrx_word' id='word_1_382' title='bbox 1200 232 1300 266; x_wconf 85' lang='lat' dir='ltr'><strong>vobis</strong></span> <span class='ocrx_word' id='word_1_383' title='bbox 1322 233 1496 265; x_wconf 86' lang='lat' dir='ltr'><strong>sententia</strong></span> <span class='ocrx_word' id='word_1_384' title='bbox 1522 231 1631 265; x_wconf 88' lang='lat' dir='ltr'><strong>Plinii</strong></span> <span class='ocrx_word' id='word_1_385' title='bbox 1657 230 1918 275; x_wconf 86' lang='lat' dir='ltr'><strong>praecipientis,</strong></span> <span class='ocrx_word' id='word_1_386' title='bbox 1946 237 1985 264; x_wconf 95' lang='lat' dir='ltr'><strong>ut</strong></span> <span class='ocrx_word' id='word_1_387' title='bbox 2001 230 2056 264; x_wconf 90' lang='lat' dir='ltr'><strong>sui</strong></span> <span class='ocrx_word' id='word_1_388' title='bbox 2074 230 2190 264; x_wconf 88' lang='lat' dir='ltr'><strong>cuius-</strong></span> 
     </span>
     <span class='ocr_line' id='line_1_57' title="bbox 1200 280 2190 329; baseline -0.003 -13"><span class='ocrx_word' id='word_1_389' title='bbox 1200 296 1268 329; x_wconf 91' lang='lat' dir='ltr'><strong>que</strong></span> <span class='ocrx_word' id='word_1_390' title='bbox 1301 283 1439 327; x_wconf 89' lang='lat' dir='ltr'><strong>generis</strong></span> <span class='ocrx_word' id='word_1_391' title='bbox 1463 289 1605 316; x_wconf 88' lang='lat' dir='ltr'><strong>autores</strong></span> <span class='ocrx_word' id='word_1_392' title='bbox 1636 281 1824 325; x_wconf 82' lang='lat' dir='ltr'><strong>diligenter</strong></span> <span class='ocrx_word' id='word_1_393' title='bbox 1853 282 2041 326; x_wconf 86' lang='lat' dir='ltr'><strong>eligantur.</strong></span> <span class='ocrx_word' id='word_1_394' title='bbox 2094 280 2190 314; x_wconf 80' lang='lat' dir='ltr'><strong>Mul-</strong></span> 
     </span>
     <span class='ocr_line' id='line_1_58' title="bbox 1200 331 2189 376; baseline -0.002 -9"><span class='ocrx_word' id='word_1_395' title='bbox 1200 341 1275 367; x_wconf 91' lang='lat' dir='ltr'><strong>tum</strong></span> <span class='ocrx_word' id='word_1_396' title='bbox 1302 334 1418 374; x_wconf 88' lang='lat' dir='ltr'><strong>enim,</strong></span> <span class='ocrx_word' id='word_1_397' title='bbox 1439 341 1479 367; x_wconf 86' lang='lat' dir='ltr'><strong>ut</strong></span> <span class='ocrx_word' id='word_1_398' title='bbox 1504 334 1574 374; x_wconf 90' lang='lat' dir='ltr'><strong>ait,</strong></span> <span class='ocrx_word' id='word_1_399' title='bbox 1600 334 1789 376; x_wconf 90' lang='lat' dir='ltr'><strong>legendum</strong></span> <span class='ocrx_word' id='word_1_400' title='bbox 1813 338 1884 373; x_wconf 87' lang='lat' dir='ltr'><strong>est,</strong></span> <span class='ocrx_word' id='word_1_401' title='bbox 1904 345 1979 366; x_wconf 91' lang='lat' dir='ltr'><strong>non</strong></span> <span class='ocrx_word' id='word_1_402' title='bbox 2002 333 2114 366; x_wconf 85' lang='lat' dir='ltr'><strong>multa</strong></span> <span class='ocrx_word' id='word_1_403' title='bbox 2127 331 2189 374; x_wconf 80' lang='lat'><strong>¹⁹),</strong></span> 
     </span>
     <span class='ocr_line' id='line_1_59' title="bbox 1200 384 2188 431; baseline -0.004 -12"><span class='ocrx_word' id='word_1_404' title='bbox 1200 387 1298 431; x_wconf 90' lang='lat' dir='ltr'><strong>quod</strong></span> <span class='ocrx_word' id='word_1_405' title='bbox 1322 385 1371 419; x_wconf 89' lang='lat' dir='ltr'><strong>sic</strong></span> <span class='ocrx_word' id='word_1_406' title='bbox 1395 385 1642 430; x_wconf 86' lang='lat' dir='ltr'><strong>accipiendum</strong></span> <span class='ocrx_word' id='word_1_407' title='bbox 1667 395 1740 416; x_wconf 91' lang='lat' dir='ltr'><strong>esse</strong></span> <span class='ocrx_word' id='word_1_408' title='bbox 1764 395 1871 416; x_wconf 90' lang='lat' dir='ltr'><strong>nemo</strong></span> <span class='ocrx_word' id='word_1_409' title='bbox 1895 384 2052 425; x_wconf 84' lang='lat' dir='ltr'><strong>dubitat,</strong></span> <span class='ocrx_word' id='word_1_410' title='bbox 2081 394 2188 427; x_wconf 84' lang='lat' dir='ltr'><strong>saepe</strong></span> 
     </span>
     <span class='ocr_line' id='line_1_60' title="bbox 1200 434 2188 482; baseline -0.002 -13"><span class='ocrx_word' id='word_1_411' title='bbox 1200 437 1423 482; x_wconf 89' lang='lat' dir='ltr'><strong>multumque</strong></span> <span class='ocrx_word' id='word_1_412' title='bbox 1444 437 1567 469; x_wconf 88' lang='lat' dir='ltr'><strong>eadem</strong></span> <span class='ocrx_word' id='word_1_413' title='bbox 1600 446 1673 468; x_wconf 85' lang='lat' dir='ltr'><strong>esse</strong></span> <span class='ocrx_word' id='word_1_414' title='bbox 1698 434 1907 478; x_wconf 85' lang='lat' dir='ltr'><strong>relegenda,</strong></span> <span class='ocrx_word' id='word_1_415' title='bbox 1931 447 1997 468; x_wconf 89' lang='lat' dir='ltr'><strong>nec</strong></span> <span class='ocrx_word' id='word_1_416' title='bbox 2024 447 2096 469; x_wconf 88' lang='lat' dir='ltr'><strong>esse</strong></span> <span class='ocrx_word' id='word_1_417' title='bbox 2117 434 2188 467; x_wconf 89' lang='lat' dir='ltr'><strong>dis-</strong></span> 
     </span>
     <span class='ocr_line' id='line_1_61' title="bbox 1200 484 2188 520; baseline -0.003 0"><span class='ocrx_word' id='word_1_418' title='bbox 1200 486 1414 520; x_wconf 86' lang='lat' dir='ltr'><strong>trahendum</strong></span> <span class='ocrx_word' id='word_1_419' title='bbox 1454 485 1615 518; x_wconf 80' lang='lat' dir='ltr'><strong>animum</strong></span> <span class='ocrx_word' id='word_1_420' title='bbox 1651 485 1823 519; x_wconf 86' lang='lat' dir='ltr'><strong>varietate</strong></span> <span class='ocrx_word' id='word_1_421' title='bbox 1856 491 2036 519; x_wconf 86' lang='lat' dir='ltr'><strong>autorum.</strong></span> <span class='ocrx_word' id='word_1_422' title='bbox 2088 484 2188 519; x_wconf 89' lang='lat' dir='ltr'><strong>Idem</strong></span> 
     </span>
     <span class='ocr_line' id='line_1_62' title="bbox 1199 535 2190 582; baseline -0.005 -10"><span class='ocrx_word' id='word_1_423' title='bbox 1199 544 1321 572; x_wconf 88' lang='lat' dir='ltr'><strong>monet</strong></span> <span class='ocrx_word' id='word_1_424' title='bbox 1346 537 1494 569; x_wconf 86' lang='lat' dir='ltr'><strong>Seneca:</strong></span> <span class='ocrx_word' id='word_1_425' title='bbox 1523 535 1635 570; x_wconf 89' lang='lat' dir='ltr'><strong>Certis</strong></span> <span class='ocrx_word' id='word_1_426' title='bbox 1653 537 1747 569; x_wconf 89' lang='lat' dir='ltr'><strong>enim</strong></span> <span class='ocrx_word' id='word_1_427' title='bbox 1764 536 1934 581; x_wconf 88' lang='lat' dir='ltr'><strong>ingeniis,</strong></span> <span class='ocrx_word' id='word_1_428' title='bbox 1956 536 2094 582; x_wconf 89' lang='lat' dir='ltr'><strong>inquit,</strong></span> <span class='ocrx_word' id='word_1_429' title='bbox 2122 536 2190 568; x_wconf 88' lang='lat' dir='ltr'><strong>im-</strong></span> 
     </span>
     <span class='ocr_line' id='line_1_63' title="bbox 1199 587 2190 633; baseline -0.001 -13"><span class='ocrx_word' id='word_1_430' title='bbox 1199 587 1335 620; x_wconf 89' lang='lat' dir='ltr'><strong>morari</strong></span> <span class='ocrx_word' id='word_1_431' title='bbox 1361 599 1401 620; x_wconf 91' lang='lat' dir='ltr'><strong>ac</strong></span> <span class='ocrx_word' id='word_1_432' title='bbox 1424 587 1594 621; x_wconf 90' lang='lat' dir='ltr'><strong>innutriri</strong></span> <span class='ocrx_word' id='word_1_433' title='bbox 1612 594 1782 633; x_wconf 75' lang='lat' dir='ltr'><strong>oportet,²</strong></span> <span class='ocrx_word' id='word_1_434' title='bbox 1799 588 1828 621; x_wconf 90' lang='lat' dir='ltr'><strong>si</strong></span> <span class='ocrx_word' id='word_1_435' title='bbox 1846 588 1932 622; x_wconf 82' lang='lat' dir='ltr'><strong>velis</strong></span> <span class='ocrx_word' id='word_1_436' title='bbox 1955 587 2094 633; x_wconf 87' lang='lat' dir='ltr'><strong>aliquid</strong></span> <span class='ocrx_word' id='word_1_437' title='bbox 2117 593 2190 619; x_wconf 87' lang='lat' dir='ltr'><strong>tra-</strong></span> 
     </span>
     <span class='ocr_line' id='line_1_64' title="bbox 1198 636 2190 683; baseline -0.001 -12"><span class='ocrx_word' id='word_1_438' title='bbox 1198 636 1304 677; x_wconf 92' lang='lat' dir='ltr'><strong>here,</strong></span> <span class='ocrx_word' id='word_1_439' title='bbox 1335 639 1431 683; x_wconf 92' lang='lat' dir='ltr'><strong>quod</strong></span> <span class='ocrx_word' id='word_1_440' title='bbox 1454 639 1491 671; x_wconf 92' lang='lat' dir='ltr'><strong>in</strong></span> <span class='ocrx_word' id='word_1_441' title='bbox 1518 639 1638 672; x_wconf 90' lang='lat' dir='ltr'><strong>animo</strong></span> <span class='ocrx_word' id='word_1_442' title='bbox 1672 639 1822 672; x_wconf 87' lang='lat' dir='ltr'><strong>fideliter</strong></span> <span class='ocrx_word' id='word_1_443' title='bbox 1857 639 1979 671; x_wconf 86' lang='lat' dir='ltr'><strong>sedeat</strong></span> <span class='ocrx_word' id='word_1_444' title='bbox 1991 637 2052 683; x_wconf 75' lang='lat'><strong>²⁰).</strong></span> <span class='ocrx_word' id='word_1_445' title='bbox 2105 637 2190 671; x_wconf 88' lang='lat' dir='ltr'><strong>Non</strong></span> 
     </span>
     <span class='ocr_line' id='line_1_65' title="bbox 1199 687 2190 734; baseline -0.003 -12"><span class='ocrx_word' id='word_1_446' title='bbox 1199 687 1414 734; x_wconf 88' lang='lat' dir='ltr'><strong>Delphicum</strong></span> <span class='ocrx_word' id='word_1_447' title='bbox 1442 690 1555 723; x_wconf 89' lang='lat' dir='ltr'><strong>ullum</strong></span> <span class='ocrx_word' id='word_1_448' title='bbox 1581 690 1766 723; x_wconf 89' lang='lat' dir='ltr'><strong>oraculum</strong></span> <span class='ocrx_word' id='word_1_449' title='bbox 1792 689 1910 722; x_wconf 88' lang='lat' dir='ltr'><strong>verius</strong></span> <span class='ocrx_word' id='word_1_450' title='bbox 1933 701 2006 722; x_wconf 91' lang='lat' dir='ltr'><strong>esse</strong></span> <span class='ocrx_word' id='word_1_451' title='bbox 2031 687 2190 733; x_wconf 89' lang='lat' dir='ltr'><strong>experie-</strong></span> 
     </span>
     <span class='ocr_line' id='line_1_66' title="bbox 1199 739 2190 780; baseline -0.002 -7"><span class='ocrx_word' id='word_1_452' title='bbox 1199 741 1309 780; x_wconf 88' lang='lat' dir='ltr'><strong>mini,</strong></span> <span class='ocrx_word' id='word_1_453' title='bbox 1337 740 1365 774; x_wconf 90' lang='lat' dir='ltr'><strong>si</strong></span> <span class='ocrx_word' id='word_1_454' title='bbox 1390 747 1504 774; x_wconf 66' lang='lat' dir='ltr'><strong>vestra</strong></span> <span class='ocrx_word' id='word_1_455' title='bbox 1539 741 1654 774; x_wconf 88' lang='lat' dir='ltr'><strong>studia</strong></span> <span class='ocrx_word' id='word_1_456' title='bbox 1679 741 1724 774; x_wconf 92' lang='lat' dir='ltr'><strong>ad</strong></span> <span class='ocrx_word' id='word_1_457' title='bbox 1752 740 1905 778; x_wconf 87' lang='lat' dir='ltr'><strong>calculos</strong></span> <span class='ocrx_word' id='word_1_458' title='bbox 1930 739 2123 779; x_wconf 86' lang='lat' dir='ltr'><strong>vocabitis,</strong></span> <span class='ocrx_word' id='word_1_459' title='bbox 2154 744 2190 771; x_wconf 89' lang='lat' dir='ltr'><strong>et</strong></span> 
     </span>
     <span class='ocr_line' id='line_1_67' title="bbox 1198 789 2190 838; baseline -0.002 -14"><span class='ocrx_word' id='word_1_460' title='bbox 1198 791 1525 832; x_wconf 82' lang='lat' dir='ltr'><strong>ratiocinabimini,</strong></span> <span class='ocrx_word' id='word_1_461' title='bbox 1571 798 1746 838; x_wconf 87' lang='lat' dir='ltr'><strong>quantum</strong></span> <span class='ocrx_word' id='word_1_462' title='bbox 1789 791 1880 825; x_wconf 88' lang='lat' dir='ltr'><strong>lucri</strong></span> <span class='ocrx_word' id='word_1_463' title='bbox 1928 791 2088 824; x_wconf 89' lang='lat' dir='ltr'><strong>attulerit</strong></span> <span class='ocrx_word' id='word_1_464' title='bbox 2125 789 2190 822; x_wconf 88' lang='lat' dir='ltr'><strong>ali-</strong></span> 
     </span>
     <span class='ocr_line' id='line_1_68' title="bbox 1201 842 2191 888; baseline -0.003 -12"><span class='ocrx_word' id='word_1_465' title='bbox 1201 844 1345 888; x_wconf 91' lang='lat' dir='ltr'><strong>quando</strong></span> <span class='ocrx_word' id='word_1_466' title='bbox 1371 855 1462 877; x_wconf 88' lang='lat' dir='ltr'><strong>unus</strong></span> <span class='ocrx_word' id='word_1_467' title='bbox 1487 848 1592 876; x_wconf 87' lang='lat' dir='ltr'><strong>autor</strong></span> <span class='ocrx_word' id='word_1_468' title='bbox 1626 850 1680 876; x_wconf 89' lang='lat' dir='ltr'><strong>ter</strong></span> <span class='ocrx_word' id='word_1_469' title='bbox 1705 849 1767 876; x_wconf 87' lang='lat' dir='ltr'><strong>aut</strong></span> <span class='ocrx_word' id='word_1_470' title='bbox 1794 848 1921 888; x_wconf 88' lang='lat' dir='ltr'><strong>quater</strong></span> <span class='ocrx_word' id='word_1_471' title='bbox 1950 842 2120 880; x_wconf 88' lang='lat' dir='ltr'><strong>relectus,</strong></span> <span class='ocrx_word' id='word_1_472' title='bbox 2155 845 2191 873; x_wconf 84' lang='lat' dir='ltr'><strong>et</strong></span> 
     </span>
     <span class='ocr_line' id='line_1_69' title="bbox 1200 891 2189 940; baseline -0.002 -14"><span class='ocrx_word' id='word_1_473' title='bbox 1200 895 1245 926; x_wconf 87' lang='lat' dir='ltr'><strong>ad</strong></span> <span class='ocrx_word' id='word_1_474' title='bbox 1268 895 1304 927; x_wconf 92' lang='lat' dir='ltr'><strong>id</strong></span> <span class='ocrx_word' id='word_1_475' title='bbox 1326 894 1513 928; x_wconf 82' lang='lat' dir='ltr'><strong>conferetis</strong></span> <span class='ocrx_word' id='word_1_476' title='bbox 1541 906 1600 934; x_wconf 87' lang='lat' dir='ltr'><strong>ea,</strong></span> <span class='ocrx_word' id='word_1_477' title='bbox 1629 906 1720 940; x_wconf 85' lang='lat' dir='ltr'><strong>quae</strong></span> <span class='ocrx_word' id='word_1_478' title='bbox 1744 906 1786 927; x_wconf 83' lang='lat' dir='ltr'><strong>ex</strong></span> <span class='ocrx_word' id='word_1_479' title='bbox 1813 893 1933 926; x_wconf 82' lang='lat' dir='ltr'><strong>multis</strong></span> <span class='ocrx_word' id='word_1_480' title='bbox 1958 893 2036 926; x_wconf 89' lang='lat' dir='ltr'><strong>aliis</strong></span> <span class='ocrx_word' id='word_1_481' title='bbox 2059 891 2189 924; x_wconf 89' lang='lat' dir='ltr'><strong>libellis</strong></span> 
     </span>
     <span class='ocr_line' id='line_1_70' title="bbox 1201 941 2190 989; baseline -0.003 -11"><span class='ocrx_word' id='word_1_482' title='bbox 1201 945 1315 978; x_wconf 90' lang='lat' dir='ltr'><strong>obiter</strong></span> <span class='ocrx_word' id='word_1_483' title='bbox 1338 946 1502 989; x_wconf 89' lang='lat' dir='ltr'><strong>inspectis</strong></span> <span class='ocrx_word' id='word_1_484' title='bbox 1527 945 1564 978; x_wconf 89' lang='lat' dir='ltr'><strong>in</strong></span> <span class='ocrx_word' id='word_1_485' title='bbox 1583 946 1704 978; x_wconf 89' lang='lat' dir='ltr'><strong>animo</strong></span> <span class='ocrx_word' id='word_1_486' title='bbox 1726 943 1929 978; x_wconf 88' lang='lat' dir='ltr'><strong>haeserunt.</strong></span> <span class='ocrx_word' id='word_1_487' title='bbox 1982 941 2190 986; x_wconf 87' lang='lat' dir='ltr'><strong>Intelligetis</strong></span> 
     </span>
     <span class='ocr_line' id='line_1_71' title="bbox 1200 993 2188 1031; baseline -0.002 -3"><span class='ocrx_word' id='word_1_488' title='bbox 1200 996 1295 1029; x_wconf 89' lang='lat' dir='ltr'><strong>enim</strong></span> <span class='ocrx_word' id='word_1_489' title='bbox 1325 997 1438 1029; x_wconf 87' lang='lat' dir='ltr'><strong>multo</strong></span> <span class='ocrx_word' id='word_1_490' title='bbox 1471 996 1654 1031; x_wconf 89' lang='lat' dir='ltr'><strong>uberiores</strong></span> <span class='ocrx_word' id='word_1_491' title='bbox 1682 998 1816 1030; x_wconf 85' lang='lat' dir='ltr'><strong>fructus</strong></span> <span class='ocrx_word' id='word_1_492' title='bbox 1851 1007 1914 1028; x_wconf 81' lang='lat' dir='ltr'><strong>vos</strong></span> <span class='ocrx_word' id='word_1_493' title='bbox 1947 1007 1989 1028; x_wconf 81' lang='lat' dir='ltr'><strong>ex</strong></span> <span class='ocrx_word' id='word_1_494' title='bbox 2020 1006 2093 1027; x_wconf 92' lang='lat' dir='ltr'><strong>uno</strong></span> <span class='ocrx_word' id='word_1_495' title='bbox 2126 993 2188 1026; x_wconf 86' lang='lat' dir='ltr'><strong>illo</strong></span> 
     </span>
     <span class='ocr_line' id='line_1_72' title="bbox 1198 1044 2190 1094; baseline -0.003 -14"><span class='ocrx_word' id='word_1_496' title='bbox 1198 1048 1313 1087; x_wconf 90' lang='lat' dir='ltr'><strong>libro,</strong></span> <span class='ocrx_word' id='word_1_497' title='bbox 1337 1059 1444 1092; x_wconf 89' lang='lat' dir='ltr'><strong>quam</strong></span> <span class='ocrx_word' id='word_1_498' title='bbox 1469 1060 1511 1081; x_wconf 86' lang='lat' dir='ltr'><strong>ex</strong></span> <span class='ocrx_word' id='word_1_499' title='bbox 1536 1048 1673 1094; x_wconf 86' lang='lat' dir='ltr'><strong>reliqua</strong></span> <span class='ocrx_word' id='word_1_500' title='bbox 1689 1054 1763 1081; x_wconf 86' lang='lat' dir='ltr'><strong>tota</strong></span> <span class='ocrx_word' id='word_1_501' title='bbox 1773 1046 1820 1093; x_wconf 62' lang='grc'><strong>21)</strong></span> <span class='ocrx_word' id='word_1_502' title='bbox 1837 1044 2052 1079; x_wconf 83' lang='lat' dir='ltr'><strong>bibliotheca</strong></span> <span class='ocrx_word' id='word_1_503' title='bbox 2070 1056 2190 1089; x_wconf 88' lang='lat' dir='ltr'><strong>perce-</strong></span> 
     </span>
     <span class='ocr_line' id='line_1_73' title="bbox 1198 1095 2190 1144; baseline -0.003 -14"><span class='ocrx_word' id='word_1_504' title='bbox 1198 1098 1302 1142; x_wconf 89' lang='lat' dir='ltr'><strong>pisse.</strong></span> <span class='ocrx_word' id='word_1_505' title='bbox 1354 1098 1500 1131; x_wconf 88' lang='lat' dir='ltr'><strong>Accedit</strong></span> <span class='ocrx_word' id='word_1_506' title='bbox 1524 1097 1613 1139; x_wconf 86' lang='lat' dir='ltr'><strong>huc,</strong></span> <span class='ocrx_word' id='word_1_507' title='bbox 1637 1100 1753 1144; x_wconf 84' lang='lat' dir='ltr'><strong>quod,</strong></span> <span class='ocrx_word' id='word_1_508' title='bbox 1777 1098 1868 1131; x_wconf 86' lang='lat' dir='ltr'><strong>sicut</strong></span> <span class='ocrx_word' id='word_1_509' title='bbox 1883 1097 1970 1130; x_wconf 85' lang='lat' dir='ltr'><strong>alias</strong></span> <span class='ocrx_word' id='word_1_510' title='bbox 1991 1102 2085 1129; x_wconf 87' lang='lat' dir='ltr'><strong>artes</strong></span> <span class='ocrx_word' id='word_1_511' title='bbox 2109 1095 2190 1127; x_wconf 84' lang='lat' dir='ltr'><strong>imi-</strong></span> 
     </span>
     <span class='ocr_line' id='line_1_74' title="bbox 1199 1146 2191 1189; baseline -0.002 -8"><span class='ocrx_word' id='word_1_512' title='bbox 1199 1149 1288 1181; x_wconf 87' lang='lat' dir='ltr'><strong>tatio</strong></span> <span class='ocrx_word' id='word_1_513' title='bbox 1313 1149 1453 1189; x_wconf 91' lang='lat' dir='ltr'><strong>docuit,</strong></span> <span class='ocrx_word' id='word_1_514' title='bbox 1487 1149 1536 1181; x_wconf 89' lang='lat' dir='ltr'><strong>ita</strong></span> <span class='ocrx_word' id='word_1_515' title='bbox 1569 1149 1606 1181; x_wconf 90' lang='lat' dir='ltr'><strong>in</strong></span> <span class='ocrx_word' id='word_1_516' title='bbox 1630 1147 1685 1183; x_wconf 90' lang='lat' dir='ltr'><strong>his</strong></span> <span class='ocrx_word' id='word_1_517' title='bbox 1707 1148 1839 1184; x_wconf 88' lang='lat' dir='ltr'><strong>nostris</strong></span> <span class='ocrx_word' id='word_1_518' title='bbox 1872 1148 2018 1187; x_wconf 88' lang='lat' dir='ltr'><strong>studiis,</strong></span> <span class='ocrx_word' id='word_1_519' title='bbox 2049 1146 2119 1180; x_wconf 91' lang='lat' dir='ltr'><strong>nisi</strong></span> <span class='ocrx_word' id='word_1_520' title='bbox 2144 1146 2191 1179; x_wconf 88' lang='lat' dir='ltr'><strong>ad</strong></span> 
     </span>
     <span class='ocr_line' id='line_1_75' title="bbox 1200 1198 2190 1244; baseline -0.002 -13"><span class='ocrx_word' id='word_1_521' title='bbox 1200 1199 1347 1244; x_wconf 86' lang='lat' dir='ltr'><strong>aliquod</strong></span> <span class='ocrx_word' id='word_1_522' title='bbox 1379 1205 1513 1232; x_wconf 84' lang='lat' dir='ltr'><strong>certum</strong></span> <span class='ocrx_word' id='word_1_523' title='bbox 1554 1200 1735 1244; x_wconf 87' lang='lat' dir='ltr'><strong>exemplar</strong></span> <span class='ocrx_word' id='word_1_524' title='bbox 1776 1199 1971 1242; x_wconf 86' lang='lat' dir='ltr'><strong>dirigamus</strong></span> <span class='ocrx_word' id='word_1_525' title='bbox 2014 1198 2190 1237; x_wconf 85' lang='lat' dir='ltr'><strong>animum,</strong></span> 
     </span>
     <span class='ocr_line' id='line_1_76' title="bbox 1199 1248 2190 1295; baseline -0.001 -12"><span class='ocrx_word' id='word_1_526' title='bbox 1199 1248 1290 1283; x_wconf 87' lang='lat' dir='ltr'><strong>nihil</strong></span> <span class='ocrx_word' id='word_1_527' title='bbox 1309 1250 1498 1284; x_wconf 86' lang='lat' dir='ltr'><strong>efficiemus</strong></span> <span class='ocrx_word' id='word_1_528' title='bbox 1514 1250 1661 1295; x_wconf 87' lang='lat' dir='ltr'><strong>dignum</strong></span> <span class='ocrx_word' id='word_1_529' title='bbox 1680 1251 1796 1285; x_wconf 88' lang='lat' dir='ltr'><strong>laude.</strong></span> <span class='ocrx_word' id='word_1_530' title='bbox 1849 1249 1986 1283; x_wconf 88' lang='lat' dir='ltr'><strong>Videtis</strong></span> <span class='ocrx_word' id='word_1_531' title='bbox 2003 1249 2099 1282; x_wconf 91' lang='lat' dir='ltr'><strong>enim</strong></span> <span class='ocrx_word' id='word_1_532' title='bbox 2117 1260 2190 1288; x_wconf 90' lang='lat' dir='ltr'><strong>eos,</strong></span> 
     </span>
     <span class='ocr_line' id='line_1_77' title="bbox 1200 1299 2191 1347; baseline -0.002 -13"><span class='ocrx_word' id='word_1_533' title='bbox 1200 1302 1262 1347; x_wconf 90' lang='lat' dir='ltr'><strong>qui</strong></span> <span class='ocrx_word' id='word_1_534' title='bbox 1290 1302 1468 1346; x_wconf 87' lang='lat' dir='ltr'><strong>sculpere,</strong></span> <span class='ocrx_word' id='word_1_535' title='bbox 1499 1302 1561 1347; x_wconf 89' lang='lat' dir='ltr'><strong>qui</strong></span> <span class='ocrx_word' id='word_1_536' title='bbox 1592 1302 1758 1346; x_wconf 84' lang='lat' dir='ltr'><strong>pingere,</strong></span> <span class='ocrx_word' id='word_1_537' title='bbox 1789 1300 1852 1346; x_wconf 93' lang='lat' dir='ltr'><strong>qui</strong></span> <span class='ocrx_word' id='word_1_538' title='bbox 1883 1312 2009 1334; x_wconf 88' lang='lat' dir='ltr'><strong>canere</strong></span> <span class='ocrx_word' id='word_1_539' title='bbox 2038 1299 2191 1340; x_wconf 86' lang='lat' dir='ltr'><strong>discunt,</strong></span> 
     </span>
     <span class='ocr_line' id='line_1_78' title="bbox 1200 1350 2192 1398; baseline -0.002 -14"><span class='ocrx_word' id='word_1_540' title='bbox 1200 1352 1327 1396; x_wconf 87' lang='lat' dir='ltr'><strong>eligere</strong></span> <span class='ocrx_word' id='word_1_541' title='bbox 1355 1353 1512 1398; x_wconf 88' lang='lat' dir='ltr'><strong>aliquem</strong></span> <span class='ocrx_word' id='word_1_542' title='bbox 1533 1353 1761 1396; x_wconf 83' lang='lat' dir='ltr'><strong>magistrum,</strong></span> <span class='ocrx_word' id='word_1_543' title='bbox 1790 1352 1889 1386; x_wconf 90' lang='lat' dir='ltr'><strong>cuius</strong></span> <span class='ocrx_word' id='word_1_544' title='bbox 1916 1364 1990 1385; x_wconf 89' lang='lat' dir='ltr'><strong>esse</strong></span> <span class='ocrx_word' id='word_1_545' title='bbox 2014 1363 2122 1396; x_wconf 88' lang='lat' dir='ltr'><strong>quam</strong></span> <span class='ocrx_word' id='word_1_546' title='bbox 2144 1350 2192 1385; x_wconf 89' lang='lat' dir='ltr'><strong>si-</strong></span> 
     </span>
     <span class='ocr_line' id='line_1_79' title="bbox 1199 1400 2191 1448; baseline -0.003 -12"><span class='ocrx_word' id='word_1_547' title='bbox 1199 1404 1341 1436; x_wconf 89' lang='lat' dir='ltr'><strong>millimi</strong></span> <span class='ocrx_word' id='word_1_548' title='bbox 1364 1404 1540 1437; x_wconf 82' lang='lat' dir='ltr'><strong>studeant.</strong></span> <span class='ocrx_word' id='word_1_549' title='bbox 1593 1403 1716 1448; x_wconf 86' lang='lat' dir='ltr'><strong>Neque</strong></span> <span class='ocrx_word' id='word_1_550' title='bbox 1741 1414 1825 1436; x_wconf 84' lang='lat' dir='ltr'><strong>vero</strong></span> <span class='ocrx_word' id='word_1_551' title='bbox 1853 1402 1997 1446; x_wconf 83' lang='lat' dir='ltr'><strong>exigunt</strong></span> <span class='ocrx_word' id='word_1_552' title='bbox 2021 1400 2114 1434; x_wconf 88' lang='lat' dir='ltr'><strong>hanc</strong></span> <span class='ocrx_word' id='word_1_553' title='bbox 2138 1401 2191 1434; x_wconf 92' lang='lat' dir='ltr'><strong>di-</strong></span> 
     </span>
     <span class='ocr_line' id='line_1_80' title="bbox 1199 1453 2191 1498; baseline -0.002 -12"><span class='ocrx_word' id='word_1_554' title='bbox 1199 1454 1382 1498; x_wconf 84' lang='lat' dir='ltr'><strong>ligentiam</strong></span> <span class='ocrx_word' id='word_1_555' title='bbox 1406 1454 1593 1488; x_wconf 87' lang='lat' dir='ltr'><strong>inferiores</strong></span> <span class='ocrx_word' id='word_1_556' title='bbox 1618 1461 1732 1495; x_wconf 87' lang='lat' dir='ltr'><strong>artes,</strong></span> <span class='ocrx_word' id='word_1_557' title='bbox 1763 1459 1798 1487; x_wconf 86' lang='lat' dir='ltr'><strong>et</strong></span> <span class='ocrx_word' id='word_1_558' title='bbox 1819 1465 1893 1486; x_wconf 89' lang='lat' dir='ltr'><strong>non</strong></span> <span class='ocrx_word' id='word_1_559' title='bbox 1918 1453 2082 1496; x_wconf 85' lang='lat' dir='ltr'><strong>flagitant</strong></span> <span class='ocrx_word' id='word_1_560' title='bbox 2107 1463 2191 1485; x_wconf 87' lang='lat' dir='ltr'><strong>ean-</strong></span> 
     </span>
     <span class='ocr_line' id='line_1_81' title="bbox 1200 1503 2191 1548; baseline -0.002 -10"><span class='ocrx_word' id='word_1_561' title='bbox 1200 1506 1280 1538; x_wconf 91' lang='lat' dir='ltr'><strong>dem</strong></span> <span class='ocrx_word' id='word_1_562' title='bbox 1303 1503 1371 1538; x_wconf 87' lang='lat' dir='ltr'><strong>hae</strong></span> <span class='ocrx_word' id='word_1_563' title='bbox 1395 1505 1574 1539; x_wconf 85' lang='lat' dir='ltr'><strong>maximae</strong></span> <span class='ocrx_word' id='word_1_564' title='bbox 1600 1506 1692 1539; x_wconf 86' lang='lat' dir='ltr'><strong>vitae</strong></span> <span class='ocrx_word' id='word_1_565' title='bbox 1718 1512 1752 1539; x_wconf 88' lang='lat' dir='ltr'><strong>et</strong></span> <span class='ocrx_word' id='word_1_566' title='bbox 1784 1505 2023 1548; x_wconf 87' lang='lat' dir='ltr'><strong>regendarum</strong></span> <span class='ocrx_word' id='word_1_567' title='bbox 2052 1515 2191 1537; x_wconf 87' lang='lat' dir='ltr'><strong>rerum-</strong></span> 
     </span>
     <span class='ocr_line' id='line_1_82' title="bbox 1200 1554 2191 1603; baseline -0.002 -14"><span class='ocrx_word' id='word_1_568' title='bbox 1200 1556 1422 1601; x_wconf 88' lang='lat' dir='ltr'><strong>publicarum</strong></span> <span class='ocrx_word' id='word_1_569' title='bbox 1441 1563 1552 1597; x_wconf 79' lang='lat' dir='ltr'><strong>artes,</strong></span> <span class='ocrx_word' id='word_1_570' title='bbox 1575 1556 1614 1589; x_wconf 88' lang='lat' dir='ltr'><strong>in</strong></span> <span class='ocrx_word' id='word_1_571' title='bbox 1640 1557 1768 1603; x_wconf 88' lang='lat' dir='ltr'><strong>quibus</strong></span> <span class='ocrx_word' id='word_1_572' title='bbox 1784 1569 1848 1589; x_wconf 68' lang='lat' dir='ltr'><strong>vos</strong></span> <span class='ocrx_word' id='word_1_573' title='bbox 1865 1555 2069 1589; x_wconf 73' lang='lat' dir='ltr'><strong>versamini.</strong></span> <span class='ocrx_word' id='word_1_574' title='bbox 2106 1554 2191 1589; x_wconf 87' lang='lat' dir='ltr'><strong>Non</strong></span> 
     </span>
     <span class='ocr_line' id='line_1_83' title="bbox 1201 1605 2192 1654; baseline -0.002 -14"><span class='ocrx_word' id='word_1_575' title='bbox 1201 1608 1295 1640; x_wconf 90' lang='lat' dir='ltr'><strong>enim</strong></span> <span class='ocrx_word' id='word_1_576' title='bbox 1313 1608 1397 1642; x_wconf 87' lang='lat' dir='ltr'><strong>satis</strong></span> <span class='ocrx_word' id='word_1_577' title='bbox 1421 1608 1635 1652; x_wconf 83' lang='lat' dir='ltr'><strong>intelligitis,</strong></span> <span class='ocrx_word' id='word_1_578' title='bbox 1663 1608 1749 1654; x_wconf 92' lang='lat' dir='ltr'><strong>quid</strong></span> <span class='ocrx_word' id='word_1_579' title='bbox 1773 1607 1892 1641; x_wconf 90' lang='lat' dir='ltr'><strong>oneris</strong></span> <span class='ocrx_word' id='word_1_580' title='bbox 1913 1605 2135 1646; x_wconf 90' lang='lat' dir='ltr'><strong>sustineatis,</strong></span> <span class='ocrx_word' id='word_1_581' title='bbox 2160 1605 2192 1639; x_wconf 87' lang='lat' dir='ltr'><strong>si</strong></span> 
     </span>
     <span class='ocr_line' id='line_1_84' title="bbox 1199 1655 2190 1704; baseline -0.002 -12"><span class='ocrx_word' id='word_1_582' title='bbox 1199 1671 1274 1692; x_wconf 89' lang='lat' dir='ltr'><strong>non</strong></span> <span class='ocrx_word' id='word_1_583' title='bbox 1296 1659 1458 1703; x_wconf 83' lang='lat' dir='ltr'><strong>cogitatis</strong></span> <span class='ocrx_word' id='word_1_584' title='bbox 1481 1657 1544 1692; x_wconf 86' lang='lat' dir='ltr'><strong>has</strong></span> <span class='ocrx_word' id='word_1_585' title='bbox 1566 1659 1723 1699; x_wconf 87' lang='lat' dir='ltr'><strong>litteras,</strong></span> <span class='ocrx_word' id='word_1_586' title='bbox 1744 1659 1789 1691; x_wconf 87' lang='lat' dir='ltr'><strong>ad</strong></span> <span class='ocrx_word' id='word_1_587' title='bbox 1807 1670 1895 1704; x_wconf 88' lang='lat' dir='ltr'><strong>quas</strong></span> <span class='ocrx_word' id='word_1_588' title='bbox 1919 1655 2071 1690; x_wconf 84' lang='lat' dir='ltr'><strong>adhibiti</strong></span> <span class='ocrx_word' id='word_1_589' title='bbox 2095 1656 2190 1698; x_wconf 88' lang='lat' dir='ltr'><strong>estis,</strong></span> 
     </span>
     <span class='ocr_line' id='line_1_85' title="bbox 1201 1708 2188 1754; baseline -0.003 -11"><span class='ocrx_word' id='word_1_590' title='bbox 1201 1711 1460 1754; x_wconf 87' lang='lat' dir='ltr'><strong>comparandas</strong></span> <span class='ocrx_word' id='word_1_591' title='bbox 1488 1722 1560 1744; x_wconf 87' lang='lat' dir='ltr'><strong>esse</strong></span> <span class='ocrx_word' id='word_1_592' title='bbox 1586 1716 1662 1743; x_wconf 87' lang='lat' dir='ltr'><strong>tum</strong></span> <span class='ocrx_word' id='word_1_593' title='bbox 1688 1711 1733 1742; x_wconf 88' lang='lat' dir='ltr'><strong>ad</strong></span> <span class='ocrx_word' id='word_1_594' title='bbox 1755 1709 1934 1754; x_wconf 83' lang='lat' dir='ltr'><strong>privatam</strong></span> <span class='ocrx_word' id='word_1_595' title='bbox 1961 1708 2071 1741; x_wconf 86' lang='lat' dir='ltr'><strong>vitam</strong></span> <span class='ocrx_word' id='word_1_596' title='bbox 2093 1714 2188 1741; x_wconf 87' lang='lat' dir='ltr'><strong>recte</strong></span> 
     </span>
     <span class='ocr_line' id='line_1_86' title="bbox 1200 1759 2188 1804; baseline -0.002 -11"><span class='ocrx_word' id='word_1_597' title='bbox 1200 1761 1477 1801; x_wconf 83' lang='lat' dir='ltr'><strong>instituendam,</strong></span> <span class='ocrx_word' id='word_1_598' title='bbox 1499 1768 1575 1794; x_wconf 90' lang='lat' dir='ltr'><strong>tum</strong></span> <span class='ocrx_word' id='word_1_599' title='bbox 1601 1762 1646 1793; x_wconf 85' lang='lat' dir='ltr'><strong>ad</strong></span> <span class='ocrx_word' id='word_1_600' title='bbox 1673 1761 1833 1794; x_wconf 85' lang='lat' dir='ltr'><strong>civitates</strong></span> <span class='ocrx_word' id='word_1_601' title='bbox 1859 1760 2050 1804; x_wconf 84' lang='lat' dir='ltr'><strong>regendas,</strong></span> <span class='ocrx_word' id='word_1_602' title='bbox 2074 1760 2119 1791; x_wconf 89' lang='lat' dir='ltr'><strong>ad</strong></span> <span class='ocrx_word' id='word_1_603' title='bbox 2135 1759 2188 1792; x_wconf 87' lang='lat' dir='ltr'><strong>iu-</strong></span> 
     </span>
     <span class='ocr_line' id='line_1_87' title="bbox 1200 1810 2188 1856; baseline -0.002 -11"><span class='ocrx_word' id='word_1_604' title='bbox 1200 1813 1292 1845; x_wconf 86' lang='lat' dir='ltr'><strong>dicia</strong></span> <span class='ocrx_word' id='word_1_605' title='bbox 1312 1814 1463 1846; x_wconf 85' lang='lat' dir='ltr'><strong>tenenda</strong></span> <span class='ocrx_word' id='word_1_606' title='bbox 1476 1839 1485 1853; x_wconf 92' lang='lat'><strong>‚</strong></span> <span class='ocrx_word' id='word_1_607' title='bbox 1507 1813 1552 1845; x_wconf 88' lang='lat' dir='ltr'><strong>ad</strong></span> <span class='ocrx_word' id='word_1_608' title='bbox 1569 1811 1757 1856; x_wconf 84' lang='lat' dir='ltr'><strong>religiones</strong></span> <span class='ocrx_word' id='word_1_609' title='bbox 1775 1811 2037 1845; x_wconf 82' lang='lat' dir='ltr'><strong>conservandas</strong></span> <span class='ocrx_word' id='word_1_610' title='bbox 2047 1810 2107 1855; x_wconf 65' lang='lat'><strong>22),</strong></span> <span class='ocrx_word' id='word_1_611' title='bbox 2129 1811 2188 1843; x_wconf 92' lang='lat' dir='ltr'><strong>de-</strong></span> 
     </span>
     <span class='ocr_line' id='line_1_88' title="bbox 1200 1862 2090 1910; baseline -0.001 -13"><span class='ocrx_word' id='word_1_612' title='bbox 1200 1864 1309 1910; x_wconf 89' lang='lat' dir='ltr'><strong>nique</strong></span> <span class='ocrx_word' id='word_1_613' title='bbox 1335 1865 1380 1897; x_wconf 91' lang='lat' dir='ltr'><strong>ad</strong></span> <span class='ocrx_word' id='word_1_614' title='bbox 1409 1875 1533 1897; x_wconf 91' lang='lat' dir='ltr'><strong>omnes</strong></span> <span class='ocrx_word' id='word_1_615' title='bbox 1562 1863 1655 1896; x_wconf 87' lang='lat' dir='ltr'><strong>vitae</strong></span> <span class='ocrx_word' id='word_1_616' title='bbox 1681 1869 1802 1907; x_wconf 85' lang='lat' dir='ltr'><strong>partes</strong></span> <span class='ocrx_word' id='word_1_617' title='bbox 1829 1862 2090 1907; x_wconf 85' lang='lat' dir='ltr'><strong>gubernandas.</strong></span> 
     </span>
    </p>
   </div>
   <div class='ocr_carea' id='block_1_9' title="bbox 1303 1930 2190 1977">
    <p class='ocr_par' dir='ltr' id='par_1_13' title="bbox 1303 1930 2190 1977">
     <span class='ocr_line' id='line_1_89' title="bbox 1303 1930 2190 1977; baseline -0.002 -13"><span class='ocrx_word' id='word_1_618' title='bbox 1303 1932 1423 1977; x_wconf 83' lang='lat' dir='ltr'><strong>Quare</strong></span> <span class='ocrx_word' id='word_1_619' title='bbox 1445 1931 1475 1965; x_wconf 88' lang='lat' dir='ltr'><strong>si</strong></span> <span class='ocrx_word' id='word_1_620' title='bbox 1499 1931 1588 1964; x_wconf 92' lang='lat' dir='ltr'><strong>aliae</strong></span> <span class='ocrx_word' id='word_1_621' title='bbox 1610 1930 1806 1965; x_wconf 91' lang='lat' dir='ltr'><strong>mediocres</strong></span> <span class='ocrx_word' id='word_1_622' title='bbox 1826 1937 1860 1963; x_wconf 89' lang='lat' dir='ltr'><strong>et</strong></span> <span class='ocrx_word' id='word_1_623' title='bbox 1875 1937 2047 1976; x_wconf 89' lang='lat' dir='ltr'><strong>tanquam</strong></span> <span class='ocrx_word' id='word_1_624' title='bbox 2065 1941 2190 1963; x_wconf 87' lang='lat' dir='ltr'><strong>secun-</strong></span> 
     </span>
    </p>
   </div>
   <div class='ocr_carea' id='block_1_10' title="bbox 1200 1980 2190 2383">
    <p class='ocr_par' dir='ltr' id='par_1_14' title="bbox 1200 1980 2190 2383">
     <span class='ocr_line' id='line_1_90' title="bbox 1201 1980 2190 2026; baseline -0.003 -10"><span class='ocrx_word' id='word_1_625' title='bbox 1201 1984 1266 2016; x_wconf 89' lang='lat' dir='ltr'><strong>dae</strong></span> <span class='ocrx_word' id='word_1_626' title='bbox 1302 1983 1420 2017; x_wconf 87' lang='lat' dir='ltr'><strong>classis</strong></span> <span class='ocrx_word' id='word_1_627' title='bbox 1449 1989 1541 2016; x_wconf 87' lang='lat' dir='ltr'><strong>artes</strong></span> <span class='ocrx_word' id='word_1_628' title='bbox 1576 1982 1712 2026; x_wconf 91' lang='lat' dir='ltr'><strong>percipi</strong></span> <span class='ocrx_word' id='word_1_629' title='bbox 1743 1994 1817 2015; x_wconf 91' lang='lat' dir='ltr'><strong>non</strong></span> <span class='ocrx_word' id='word_1_630' title='bbox 1848 1984 2022 2026; x_wconf 85' lang='lat' dir='ltr'><strong>possunt,&#39;</strong></span> <span class='ocrx_word' id='word_1_631' title='bbox 2049 1980 2120 2014; x_wconf 92' lang='lat' dir='ltr'><strong>nisi</strong></span> <span class='ocrx_word' id='word_1_632' title='bbox 2143 1981 2190 2013; x_wconf 90' lang='lat' dir='ltr'><strong>ad</strong></span> 
     </span>
     <span class='ocr_line' id='line_1_91' title="bbox 1201 2031 2189 2076; baseline -0.003 -9"><span class='ocrx_word' id='word_1_633' title='bbox 1201 2040 1294 2067; x_wconf 88' lang='lat' dir='ltr'><strong>certa</strong></span> <span class='ocrx_word' id='word_1_634' title='bbox 1316 2033 1530 2076; x_wconf 82' lang='lat' dir='ltr'><strong>exemplaria</strong></span> <span class='ocrx_word' id='word_1_635' title='bbox 1550 2044 1677 2064; x_wconf 86' lang='lat' dir='ltr'><strong>manus</strong></span> <span class='ocrx_word' id='word_1_636' title='bbox 1694 2033 1889 2075; x_wconf 86' lang='lat' dir='ltr'><strong>dirigatur,</strong></span> <span class='ocrx_word' id='word_1_637' title='bbox 1916 2038 2051 2076; x_wconf 87' lang='lat' dir='ltr'><strong>quanto</strong></span> <span class='ocrx_word' id='word_1_638' title='bbox 2069 2031 2189 2064; x_wconf 92' lang='lat' dir='ltr'><strong>minus</strong></span> 
     </span>
     <span class='ocr_line' id='line_1_92' title="bbox 1200 2080 2188 2127; baseline -0.002 -10"><span class='ocrx_word' id='word_1_639' title='bbox 1200 2084 1263 2117; x_wconf 89' lang='lat' dir='ltr'><strong>has</strong></span> <span class='ocrx_word' id='word_1_640' title='bbox 1281 2083 1495 2117; x_wconf 81' lang='lat' dir='ltr'><strong>difficiliores</strong></span> <span class='ocrx_word' id='word_1_641' title='bbox 1512 2094 1792 2127; x_wconf 88' lang='lat' dir='ltr'><strong>consequemur,</strong></span> <span class='ocrx_word' id='word_1_642' title='bbox 1809 2082 1877 2116; x_wconf 89' lang='lat' dir='ltr'><strong>nisi</strong></span> <span class='ocrx_word' id='word_1_643' title='bbox 1895 2080 2188 2126; x_wconf 88' lang='lat' dir='ltr'><strong>proposuerimus</strong></span> 
     </span>
     <span class='ocr_line' id='line_1_93' title="bbox 1200 2133 2188 2179; baseline -0.003 -11"><span class='ocrx_word' id='word_1_644' title='bbox 1200 2136 1304 2168; x_wconf 88' lang='lat' dir='ltr'><strong>nobis</strong></span> <span class='ocrx_word' id='word_1_645' title='bbox 1325 2134 1479 2179; x_wconf 89' lang='lat' dir='ltr'><strong>aliquem</strong></span> <span class='ocrx_word' id='word_1_646' title='bbox 1503 2134 1548 2165; x_wconf 84' lang='lat' dir='ltr'><strong>ad</strong></span> <span class='ocrx_word' id='word_1_647' title='bbox 1571 2133 1804 2172; x_wconf 90' lang='lat' dir='ltr'><strong>imitandum,</strong></span> <span class='ocrx_word' id='word_1_648' title='bbox 1842 2144 1948 2178; x_wconf 90' lang='lat' dir='ltr'><strong>quem</strong></span> <span class='ocrx_word' id='word_1_649' title='bbox 1970 2138 2044 2165; x_wconf 90' lang='lat' dir='ltr'><strong>tota</strong></span> <span class='ocrx_word' id='word_1_650' title='bbox 2069 2138 2188 2165; x_wconf 88' lang='lat' dir='ltr'><strong>mente</strong></span> 
     </span>
     <span class='ocr_line' id='line_1_94' title="bbox 1202 2182 2187 2232; baseline -0.003 -13"><span class='ocrx_word' id='word_1_651' title='bbox 1202 2193 1308 2232; x_wconf 86' lang='lat' dir='ltr'><strong>atque</strong></span> <span class='ocrx_word' id='word_1_652' title='bbox 1334 2191 1409 2219; x_wconf 86' lang='lat' dir='ltr'><strong>toto</strong></span> <span class='ocrx_word' id='word_1_653' title='bbox 1434 2184 1556 2217; x_wconf 90' lang='lat' dir='ltr'><strong>animo</strong></span> <span class='ocrx_word' id='word_1_654' title='bbox 1588 2184 1812 2224; x_wconf 87' lang='lat' dir='ltr'><strong>intueamur,</strong></span> <span class='ocrx_word' id='word_1_655' title='bbox 1844 2183 1907 2229; x_wconf 89' lang='lat' dir='ltr'><strong>qui</strong></span> <span class='ocrx_word' id='word_1_656' title='bbox 1935 2189 2036 2227; x_wconf 84' lang='lat' dir='ltr'><strong>regat</strong></span> <span class='ocrx_word' id='word_1_657' title='bbox 2065 2182 2187 2216; x_wconf 88' lang='lat' dir='ltr'><strong>omnia</strong></span> 
     </span>
     <span class='ocr_line' id='line_1_95' title="bbox 1201 2234 2188 2275; baseline -0.003 -5"><span class='ocrx_word' id='word_1_658' title='bbox 1201 2237 1345 2270; x_wconf 83' lang='lat' dir='ltr'><strong>consilia</strong></span> <span class='ocrx_word' id='word_1_659' title='bbox 1373 2241 1495 2269; x_wconf 81' lang='lat' dir='ltr'><strong>nostra</strong></span> <span class='ocrx_word' id='word_1_660' title='bbox 1509 2262 1518 2275; x_wconf 96' lang='lat'><strong>,</strong></span> <span class='ocrx_word' id='word_1_661' title='bbox 1546 2235 1600 2268; x_wconf 71' lang='lat' dir='ltr'><strong>vel</strong></span> <span class='ocrx_word' id='word_1_662' title='bbox 1618 2235 1654 2268; x_wconf 89' lang='lat' dir='ltr'><strong>in</strong></span> <span class='ocrx_word' id='word_1_663' title='bbox 1670 2235 1820 2268; x_wconf 77' lang='lat' dir='ltr'><strong>dIcendo</strong></span> <span class='ocrx_word' id='word_1_664' title='bbox 1833 2261 1842 2275; x_wconf 83' lang='lat'><strong>,</strong></span> <span class='ocrx_word' id='word_1_665' title='bbox 1874 2234 1930 2267; x_wconf 72' lang='lat' dir='ltr'><strong>vel</strong></span> <span class='ocrx_word' id='word_1_666' title='bbox 1955 2234 2063 2267; x_wconf 86' lang='lat' dir='ltr'><strong>etiam</strong></span> <span class='ocrx_word' id='word_1_667' title='bbox 2079 2234 2117 2267; x_wconf 89' lang='lat' dir='ltr'><strong>in</strong></span> <span class='ocrx_word' id='word_1_668' title='bbox 2132 2246 2188 2267; x_wconf 91' lang='lat' dir='ltr'><strong>re-</strong></span> 
     </span>
     <span class='ocr_line' id='line_1_96' title="bbox 1200 2284 2187 2332; baseline -0.004 -10"><span class='ocrx_word' id='word_1_669' title='bbox 1200 2289 1265 2322; x_wconf 90' lang='lat' dir='ltr'><strong>bus</strong></span> <span class='ocrx_word' id='word_1_670' title='bbox 1281 2287 1455 2332; x_wconf 85' lang='lat' dir='ltr'><strong>gerendis.</strong></span> <span class='ocrx_word' id='word_1_671' title='bbox 1494 2286 1623 2320; x_wconf 84' lang='lat' dir='ltr'><strong>Nonne</strong></span> <span class='ocrx_word' id='word_1_672' title='bbox 1641 2286 1869 2331; x_wconf 86' lang='lat' dir='ltr'><strong>gravissimus</strong></span> <span class='ocrx_word' id='word_1_673' title='bbox 1885 2291 1990 2329; x_wconf 88' lang='lat' dir='ltr'><strong>poeta</strong></span> <span class='ocrx_word' id='word_1_674' title='bbox 2004 2284 2187 2329; x_wconf 86' lang='lat' dir='ltr'><strong>Virgilius,</strong></span> 
     </span>
     <span class='ocr_line' id='line_1_97' title="bbox 1201 2335 2186 2383; baseline -0.004 -10"><span class='ocrx_word' id='word_1_675' title='bbox 1201 2352 1280 2373; x_wconf 89' lang='lat' dir='ltr'><strong>cum</strong></span> <span class='ocrx_word' id='word_1_676' title='bbox 1311 2338 1509 2383; x_wconf 83' lang='lat' dir='ltr'><strong>significare</strong></span> <span class='ocrx_word' id='word_1_677' title='bbox 1534 2338 1657 2378; x_wconf 82' lang='lat' dir='ltr'><strong>vellet,</strong></span> <span class='ocrx_word' id='word_1_678' title='bbox 1691 2349 1781 2383; x_wconf 90' lang='lat' dir='ltr'><strong>quae</strong></span> <span class='ocrx_word' id='word_1_679' title='bbox 1814 2343 1903 2371; x_wconf 89' lang='lat' dir='ltr'><strong>esset</strong></span> <span class='ocrx_word' id='word_1_680' title='bbox 1934 2336 2069 2381; x_wconf 85' lang='lat' dir='ltr'><strong>optima</strong></span> <span class='ocrx_word' id='word_1_681' title='bbox 2092 2335 2186 2369; x_wconf 87' lang='lat' dir='ltr'><strong>ratio</strong></span> 
     </span>
    </p>
   </div>
   <div class='ocr_carea' id='block_1_11' title="bbox 1202 2435 1340 2440">
    <p class='ocr_par' dir='ltr' id='par_1_15' title="bbox 1202 2435 1340 2440">
     <span class='ocr_line' id='line_1_98' title="bbox 1202 2435 1340 2440; baseline 0 0"><span class='ocrx_word' id='word_1_682' title='bbox 1202 2435 1340 2440; x_wconf 95' lang='lat' dir='ltr'><strong> </strong></span> 
     </span>
    </p>
   </div>
   <div class='ocr_carea' id='block_1_12' title="bbox 1233 2482 2133 2603">
    <p class='ocr_par' dir='ltr' id='par_1_16' title="bbox 1233 2482 2133 2603">
     <span class='ocr_line' id='line_1_99' title="bbox 1237 2482 2133 2517; baseline -0.004 -5"><span class='ocrx_word' id='word_1_683' title='bbox 1237 2489 1283 2517; x_wconf 79' lang='grc'><strong>19)</strong></span> <span class='ocrx_word' id='word_1_684' title='bbox 1303 2487 1378 2512; x_wconf 76' lang='lat' dir='ltr'><strong>naec</strong></span> <span class='ocrx_word' id='word_1_685' title='bbox 1396 2487 1482 2510; x_wconf 82' lang='lat' dir='ltr'><strong>verba</strong></span> <span class='ocrx_word' id='word_1_686' title='bbox 1500 2486 1629 2517; x_wconf 84' lang='lat' dir='ltr'><strong>leguntur</strong></span> <span class='ocrx_word' id='word_1_687' title='bbox 1648 2485 1675 2509; x_wconf 87' lang='lat' dir='ltr'><strong>in</strong></span> <span class='ocrx_word' id='word_1_688' title='bbox 1694 2483 1775 2509; x_wconf 81' lang='lat' dir='ltr'><strong>Plinii</strong></span> <span class='ocrx_word' id='word_1_689' title='bbox 1793 2483 1911 2509; x_wconf 84' lang='lat' dir='ltr'><strong>Secundi</strong></span> <span class='ocrx_word' id='word_1_690' title='bbox 1927 2484 2007 2515; x_wconf 80' lang='lat' dir='ltr'><strong>epist.</strong></span> <span class='ocrx_word' id='word_1_691' title='bbox 2026 2482 2090 2515; x_wconf 77' lang='lat' dir='ltr'><strong>vu,</strong></span> <span class='ocrx_word' id='word_1_692' title='bbox 2107 2483 2133 2508; x_wconf 74' lang='lat'><strong>9.</strong></span> 
     </span>
     <span class='ocr_line' id='line_1_100' title="bbox 1234 2528 1715 2562; baseline -0.006 -6"><span class='ocrx_word' id='word_1_693' title='bbox 1234 2530 1283 2562; x_wconf 77' lang='lat'><strong>2⁰)</strong></span> <span class='ocrx_word' id='word_1_694' title='bbox 1303 2532 1424 2554; x_wconf 82' lang='lat' dir='ltr'><strong>Senecae</strong></span> <span class='ocrx_word' id='word_1_695' title='bbox 1442 2529 1522 2559; x_wconf 83' lang='lat' dir='ltr'><strong>epist.</strong></span> <span class='ocrx_word' id='word_1_696' title='bbox 1544 2528 1566 2559; x_wconf 89' lang='lat'><strong>1,</strong></span> <span class='ocrx_word' id='word_1_697' title='bbox 1584 2529 1610 2552; x_wconf 79' lang='lat'><strong>2.</strong></span> <span class='ocrx_word' id='word_1_698' title='bbox 1629 2528 1715 2553; x_wconf 82' lang='lat' dir='ltr'><strong>initio.</strong></span> 
     </span>
     <span class='ocr_line' id='line_1_101' title="bbox 1233 2570 1697 2603; baseline -0.004 -6"><span class='ocrx_word' id='word_1_699' title='bbox 1233 2572 1281 2603; x_wconf 80' lang='lat'><strong>21)</strong></span> <span class='ocrx_word' id='word_1_700' title='bbox 1301 2570 1370 2603; x_wconf 78' lang='lat' dir='ltr'><strong>tota]</strong></span> <span class='ocrx_word' id='word_1_701' title='bbox 1392 2571 1419 2594; x_wconf 87' lang='lat' dir='ltr'><strong>in</strong></span> <span class='ocrx_word' id='word_1_702' title='bbox 1437 2571 1486 2595; x_wconf 72' lang='lat' dir='ltr'><strong>Ed,</strong></span> <span class='ocrx_word' id='word_1_703' title='bbox 1508 2570 1582 2596; x_wconf 86' lang='lat'><strong>1557.</strong></span> <span class='ocrx_word' id='word_1_704' title='bbox 1602 2570 1697 2595; x_wconf 85' lang='lat' dir='ltr'><strong>omiss.</strong></span> 
     </span>
    </p>
   </div>
   <div class='ocr_carea' id='block_1_13' title="bbox 1234 2604 2186 2714">
    <p class='ocr_par' dir='ltr' id='par_1_17' title="bbox 1234 2604 2186 2714">
     <span class='ocr_line' id='line_1_102' title="bbox 1234 2604 2186 2645; baseline -0.002 -7"><span class='ocrx_word' id='word_1_705' title='bbox 1234 2617 1282 2645; x_wconf 79' lang='lat'><strong>22)</strong></span> <span class='ocrx_word' id='word_1_706' title='bbox 1305 2615 1341 2638; x_wconf 83' lang='lat' dir='ltr'><strong>ad</strong></span> <span class='ocrx_word' id='word_1_707' title='bbox 1370 2614 1521 2644; x_wconf 78' lang='lat' dir='ltr'><strong>religiones</strong></span> <span class='ocrx_word' id='word_1_708' title='bbox 1552 2610 1771 2644; x_wconf 82' lang='lat' dir='ltr'><strong>conservandas]</strong></span> <span class='ocrx_word' id='word_1_709' title='bbox 1801 2611 1841 2635; x_wconf 81' lang='lat' dir='ltr'><strong>sic</strong></span> <span class='ocrx_word' id='word_1_710' title='bbox 1870 2604 1964 2635; x_wconf 82' lang='lat' dir='ltr'><strong>oniues</strong></span> <span class='ocrx_word' id='word_1_711' title='bbox 1995 2611 2060 2636; x_wconf 78' lang='lat' dir='ltr'><strong>illae</strong></span> <span class='ocrx_word' id='word_1_712' title='bbox 2088 2611 2186 2644; x_wconf 54' lang='lat' dir='ltr'><strong>Editt„</strong></span> 
     </span>
     <span class='ocr_line' id='line_1_103' title="bbox 1269 2646 2185 2680; baseline -0.004 -7"><span class='ocrx_word' id='word_1_713' title='bbox 1269 2650 1380 2680; x_wconf 82' lang='lat' dir='ltr'><strong>praeter</strong></span> <span class='ocrx_word' id='word_1_714' title='bbox 1401 2648 1486 2673; x_wconf 77' lang='lat' dir='ltr'><strong>Editt.</strong></span> <span class='ocrx_word' id='word_1_715' title='bbox 1505 2648 1637 2676; x_wconf 76' lang='lat'><strong>1564.1..,</strong></span> <span class='ocrx_word' id='word_1_716' title='bbox 1663 2647 1749 2678; x_wconf 61' lang='lat'>1569„</span> <span class='ocrx_word' id='word_1_717' title='bbox 1769 2647 1855 2674; x_wconf 59' lang='lat'>1581„</span> <span class='ocrx_word' id='word_1_718' title='bbox 1876 2646 1961 2675; x_wconf 61' lang='lat'>¹591„</span> <span class='ocrx_word' id='word_1_719' title='bbox 1981 2651 2050 2677; x_wconf 80' lang='lat' dir='ltr'><strong>quae</strong></span> <span class='ocrx_word' id='word_1_720' title='bbox 2068 2646 2185 2670; x_wconf 72' lang='lat' dir='ltr'><strong>habent:</strong></span> 
     </span>
     <span class='ocr_line' id='line_1_104' title="bbox 1268 2681 1729 2714; baseline -0.004 -7"><span class='ocrx_word' id='word_1_721' title='bbox 1268 2684 1304 2708; x_wconf 86' lang='lat' dir='ltr'><strong>ad</strong></span> <span class='ocrx_word' id='word_1_722' title='bbox 1323 2683 1484 2714; x_wconf 80' lang='lat' dir='ltr'><strong>religionem</strong></span> <span class='ocrx_word' id='word_1_723' title='bbox 1501 2681 1729 2706; x_wconf 79' lang='lat' dir='ltr'><strong>conservandam.</strong></span> 
     </span>
    </p>
   </div>
  </div>
 </body>
</html>
