2373 2980
132 103 208 139 237

363 98 437 135 LII.
476 100 510 134 3.
538 96 825 133 ENARRATIO
851 97 1059 131 OPERUM
1085 97 1150 131 ΕΤ
1176 97 1368 132 DIERUM
1395 95 1598 132 HESIODI.
1638 110 1689 132 vs.
1710 96 1940 133 482—506.

2095 99 2170 135 238

133 188 240 221 ticula
259 183 556 231 philosophorum
570 212 579 225 ‚
597 185 745 225 deinde,
763 184 846 230 quia
856 183 903 230 ⁹⁷)
919 184 1013 216 inter
1030 183 1125 228 ipsos
1149 183 1154 212 Ι
1179 196 1259 217 cum
1281 184 1448 218 dicimus:
1473 183 1562 217 Post
1585 190 1726 228 gratum
1752 184 1836 218 solis
1854 184 2009 217 calorem
2022 210 2031 224 ‚
2053 184 2172 228 ingra-

134 241 177 273 de
194 239 297 271 rebus
310 236 497 270 levissimis
515 237 727 282 plerumque
748 236 969 279 agitabatur,
991 235 1123 267 factum

134 297 184 325 est
195 316 203 330 ‚
227 294 266 322 ut
281 286 405 333 λέσχαι
422 288 624 322 dicerentur
640 288 746 332 vulgo
761 299 888 332 nugae.
940 285 1123 332 Suida593)

134 341 330 374 Homerum
355 340 485 380 citans,
520 340 654 385 inquit:
697 337 827 384 λέσχας
861 337 986 385 ἔλεγον
1009 335 1125 383 δημο-

133 390 236 430 σίους
259 389 364 430 τινὰς
385 388 540 430 τόπους,
563 390 603 425 ἐν
628 387 682 429 οἷς
707 388 844 436 σχολὴν
865 389 1020 437 ἄγοντες
1043 389 1125 423 ἐκα-

130 440 296 485 θέζοντο
314 440 453 477 πολλοί.
498 440 728 487 Ὅμηρος99);

174 497 213 532 οὗ
235 499 413 540 &glas-mo)
438 499 541 531 εὕδειν
562 497 718 539 χαλκήιον
740 498 772 535 ἒς
794 497 896 539 δόμον
919 495 1035 536 ἐλθών,

171 550 210 590 ἤέ
230 563 293 582 που
317 550 348 587 ἐς
370 551 494 591 λέσχην.

233 617 266 638 v.
285 602 370 638 498.
391 602 511 649 (496.)
554 599 686 637 Πόλλα
708 599 747 637 (5³
766 600 899 650 ἀεργὸς
924 598 1020 646 ἀνὴρ
1038 597 1124 647 etc.]

128 654 295 699 Ignaviae
313 655 476 688 effectum
497 654 739 699 prosequitur.
767 652 932 696 Indigens
948 651 1123 684 virmulta

130 707 224 739 mala
251 706 407 750 concipit
431 706 469 738 in
493 705 634 743 animo;
666 705 743 738 fieri
775 705 868 737 enim
894 716 968 736 non
994 709 1123 748 potest,

129 764 170 791 ut
193 770 293 792 mens
318 756 474 791 hominis
498 757 604 801 plane
630 756 675 789 sit
698 756 830 793 otiosa3
860 756 980 801 itaque
1004 754 1124 787 varios

129 809 233 843 dolos
257 821 297 842 ac
312 809 454 842 fraudes
471 807 674 852 excogitant
698 805 754 848 hi,
778 807 840 853 qui
857 819 978 840 rerum
998 806 1121 850 inopia

128 860 307 894 laborant.
374 860 480 893 Unde
512 859 709 893 Columella
741 865 835 892 recte
866 858 994 892 dixisse
1026 857 1123 890 iudi-

129 912 263 946 candus
290 917 360 951 est,
384 912 469 945 dum
496 910 632 956 inquit:
673 910 846 944 Homines
870 908 961 943 nihil
983 909 1122 953 agendo

127 964 222 996 male
256 975 360 1007 agere
392 963 543 996 discunt.
596 959 695 996 Nihil
721 961 815 995 enim
846 974 999 1007 usquam
1025 960 1123 1006 quic-

129 1026 237 1060 quam
278 1014 452 1048 scelerum
492 1020 562 1053 est,
614 1025 731 1059 neque
775 1013 847 1047 ulla
892 1011 1123 1058 quantumvis

126 1066 280 1111 pessima
305 1065 437 1110 flagitia
463 1065 715 1109 designantur,
744 1077 836 1110 quae
860 1077 935 1097 non
958 1076 999 1097 ex
1022 1063 1122 1107 igna-

127 1117 206 1158 via,
233 1117 343 1150 veluti
369 1128 411 1150 ex
433 1117 531 1150 fonte
551 1123 781 1160 promanant.
834 1116 949 1149 Huius
975 1115 1027 1148 rei
1044 1127 1123 1159 pas-

128 1168 195 1202 sim
221 1168 258 1201 in
286 1168 452 1201 omnibus
478 1167 697 1207 civitatibus,
725 1167 824 1211 pagis
852 1173 886 1200 et
911 1167 996 1200 vicis
1019 1166 1122 1210 Plura

128 1220 309 1264 exempla,
351 1231 459 1264 quam
485 1218 670 1252 numerari
698 1224 852 1263 queant,
892 1230 910 1250 a
935 1217 1123 1250 circulato-

127 1270 226 1304 ribus
244 1276 278 1303 et
300 1269 546 1303 decoctoribus
565 1270 740 1309 eduntur,
767 1269 848 1314 qui,
874 1270 958 1302 dum
977 1269 1121 1301 inanem

129 1334 228 1366 spem
257 1320 313 1366 (ut
330 1321 505 1355 Hesiodus
527 1320 648 1365 vocat)
671 1319 779 1354 nimis
793 1320 855 1353 diu
878 1321 1019 1360 fovere,
1045 1326 1122 1352 tan-

128 1373 209 1405 dem
234 1373 280 1405 ad
307 1373 423 1411 furta,
451 1371 662 1411 latrocinia,
698 1377 732 1404 et
753 1371 935 1415 sacrilegia
960 1371 1121 1404 animum

127 1423 320 1467 applicant.
374 1423 496 1468 Quare
524 1428 563 1456 ut
587 1420 675 1455 haec
707 1422 841 1465 flagitia
863 1434 881 1455 e
904 1422 1024 1455 medio
1055 1422 1122 1454 tol-

124 1474 264 1514 lantur,
297 1473 393 1507 solus
427 1474 530 1506 labor
556 1473 715 1506 remedio
745 1486 817 1506 esse
851 1473 995 1517 poterit.
1057 1472 1122 1506 Est

126 1525 221 1559 enim
247 1537 313 1570 per
334 1525 494 1558 laborem
519 1525 636 1558 aditus
660 1524 745 1571 ad¹)
769 1524 959 1565 virtutem,
982 1537 1045 1569 per
1062 1526 1121 1558 de-

125 1577 253 1611 sidiam
286 1588 372 1609 vero
404 1577 449 1609 ad
483 1577 604 1609 omnia
635 1588 763 1620 genera
796 1576 1015 1620 flagitiorum
1045 1588 1121 1609 non

125 1628 242 1662 aditus
268 1634 426 1667 tantum,
454 1629 515 1661 sed
537 1628 734 1661 rectissima
766 1628 836 1660 via.

228 1700 262 1721 v.
292 1685 379 1722 502.
404 1685 527 1733 (500.)
581 1684 739 1721 Δείκινυε
769 1682 809 1720 δὲ
840 1682 1024 1731 δμώεσσι,
1055 1686 1119 1721 θέ-

123 1736 238 1786 ρευς]
280 1738 424 1782 Spargit
451 1750 528 1770 rem
559 1737 596 1770 in
618 1749 808 1782 personas,
847 1744 953 1783 atque
985 1738 1033 1771 ita
1060 1739 1120 1786 a‘·’)

123 1789 297 1834 temporis
322 1789 588 1823 circumstantia
612 1794 728 1833 auget.
780 1787 819 1820 In
843 1789 960 1821 media
988 1796 1120 1824 aestate

125 1847 220 1874 certa
252 1853 361 1885 opera
395 1840 608 1885 praescribe.
679 1839 848 1884 Sequitur
884 1840 993 1873 ratio:
1035 1841 1119 1886 quia

123 1904 199 1925 non
222 1904 363 1936 semper
394 1898 508 1925 aestas
533 1890 651 1937 eritss).
713 1890 809 1923 Haec
842 1892 1016 1924 sententia
1041 1904 1119 1936 spe-

125 1943 214 1976 ciem
242 1943 426 1988 proverbii
447 1941 573 1983 habet,
599 1954 668 1987 qua
687 1954 879 1975 monemur
895 1942 1119 1976 occasionem

124 1994 297 2039 temporis
320 2006 394 2027 non
417 2007 490 2028 esse
515 1994 776 2038 negligendam.
830 1993 877 2026 Et
894 2000 979 2027 nota
997 2001 1049 2028 est
1069 1995 1119 2027 sa-

123 2046 207 2080 bula
232 2047 274 2080 de
298 2046 448 2080 formica
477 2051 510 2079 et
539 2044 708 2091 cicadass).
763 2045 862 2090 Quin
889 2052 922 2078 et
946 2046 1118 2079 Germani

124 2097 264 2142 vulgari
307 2097 401 2131 dicto
441 2103 658 2132 cessatorum
699 2097 900 2130 socordiam
936 2104 1118 2139 notamus,

154 2248 203 2281 97)
225 2248 304 2280 quia]
324 2248 373 2272 Ed.
394 2248 470 2274 1541.
488 2248 519 2273 Β.
539 2253 636 2273 errore
654 2249 782 2280 typogr.:
801 2249 855 2280 qui.

154 2292 202 2324 98)
223 2291 296 2316 Suid.
320 2297 343 2317 s,
361 2298 387 2315 v.
407 2289 512 2323 λέσχαι.

153 2335 201 2367 99)
221 2337 299 2360 nom.
319 2335 368 2359 0d.
387 2334 492 2365 xvui,
512 2334 570 2358 328.
589 2334 648 2358 329.

157 2378 218 2410 100)
239 2375 270 2402 οὐ
289 2377 392 2407 θέλεις]
418 2378 459 2401 sic
476 2377 559 2401 Editt.
582 2378 784 2409 1532—16015
808 2379 892 2403 Editt.
915 2378 1006 2408 1623.‚
1038 2380 1111 2404 1662.

189 2410 251 2436 οὐδὲ
269 2411 372 2442 afta„
392 2412 466 2436 Suid.
487 2412 527 2436 ed.
549 2412 721 2443 Bernhardy,
740 2413 768 2436 in
787 2414 862 2436 textu
882 2409 930 2436 οὐκ
950 2411 1050 2441 ἐθέλεις
1071 2413 1112 2445 (in

188 2448 313 2471 annotat.
344 2447 405 2471 erit.
432 2446 596 2476 adscripsit,
625 2447 770 2478 legendum
797 2454 860 2471 esse
891 2444 954 2471 οὐδ’
980 2446 1111 2480 ἐθέλεις-Μ

189 2482 265 2506 Hom.
286 2482 327 2506 cd.
349 2482 438 2505 uei-m.
461 2477 519 2505 οὐδ’
543 2479 667 2513 ἐθέλεις).

155 2523 183 2556 1)
203 2523 249 2556 ad]
272 2524 318 2548 Ed.
341 2524 416 2549 ¹541.
436 2524 467 2548 F.
488 2529 584 2547 errore
604 2525 731 2556 typogr.:
749 2525 785 2550 id.

152 2566 182 2599 2)
202 2568 234 2595 a]
254 2566 294 2590 sic
312 2566 397 2590 Editt.
418 2567 507 2599 1532„
529 2567 604 2592 ¹541.
622 2569 670 2599 B.;
685 2568 713 2591 in
732 2568 833 2592 ceteris
853 2568 936 2594 Editt.
955 2569 1044 2593 deest.

152 2609 182 2641 3)
202 2610 242 2633 De
261 2610 316 2668 1ιὲεέ
331 2610 478 2639 proverbio
497 2610 569 2634 conf.
589 2610 696 2635 Erasini
715 2612 802 2643 Adag.
824 2612 886 2637 chii.
906 2612 953 2636 lV.
973 2614 1043 2636 cent.
1063 2611 1108 2638 ui.

186 2650 264 2674 prov.
319 2663 325 2669 .

151 2688 181 2718 4)
200 2689 302 2719 Aesop.
322 2688 374 2713 fab.
395 2688 502 2713 CXCV.

1131 2626 1137 2708 Ι

1179 242 1254 268 tum
1275 235 1387 279 frigus
1410 235 1654 279 experiemini.

1178 285 1321 319 Dorice.

1282 358 1316 379 v.
1335 342 1422 379 504.
1438 343 1560 391 (502.)
1614 347 1734 391 Μῆνα
1758 342 1799 380 δὲ
1820 343 2060 393 Ληναιῶνα]
2087 345 2173 378 Am-

1178 396 1349 441 plificatio
1382 402 1433 430 est
1466 408 1484 428 a
1514 397 1688 440 temporis
1723 397 1961 441 descriptione
1997 397 2173 441 longiori;

1179 447 1345 481 describit
1367 447 1461 480 enim
1487 445 1662 487 hiemem,
1683 453 1717 480 et
1734 454 1784 481 est
1803 448 1926 482 similis
1950 449 2049 482 locus
2077 449 2173 493 apud

1177 499 1367 543 Virgilium
1398 499 1435 531 in
1461 498 1686 545 Georgicis-³)
1715 498 1956 542 copiosissime
1990 506 2174 534 tractatus.

1177 548 1376 596 Ληναιών]
1408 550 1540 584 mensis
1562 549 1744 583 Brumalis
1779 556 1847 589 est,
1880 551 2011 594 partim
2044 553 2173 586 cadens

1178 602 1215 634 in
1246 601 1504 641 Decembrem,
1540 600 1672 645 partim
1705 601 1743 634 in
1771 599 1992 643 Ianuarium.
2069 602 2173 636 Luna

1178 653 1324 687 Graecis
1347 665 1485 687 menses
1511 651 1725 698 faciebat3)‚
1756 664 1830 685 non
1853 652 1964 686 civilis
1991 653 2172 687 ordinatio

1178 711 1240 738 aut
1262 705 1326 739 sol.
1380 704 1497 738 Porro
1519 706 1708 749 ληναιιῦνα
1733 702 1941 737 Ianuarium
1968 715 2040 738 esse
2064 716 2173 749 appa-

1177 763 1231 789 ret
1254 768 1295 789 ex
1321 756 1417 790 Gaza
1428 756 1472 803 ⁷),
1500 756 1562 800 qui
1594 755 1661 788 ait:
1695 757 1884 801 ληναιῶνα
1907 752 1948 793 δὲ
1970 753 2035 790 καὶ
2062 754 2174 795 αὐτὸς

1176 805 1294 855 ἤδειε)
1322 806 1555 853 Ἰανουαρίον
1589 805 1692 842 ὄντα.
1759 805 1797 839 ld
1832 812 1900 846 est,
1940 806 2173 852 Lenaeona9)

1177 865 1296 892 autem
1327 865 1361 892 et
1383 859 1457 903 ipse
1485 864 1592 891 norat
1614 856 1822 891 Ianuarium
1850 870 1934 892 esse.
1988 857 2173 903 Lenaea9)

1177 911 1271 943 enim
1301 908 1435 943 Bacchi
1468 909 1597 949 feriae,
1632 915 1665 942 et
1704 907 1834 954 Pythia
1868 909 1932 943 sub
1966 908 2003 942 id
2032 916 2173 954 tempus

1177 963 1394 1006 agebantur,
1420 974 1498 995 cum
1531 961 1605 993 vini
1630 960 1809 1005 primitias
1833 961 2005 995 libabant.
2068 961 2173 995 Com-

1176 1013 1374 1047 mentarius
1406 1013 1443 1046 in
1473 1012 1621 1058 Equites
1653 1011 1906 1057 Aristophanis
1921 1012 1968 1057 9ε’)
2002 1013 2173 1053 continet,

1178 1066 1418 1098 adolescentes
1452 1076 1494 1097 eo
1531 1070 1692 1108 tempore
1726 1064 1850 1097 solitos
1881 1064 1987 1097 fuisse
2023 1064 2173 1098 circum-

1177 1114 1257 1149 vehi
1271 1143 1280 1156 ‚
1306 1115 1368 1161 qui
1385 1116 1428 1149 de
1444 1115 1612 1160 plaustris
1631 1115 1790 1148 convicia
1810 1115 1998 1150 iaciebant.
2082 1115 2174 1161 βου-

1177 1164 1301 1214 δόρα]
1339 1167 1473 1211 frigora
1507 1173 1631 1206 vocat,
1669 1178 1761 1212 quae
1804 1168 1961 1200 adurunt
2000 1173 2035 1199 et
2073 1179 2173 1201 exco—

1177 1219 1272 1252 riant
1296 1219 1423 1257 boves;
1449 1224 1532 1252 sunt
1557 1230 1596 1250 ea
1622 1224 1740 1250 autem
1764 1218 1801 1250 in
1825 1231 1945 1252 mense
1969 1217 2173 1259 Decembri,

1178 1283 1256 1304 cum
1276 1270 1430 1303 maxima
1449 1270 1501 1304 vis
1518 1269 1709 1315 Aquilonis
1727 1269 1899 1310 sentitur,
1928 1270 1984 1303 cui
2000 1270 2173 1304 Germani

1177 1334 1194 1354 a
1214 1322 1347 1365 frigore
1366 1334 1499 1354 nomen
1516 1322 1696 1360 fecerunt,
1718 1333 1796 1354 cum
1814 1328 1944 1354 vocant
1962 1333 2030 1366 eyn
2056 1319 2172 1356 schin-

1176 1372 1300 1416 den¹⁰)
1324 1370 1470 1416 hengst,
1503 1373 1604 1418 quasi
1632 1372 1728 1405 dicas
1760 1373 2020 1406 excoriatorem
2049 1374 2173 1413 houm,

1175 1422 1272 1470 δέρω
1296 1423 1443 1457 Graecis
1467 1424 1608 1456 excorio
1636 1423 1822 1467 significat.

1292 1496 1326 1517 V.
1350 1481 1437 1517 506.
1463 1482 1585 1530 (504.)
1649 1480 1895 1522 Πνεύσαντος
1914 1482 2059 1531 Βορέαο
2090 1482 2173 1523 ‹ivg-

1174 1531 1342 1582 ηλεγὲες]
1384 1534 1415 1567 Α
1441 1534 1715 1569 circumstantiis
1740 1546 1815 1568 rem
1840 1541 1988 1576 tractat,
2009 1535 2174 1568 videlicet

1175 1587 1270 1619 unde
1301 1586 1413 1630 spiret
1443 1586 1597 1627 Boreas,
1638 1592 1671 1620 et
1703 1586 1787 1632 quid
1821 1587 1934 1620 soleat
1963 1587 2059 1628 fieri,
2092 1600 2172 1621 cum

1175 1637 1296 1681 spiret.
1358 1638 1479 1682 Spirat
1513 1645 1631 1672 autem
1664 1649 1728 1682 per
1756 1635 1973 1679 Thraciam,
2010 1638 2093 1684 quia
2126 1640 2172 1671 ad

1174 1689 1455 1733 septentrionem
1479 1690 1624 1723 Graecis
1652 1688 1808 1723 Thracia
1830 1690 1896 1722 sita
1923 1696 1984 1723 est.
2039 1690 2172 1724 Multas

1175 1752 1346 1786 quercus,
1374 1741 1463 1774 altas
1493 1742 1626 1775 abietes
1661 1742 1704 1774 de
1728 1747 1851 1774 monte
1885 1741 2005 1774 deiicit
2037 1741 2074 1774 in
2097 1742 2172 1774 val-

1174 1792 1243 1824 lem
1263 1793 1307 1825 ad
1327 1798 1474 1826 terram.
1518 1792 1656 1826 Deinde
1677 1799 1782 1836 auget
1801 1793 1844 1825 ab
1862 1790 1987 1826 habitu
2007 1793 2171 1826 animan-

1174 1843 1276 1876 tium.
1336 1843 1457 1876 Etiam
1482 1845 1578 1877 ferae
1604 1844 1789 1878 saevitiam
1817 1842 1945 1878 hiemis
1976 1845 2068 1878 serre
2096 1857 2170 1878 non

1172 1901 1342 1938 possunt,
1392 1908 1480 1941 quas
1517 1902 1645 1929 natura
1684 1895 1835 1936 muniit,
1881 1902 2017 1941 quanto
2053 1897 2170 1930 minus

1173 1946 1256 1979 nos!
1361 1944 1587 1995 ὃυςηλεγέες]
1614 1947 1746 1981 scilicet
1764 1947 1910 1991 glacies,
1934 1947 1970 1980 id
1998 1954 2066 1988 est,
2090 1961 2170 1982 mo-

1172 1997 1300 2038 lestae,
1331 2010 1350 2030 a
1381 1995 1450 2037 ὃὺς
1476 1996 1539 2033 καὶ
1563 1997 1701 2046 ἀλέγω,
1734 2011 1840 2039 curo,
1874 2000 1971 2044 quod
2005 2000 2168 2033 adferant

1172 2049 1358 2084 molestam
1388 2061 1523 2084 curam.

1765 233 1918 283 θέρευς]
1943 247 2009 280 pro
2034 235 2173 282 θεροῦς

1204 2184 1235 2217 5)
1255 2184 1336 2216 Virg.
1356 2185 1457 2214 Georg.
1477 2184 1500 2214 1,
1518 2184 1568 2208 299
1587 2190 1646 2214 sqq.

1203 2227 1234 2260 G)
1254 2229 1294 2252 De
1311 2228 1364 2252 hoc
1384 2227 1476 2251 lunari
1494 2232 1567 2250 anno
1594 2227 1665 2251 conf.
1685 2227 1792 2251 ldeler:
1823 2226 1970 2250 Handbuch
1989 2226 2039 2250 der
2056 2228 2164 2252 mathe-

1236 2264 1303 2287 mat.
1322 2269 1348 2287 u.
1367 2262 1544 2286 technischen
1558 2260 1744 2291 chronologie
1763 2261 1837 2284 Tom.
1850 2261 1870 2285 1.
1891 2268 1915 2291 p.
1929 2261 1964 2284 66
1975 2268 2017 2292 sq.
2035 2261 2089 2286 256
2103 2269 2163 2293 sqq.

1238 2298 1352 2328 eiusque
1370 2296 1435 2320 lih.:
1465 2295 1639 2320 Historische
1659 2296 1909 2326 Uutersuchungen
1933 2296 2002 2319 fiber
2021 2295 2045 2320 d.
2064 2298 2161 2322 astro-

1234 2338 1305 2357 nom.
1323 2331 1552 2361 Beobachtungen
1571 2330 1620 2353 der
1638 2330 1722 2353 Aiten
1741 2336 1767 2358 p.
1784 2329 1835 2354 175
1847 2337 1905 2360 sqq.

1201 2374 1231 2406 7)
1251 2375 1346 2398 Gazae
1366 2374 1410 2398 lib.
1429 2374 1463 2396 de
1476 2372 1616 2396 mensibus
1636 2371 1682 2395 foi.
1701 2369 1776 2396 150b‚
1795 2372 1844 2396 Ed.
1854 2373 1915 2397 ΑΜ.
1937 2373 2029 2401 (1525.
2047 2374 2072 2398 8.
2081 2374 2161 2403 min.)

1199 2415 1322 2483 &5330
1342 2417 1383 2440 sic
1402 2417 1477 2440 recte
1496 2415 1578 2439 Editt.
1602 2415 1692 2441 1532..
1715 2415 1923 2441 1601—1662.:
1945 2417 2057 2441 ceterae
2074 2418 2159 2443 Editt.

1199 2495 1230 2526 9)
1250 2495 1397 2518 Lenaeoua
1411 2512 1416 2517 .
1431 2512 1436 2517 .
1452 2512 1458 2517 .
1474 2493 1599 2521 Lenaea]
1626 2493 1690 2517 iliae
1708 2493 1808 2518 Editt.:
1836 2494 1977 2518 Linaeona
2046 2495 2157 2519 Linaea.

1234 2544 1268 2547 -
1287 2529 1366 2553 conf.
1387 2528 1419 2551 de
1437 2527 1488 2551 hoc
1508 2534 1602 2551 mense
1621 2529 1648 2551 et
1666 2528 1738 2552 festo
1759 2529 1961 2553 Wachsmuth:
1977 2529 2086 2555 Hellen,
2105 2530 2157 2553 Al-

1233 2562 1396 2588 tertiuunsk.
1421 2562 1472 2587 Ed.
1491 2562 1516 2586 2.
1542 2563 1615 2586 Toni.
1636 2562 1667 2588 ll.
1693 2569 1718 2592 p.
1737 2563 1798 2587 486.
1817 2562 1876 2586 580.
1896 2563 1948 2586 784
1967 2570 2007 2593 sq.

1196 2607 1246 2639 Sa)
1267 2606 1358 2631 schol.
1377 2605 1404 2629 in
1424 2605 1565 2635 Aristoph.
1586 2606 1746 2636 Equit.544.

1198 2651 1245 2682 10)
1265 2648 1409 2675 schinden]
1430 2648 1469 2672 sic
1492 2655 1585 2672 omnes
1606 2650 1671 2672 iliae
1690 2650 1794 2680 Editt.‚
1819 2650 1940 2680 exceptis
1961 2650 2044 2675 Editt.
2066 2650 2140 2674 1541.

1233 2684 1324 2709 1562..
1345 2689 1414 2713 quae
1433 2684 1546 2708 hahent:
1566 2684 1660 2707 schind
1683 2684 1743 2708 den.
