<?xml version="1.0" encoding="UTF-8"?>
<!DOCTYPE html PUBLIC "-//W3C//DTD XHTML 1.0 Transitional//EN"
    "http://www.w3.org/TR/xhtml1/DTD/xhtml1-transitional.dtd">
<html xmlns="http://www.w3.org/1999/xhtml" xml:lang="en" lang="en">
 <head>
  <title>
</title>
<meta http-equiv="Content-Type" content="text/html;charset=utf-8" />
  <meta name='ocr-system' content='tesseract 3.04.00' />
  <meta name='ocr-capabilities' content='ocr_page ocr_carea ocr_par ocr_line ocrx_word'/>
</head>
<body>
  <div class='ocr_page' id='page_1' title='image "./operaquaesupersu18melauoft/operaquaesupersu18melauoft_0408.png"; bbox 0 0 2373 2980; ppageno 0'>
   <div class='ocr_carea' id='block_1_1' title="bbox 166 101 237 137">
    <p class='ocr_par' dir='ltr' id='par_1_1' title="bbox 166 101 237 137">
     <span class='ocr_line' id='line_1_1' title="bbox 166 101 237 137; baseline -0.028 0"><span class='ocrx_word' id='word_1_1' title='bbox 166 101 237 137; x_wconf 88' lang='lat'>791</span> 
     </span>
    </p>
   </div>
   <div class='ocr_carea' id='block_1_2' title="bbox 215 186 1162 383">
    <p class='ocr_par' dir='ltr' id='par_1_2' title="bbox 215 186 1162 283">
     <span class='ocr_line' id='line_1_2' title="bbox 215 186 1162 233; baseline 0.003 -13"><span class='ocrx_word' id='word_1_2' title='bbox 215 186 418 221; x_wconf 76' lang='lat' dir='ltr'>Praedam?</span> <span class='ocrx_word' id='word_1_3' title='bbox 469 199 515 220; x_wconf 87' lang='lat' dir='ltr'>an</span> <span class='ocrx_word' id='word_1_4' title='bbox 547 191 622 219; x_wconf 87' lang='lat' dir='ltr'>tota</span> <span class='ocrx_word' id='word_1_5' title='bbox 655 192 771 219; x_wconf 88' lang='lat' dir='ltr'>castra</span> <span class='ocrx_word' id='word_1_6' title='bbox 805 194 909 232; x_wconf 82' lang='lat' dir='ltr'>putas</span> <span class='ocrx_word' id='word_1_7' title='bbox 946 195 980 222; x_wconf 85' lang='lat' dir='ltr'>te</span> <span class='ocrx_word' id='word_1_8' title='bbox 1011 190 1162 233; x_wconf 88' lang='lat' dir='ltr'>praeda-</span> 
     </span>
     <span class='ocr_line' id='line_1_3' title="bbox 574 236 776 283; baseline 0 -13"><span class='ocrx_word' id='word_1_9' title='bbox 574 236 776 283; x_wconf 67' lang='lat' dir='ltr'>turum“)?</span> 
     </span>
    </p>

    <p class='ocr_par' dir='ltr' id='par_1_3' title="bbox 216 287 1160 383">
     <span class='ocr_line' id='line_1_4' title="bbox 216 287 1160 333; baseline 0.003 -11"><span class='ocrx_word' id='word_1_10' title='bbox 216 287 434 333; x_wconf 86' lang='lat' dir='ltr'>Obtempera</span> <span class='ocrx_word' id='word_1_11' title='bbox 453 299 575 322; x_wconf 86' lang='lat' dir='ltr'>rursus</span> <span class='ocrx_word' id='word_1_12' title='bbox 588 314 598 328; x_wconf 94' lang='lat'>,</span> <span class='ocrx_word' id='word_1_13' title='bbox 623 288 812 329; x_wconf 76' lang='lat' dir='ltr'>abeamus,</span> <span class='ocrx_word' id='word_1_14' title='bbox 838 288 923 323; x_wconf 85' lang='lat' dir='ltr'>satis</span> <span class='ocrx_word' id='word_1_15' title='bbox 941 295 993 324; x_wconf 86' lang='lat' dir='ltr'>est</span> <span class='ocrx_word' id='word_1_16' title='bbox 1008 289 1068 324; x_wconf 88' lang='lat' dir='ltr'>illa</span> <span class='ocrx_word' id='word_1_17' title='bbox 1087 303 1160 325; x_wconf 87' lang='lat' dir='ltr'>esse</span> 
     </span>
     <span class='ocr_line' id='line_1_5' title="bbox 574 340 735 383; baseline 0.006 -11"><span class='ocrx_word' id='word_1_18' title='bbox 574 340 735 383; x_wconf 87' lang='lat' dir='ltr'>adeptos.</span> 
     </span>
    </p>
   </div>
   <div class='ocr_carea' id='block_1_3' title="bbox 165 388 1166 2029">
    <p class='ocr_par' dir='ltr' id='par_1_4' title="bbox 165 388 1166 2029">
     <span class='ocr_line' id='line_1_6' title="bbox 165 388 1033 435; baseline 0.002 -11"><span class='ocrx_word' id='word_1_19' title='bbox 165 388 240 424; x_wconf 85' lang='grc'>595</span> <span class='ocrx_word' id='word_1_20' title='bbox 268 391 360 424; x_wconf 74' lang='lat' dir='ltr'>Min.</span> <span class='ocrx_word' id='word_1_21' title='bbox 389 389 558 435; x_wconf 85' lang='lat' dir='ltr'>Quonam</span> <span class='ocrx_word' id='word_1_22' title='bbox 577 402 620 423; x_wconf 86' lang='lat' dir='ltr'>ex</span> <span class='ocrx_word' id='word_1_23' title='bbox 635 389 804 423; x_wconf 80' lang='lat' dir='ltr'>Troianis</span> <span class='ocrx_word' id='word_1_24' title='bbox 821 390 1033 426; x_wconf 82' lang='lat' dir='ltr'>stationibus</span> 
     </span>
     <span class='ocr_line' id='line_1_7' title="bbox 216 440 834 475; baseline 0.002 -2"><span class='ocrx_word' id='word_1_25' title='bbox 216 440 404 473; x_wconf 80' lang='lat' dir='ltr'>Disceditis</span> <span class='ocrx_word' id='word_1_26' title='bbox 421 440 599 475; x_wconf 86' lang='lat' dir='ltr'>moestitia</span> <span class='ocrx_word' id='word_1_27' title='bbox 619 453 681 474; x_wconf 91' lang='lat' dir='ltr'>cor</span> <span class='ocrx_word' id='word_1_28' title='bbox 697 441 834 475; x_wconf 84' lang='lat' dir='ltr'>morsi?</span> 
     </span>
     <span class='ocr_line' id='line_1_8' title="bbox 217 491 1161 537; baseline 0.002 -13"><span class='ocrx_word' id='word_1_29' title='bbox 217 491 323 537; x_wconf 85' lang='lat' dir='ltr'>Quod</span> <span class='ocrx_word' id='word_1_30' title='bbox 341 491 371 525; x_wconf 89' lang='lat' dir='ltr'>si</span> <span class='ocrx_word' id='word_1_31' title='bbox 387 492 488 526; x_wconf 79' lang='lat' dir='ltr'>vobis</span> <span class='ocrx_word' id='word_1_32' title='bbox 505 504 580 526; x_wconf 86' lang='lat' dir='ltr'>non</span> <span class='ocrx_word' id='word_1_33' title='bbox 595 492 793 526; x_wconf 80' lang='lat' dir='ltr'>interficere</span> <span class='ocrx_word' id='word_1_34' title='bbox 810 492 1000 527; x_wconf 84' lang='lat' dir='ltr'>Hectorem</span> <span class='ocrx_word' id='word_1_35' title='bbox 1017 500 1079 527; x_wconf 91' lang='lat' dir='ltr'>aut</span> <span class='ocrx_word' id='word_1_36' title='bbox 1093 493 1161 527; x_wconf 87' lang='lat' dir='ltr'>Pa-</span> 
     </span>
     <span class='ocr_line' id='line_1_9' title="bbox 575 543 759 577; baseline 0.005 -1"><span class='ocrx_word' id='word_1_37' title='bbox 575 544 642 576; x_wconf 89' lang='lat' dir='ltr'>rim</span> <span class='ocrx_word' id='word_1_38' title='bbox 662 543 759 577; x_wconf 86' lang='lat' dir='ltr'>Deus</span> 
     </span>
     <span class='ocr_line' id='line_1_10' title="bbox 215 591 896 629; baseline 0.003 -4"><span class='ocrx_word' id='word_1_39' title='bbox 215 591 305 626; x_wconf 83' lang='lat' dir='ltr'>Dat:</span> <span class='ocrx_word' id='word_1_40' title='bbox 334 592 452 627; x_wconf 85' lang='lat' dir='ltr'>virum</span> <span class='ocrx_word' id='word_1_41' title='bbox 470 606 544 627; x_wconf 87' lang='lat' dir='ltr'>non</span> <span class='ocrx_word' id='word_1_42' title='bbox 560 594 745 629; x_wconf 77' lang='lat' dir='ltr'>audivistis</span> <span class='ocrx_word' id='word_1_43' title='bbox 761 595 896 628; x_wconf 88' lang='lat' dir='ltr'>socium</span> 
     </span>
     <span class='ocr_line' id='line_1_11' title="bbox 214 643 1116 690; baseline 0.001 -13"><span class='ocrx_word' id='word_1_44' title='bbox 214 643 348 677; x_wconf 90' lang='lat' dir='ltr'>Troiae</span> <span class='ocrx_word' id='word_1_45' title='bbox 368 645 550 679; x_wconf 75' lang='lat' dir='ltr'>accessisse</span> <span class='ocrx_word' id='word_1_46' title='bbox 568 643 728 680; x_wconf 85' lang='lat' dir='ltr'>Rhesum</span> <span class='ocrx_word' id='word_1_47' title='bbox 749 643 847 680; x_wconf 86' lang='lat' dir='ltr'>haud</span> <span class='ocrx_word' id='word_1_48' title='bbox 872 645 1116 690; x_wconf 81' lang='lat' dir='ltr'>imparatum?</span> 
     </span>
     <span class='ocr_line' id='line_1_12' title="bbox 166 694 1059 740; baseline -0.001 -10"><span class='ocrx_word' id='word_1_49' title='bbox 166 695 242 730; x_wconf 88' lang='lat'>600</span> <span class='ocrx_word' id='word_1_50' title='bbox 271 694 378 740; x_wconf 88' lang='lat' dir='ltr'>Quod</span> <span class='ocrx_word' id='word_1_51' title='bbox 394 695 423 729; x_wconf 90' lang='lat' dir='ltr'>si</span> <span class='ocrx_word' id='word_1_52' title='bbox 442 697 615 740; x_wconf 82' lang='lat' dir='ltr'>producet</span> <span class='ocrx_word' id='word_1_53' title='bbox 632 703 773 731; x_wconf 89' lang='lat' dir='ltr'>noctem</span> <span class='ocrx_word' id='word_1_54' title='bbox 789 697 826 731; x_wconf 87' lang='lat' dir='ltr'>in</span> <span class='ocrx_word' id='word_1_55' title='bbox 845 697 1059 738; x_wconf 87' lang='lat' dir='ltr'>crastinum,</span> 
     </span>
     <span class='ocr_line' id='line_1_13' title="bbox 217 745 1002 794; baseline -0.001 -13"><span class='ocrx_word' id='word_1_56' title='bbox 217 746 300 781; x_wconf 80' lang='lat' dir='ltr'>Non</span> <span class='ocrx_word' id='word_1_57' title='bbox 319 746 434 791; x_wconf 87' lang='lat' dir='ltr'>ipsum</span> <span class='ocrx_word' id='word_1_58' title='bbox 451 745 599 782; x_wconf 87' lang='lat' dir='ltr'>Achillis</span> <span class='ocrx_word' id='word_1_59' title='bbox 616 760 732 794; x_wconf 90' lang='lat' dir='ltr'>neque</span> <span class='ocrx_word' id='word_1_60' title='bbox 749 749 866 783; x_wconf 80' lang='lat' dir='ltr'>Aiacis</span> <span class='ocrx_word' id='word_1_61' title='bbox 881 746 980 783; x_wconf 84' lang='lat' dir='ltr'>hasta</span> <span class='ocrx_word' id='word_1_62' title='bbox 993 775 1002 789; x_wconf 89' lang='lat'><em>‚</em></span> 
     </span>
     <span class='ocr_line' id='line_1_14' title="bbox 218 797 1114 842; baseline 0.001 -11"><span class='ocrx_word' id='word_1_63' title='bbox 218 797 317 842; x_wconf 86' lang='lat' dir='ltr'>Quin</span> <span class='ocrx_word' id='word_1_64' title='bbox 336 805 472 832; x_wconf 80' lang='lat' dir='ltr'>evertat</span> <span class='ocrx_word' id='word_1_65' title='bbox 488 805 562 832; x_wconf 90' lang='lat' dir='ltr'>tota</span> <span class='ocrx_word' id='word_1_66' title='bbox 578 806 690 833; x_wconf 90' lang='lat' dir='ltr'>castra</span> <span class='ocrx_word' id='word_1_67' title='bbox 709 800 952 841; x_wconf 85' lang='lat' dir='ltr'>Graecorum,</span> <span class='ocrx_word' id='word_1_68' title='bbox 980 798 1114 833; x_wconf 82' lang='lat' dir='ltr'>arcebit</span> 
     </span>
     <span class='ocr_line' id='line_1_15' title="bbox 218 848 951 897; baseline 0.004 -15"><span class='ocrx_word' id='word_1_69' title='bbox 218 848 481 882; x_wconf 87' lang='lat' dir='ltr'>Demolientem</span> <span class='ocrx_word' id='word_1_70' title='bbox 499 863 643 890; x_wconf 88' lang='lat' dir='ltr'>muros,</span> <span class='ocrx_word' id='word_1_71' title='bbox 670 857 704 884; x_wconf 89' lang='lat' dir='ltr'>et</span> <span class='ocrx_word' id='word_1_72' title='bbox 719 851 811 884; x_wconf 88' lang='lat' dir='ltr'>intra</span> <span class='ocrx_word' id='word_1_73' title='bbox 828 858 951 897; x_wconf 84' lang='lat' dir='ltr'>portas</span> 
     </span>
     <span class='ocr_line' id='line_1_16' title="bbox 217 899 791 937; baseline 0.007 -4"><span class='ocrx_word' id='word_1_74' title='bbox 217 899 421 934; x_wconf 85' lang='lat' dir='ltr'>Facientem</span> <span class='ocrx_word' id='word_1_75' title='bbox 438 899 541 936; x_wconf 88' lang='lat' dir='ltr'>hasta</span> <span class='ocrx_word' id='word_1_76' title='bbox 556 901 666 935; x_wconf 87' lang='lat' dir='ltr'>latam</span> <span class='ocrx_word' id='word_1_77' title='bbox 684 902 791 937; x_wconf 88' lang='lat' dir='ltr'>viam.</span> 
     </span>
     <span class='ocr_line' id='line_1_17' title="bbox 166 950 1130 988; baseline -0.002 -1"><span class='ocrx_word' id='word_1_78' title='bbox 166 950 243 987; x_wconf 86' lang='lat'>605</span> <span class='ocrx_word' id='word_1_79' title='bbox 268 951 338 986; x_wconf 87' lang='lat' dir='ltr'>Isto</span> <span class='ocrx_word' id='word_1_80' title='bbox 354 951 540 986; x_wconf 87' lang='lat' dir='ltr'>interfecto</span> <span class='ocrx_word' id='word_1_81' title='bbox 558 953 678 986; x_wconf 85' lang='lat' dir='ltr'>omnia</span> <span class='ocrx_word' id='word_1_82' title='bbox 698 951 819 988; x_wconf 87' lang='lat' dir='ltr'>habes.</span> <span class='ocrx_word' id='word_1_83' title='bbox 865 953 1027 988; x_wconf 84' lang='lat' dir='ltr'>Hectoris</span> <span class='ocrx_word' id='word_1_84' title='bbox 1044 965 1130 986; x_wconf 79' lang='lat' dir='ltr'>vero</span> 
     </span>
     <span class='ocr_line' id='line_1_18' title="bbox 218 1003 1050 1044; baseline 0.001 -8"><span class='ocrx_word' id='word_1_85' title='bbox 218 1003 431 1037; x_wconf 90' lang='lat' dir='ltr'>Tentorium</span> <span class='ocrx_word' id='word_1_86' title='bbox 451 1004 594 1044; x_wconf 86' lang='lat' dir='ltr'>omitte,</span> <span class='ocrx_word' id='word_1_87' title='bbox 622 1010 656 1037; x_wconf 89' lang='lat' dir='ltr'>et</span> <span class='ocrx_word' id='word_1_88' title='bbox 676 1005 919 1040; x_wconf 87' lang='lat' dir='ltr'>decollatrices</span> <span class='ocrx_word' id='word_1_89' title='bbox 936 1016 1050 1039; x_wconf 77' lang='lat' dir='ltr'>neces-</span> 
     </span>
     <span class='ocr_line' id='line_1_19' title="bbox 217 1054 742 1090; baseline 0.004 -2"><span class='ocrx_word' id='word_1_90' title='bbox 217 1054 297 1088; x_wconf 86' lang='lat' dir='ltr'>Erit</span> <span class='ocrx_word' id='word_1_91' title='bbox 313 1055 345 1088; x_wconf 88' lang='lat' dir='ltr'>ei</span> <span class='ocrx_word' id='word_1_92' title='bbox 363 1068 460 1089; x_wconf 86' lang='lat' dir='ltr'>mors</span> <span class='ocrx_word' id='word_1_93' title='bbox 477 1067 519 1088; x_wconf 86' lang='lat' dir='ltr'>ex</span> <span class='ocrx_word' id='word_1_94' title='bbox 535 1055 602 1088; x_wconf 88' lang='lat' dir='ltr'>alia</span> <span class='ocrx_word' id='word_1_95' title='bbox 620 1067 742 1090; x_wconf 87' lang='lat' dir='ltr'>manu.</span> 
     </span>
     <span class='ocr_line' id='line_1_20' title="bbox 222 1105 834 1151; baseline 0 -11"><span class='ocrx_word' id='word_1_96' title='bbox 222 1107 332 1150; x_wconf 74' lang='lat' dir='ltr'>Ulyss.</span> <span class='ocrx_word' id='word_1_97' title='bbox 359 1105 537 1147; x_wconf 91' lang='lat' dir='ltr'>Domina,</span> <span class='ocrx_word' id='word_1_98' title='bbox 565 1119 718 1151; x_wconf 84' lang='lat' dir='ltr'>agnosco</span> <span class='ocrx_word' id='word_1_99' title='bbox 737 1107 834 1141; x_wconf 86' lang='lat' dir='ltr'>vocis</span> 
     </span>
     <span class='ocr_line' id='line_1_21' title="bbox 218 1157 1100 1204; baseline 0.001 -14"><span class='ocrx_word' id='word_1_100' title='bbox 218 1157 319 1190; x_wconf 90' lang='lat' dir='ltr'>Tuae</span> <span class='ocrx_word' id='word_1_101' title='bbox 336 1165 543 1192; x_wconf 88' lang='lat' dir='ltr'>consuetum</span> <span class='ocrx_word' id='word_1_102' title='bbox 562 1170 709 1197; x_wconf 82' lang='lat' dir='ltr'>sonum;</span> <span class='ocrx_word' id='word_1_103' title='bbox 738 1159 806 1199; x_wconf 85' lang='lat' dir='ltr'>„in</span> <span class='ocrx_word' id='word_1_104' title='bbox 823 1159 988 1204; x_wconf 89' lang='lat' dir='ltr'>periculis</span> <span class='ocrx_word' id='word_1_105' title='bbox 1005 1158 1100 1193; x_wconf 90' lang='lat' dir='ltr'>enim</span> 
     </span>
     <span class='ocr_line' id='line_1_22' title="bbox 167 1208 950 1256; baseline 0.003 -14"><span class='ocrx_word' id='word_1_106' title='bbox 167 1208 241 1242; x_wconf 87' lang='grc'>610</span> <span class='ocrx_word' id='word_1_107' title='bbox 270 1209 472 1249; x_wconf 80' lang='lat' dir='ltr'>„Praesens</span> <span class='ocrx_word' id='word_1_108' title='bbox 491 1210 678 1255; x_wconf 83' lang='lat' dir='ltr'>opitularis</span> <span class='ocrx_word' id='word_1_109' title='bbox 692 1208 782 1243; x_wconf 83' lang='lat' dir='ltr'>mihi</span> <span class='ocrx_word' id='word_1_110' title='bbox 798 1223 950 1256; x_wconf 84' lang='lat' dir='ltr'>semper.</span> 
     </span>
     <span class='ocr_line' id='line_1_23' title="bbox 216 1259 928 1303; baseline 0.003 -10"><span class='ocrx_word' id='word_1_111' title='bbox 216 1259 322 1293; x_wconf 87' lang='lat' dir='ltr'>Hunc</span> <span class='ocrx_word' id='word_1_112' title='bbox 340 1261 457 1294; x_wconf 84' lang='lat' dir='ltr'>virum</span> <span class='ocrx_word' id='word_1_113' title='bbox 475 1262 597 1302; x_wconf 88' lang='lat' dir='ltr'>nobis,</span> <span class='ocrx_word' id='word_1_114' title='bbox 625 1262 687 1295; x_wconf 89' lang='lat' dir='ltr'>ubi</span> <span class='ocrx_word' id='word_1_115' title='bbox 705 1263 826 1302; x_wconf 88' lang='lat' dir='ltr'>cubet,</span> <span class='ocrx_word' id='word_1_116' title='bbox 851 1264 928 1303; x_wconf 85' lang='lat' dir='ltr'>die,</span> 
     </span>
     <span class='ocr_line' id='line_1_24' title="bbox 216 1311 1164 1360; baseline 0.002 -15"><span class='ocrx_word' id='word_1_117' title='bbox 216 1311 262 1345; x_wconf 87' lang='lat' dir='ltr'>Et</span> <span class='ocrx_word' id='word_1_118' title='bbox 288 1325 359 1358; x_wconf 92' lang='lat' dir='ltr'>quo</span> <span class='ocrx_word' id='word_1_119' title='bbox 382 1312 461 1347; x_wconf 89' lang='lat' dir='ltr'>loco</span> <span class='ocrx_word' id='word_1_120' title='bbox 485 1314 674 1348; x_wconf 88' lang='lat' dir='ltr'>stationem</span> <span class='ocrx_word' id='word_1_121' title='bbox 699 1311 883 1360; x_wconf 59' lang='lat' dir='ltr'>habeatffl)</span> <span class='ocrx_word' id='word_1_122' title='bbox 916 1315 953 1347; x_wconf 92' lang='lat' dir='ltr'>in</span> <span class='ocrx_word' id='word_1_123' title='bbox 976 1314 1164 1347; x_wconf 90' lang='lat' dir='ltr'>barbarico</span> 
     </span>
     <span class='ocr_line' id='line_1_25' title="bbox 580 1365 747 1400; baseline 0.012 -2"><span class='ocrx_word' id='word_1_124' title='bbox 580 1365 747 1400; x_wconf 84' lang='lat' dir='ltr'>exercitu.</span> 
     </span>
     <span class='ocr_line' id='line_1_26' title="bbox 217 1415 1165 1461; baseline 0 -9"><span class='ocrx_word' id='word_1_125' title='bbox 217 1418 312 1452; x_wconf 74' lang='lat' dir='ltr'>Min.</span> <span class='ocrx_word' id='word_1_126' title='bbox 345 1415 466 1461; x_wconf 87' lang='lat' dir='ltr'>Prope</span> <span class='ocrx_word' id='word_1_127' title='bbox 491 1417 608 1457; x_wconf 90' lang='lat' dir='ltr'>sedet,</span> <span class='ocrx_word' id='word_1_128' title='bbox 641 1424 677 1451; x_wconf 87' lang='lat' dir='ltr'>et</span> <span class='ocrx_word' id='word_1_129' title='bbox 700 1430 775 1451; x_wconf 92' lang='lat' dir='ltr'>non</span> <span class='ocrx_word' id='word_1_130' title='bbox 799 1418 971 1453; x_wconf 88' lang='lat' dir='ltr'>admistus</span> <span class='ocrx_word' id='word_1_131' title='bbox 995 1424 1047 1452; x_wconf 89' lang='lat' dir='ltr'>est</span> <span class='ocrx_word' id='word_1_132' title='bbox 1068 1430 1165 1452; x_wconf 87' lang='lat' dir='ltr'>exer-</span> 
     </span>
     <span class='ocr_line' id='line_1_27' title="bbox 582 1468 687 1508; baseline 0 -7"><span class='ocrx_word' id='word_1_133' title='bbox 582 1468 687 1508; x_wconf 83' lang='lat' dir='ltr'>citui;</span> 
     </span>
     <span class='ocr_line' id='line_1_28' title="bbox 217 1518 911 1555; baseline 0.004 -3"><span class='ocrx_word' id='word_1_134' title='bbox 217 1518 285 1553; x_wconf 90' lang='lat' dir='ltr'>Sed</span> <span class='ocrx_word' id='word_1_135' title='bbox 303 1525 399 1553; x_wconf 88' lang='lat' dir='ltr'>extra</span> <span class='ocrx_word' id='word_1_136' title='bbox 416 1518 608 1554; x_wconf 86' lang='lat' dir='ltr'>exercitum</span> <span class='ocrx_word' id='word_1_137' title='bbox 626 1520 814 1555; x_wconf 84' lang='lat' dir='ltr'>collocavit</span> <span class='ocrx_word' id='word_1_138' title='bbox 830 1533 911 1555; x_wconf 88' lang='lat' dir='ltr'>eum</span> 
     </span>
     <span class='ocr_line' id='line_1_29' title="bbox 168 1568 747 1613; baseline 0.003 -9"><span class='ocrx_word' id='word_1_139' title='bbox 168 1568 245 1604; x_wconf 85' lang='lat'>615</span> <span class='ocrx_word' id='word_1_140' title='bbox 273 1571 426 1613; x_wconf 87' lang='lat' dir='ltr'>Hector,</span> <span class='ocrx_word' id='word_1_141' title='bbox 454 1574 567 1606; x_wconf 89' lang='lat' dir='ltr'>donec</span> <span class='ocrx_word' id='word_1_142' title='bbox 584 1572 747 1607; x_wconf 78' lang='lat' dir='ltr'>lucescet,</span> 
     </span>
     <span class='ocr_line' id='line_1_30' title="bbox 216 1622 957 1671; baseline 0.003 -15"><span class='ocrx_word' id='word_1_143' title='bbox 216 1622 336 1669; x_wconf 88' lang='lat' dir='ltr'>Prope</span> <span class='ocrx_word' id='word_1_144' title='bbox 355 1631 438 1659; x_wconf 86' lang='lat' dir='ltr'>sunt</span> <span class='ocrx_word' id='word_1_145' title='bbox 454 1625 537 1671; x_wconf 90' lang='lat' dir='ltr'>equi</span> <span class='ocrx_word' id='word_1_146' title='bbox 555 1637 596 1658; x_wconf 77' lang='lat' dir='ltr'>ex</span> <span class='ocrx_word' id='word_1_147' title='bbox 612 1623 776 1658; x_wconf 87' lang='lat' dir='ltr'>Thraciis</span> <span class='ocrx_word' id='word_1_148' title='bbox 795 1624 957 1658; x_wconf 90' lang='lat' dir='ltr'>curribus</span> 
     </span>
     <span class='ocr_line' id='line_1_31' title="bbox 216 1674 956 1720; baseline 0 -11"><span class='ocrx_word' id='word_1_149' title='bbox 216 1674 336 1720; x_wconf 82' lang='lat' dir='ltr'>Ligati</span> <span class='ocrx_word' id='word_1_150' title='bbox 352 1676 441 1716; x_wconf 87' lang='lat' dir='ltr'>albi,</span> <span class='ocrx_word' id='word_1_151' title='bbox 467 1677 640 1720; x_wconf 82' lang='lat' dir='ltr'>fulgentes</span> <span class='ocrx_word' id='word_1_152' title='bbox 655 1676 761 1710; x_wconf 91' lang='lat' dir='ltr'>etiam</span> <span class='ocrx_word' id='word_1_153' title='bbox 779 1676 815 1708; x_wconf 93' lang='lat' dir='ltr'>in</span> <span class='ocrx_word' id='word_1_154' title='bbox 833 1683 956 1716; x_wconf 89' lang='lat' dir='ltr'>nocte,</span> 
     </span>
     <span class='ocr_line' id='line_1_32' title="bbox 216 1727 934 1774; baseline -0.001 -13"><span class='ocrx_word' id='word_1_155' title='bbox 216 1728 368 1772; x_wconf 81' lang='lat' dir='ltr'>Fulgent</span> <span class='ocrx_word' id='word_1_156' title='bbox 381 1728 492 1761; x_wconf 89' lang='lat' dir='ltr'>veluti</span> <span class='ocrx_word' id='word_1_157' title='bbox 509 1727 661 1762; x_wconf 87' lang='lat' dir='ltr'>fluvialis</span> <span class='ocrx_word' id='word_1_158' title='bbox 678 1728 781 1774; x_wconf 86' lang='lat' dir='ltr'>cygni</span> <span class='ocrx_word' id='word_1_159' title='bbox 799 1739 934 1772; x_wconf 83' lang='lat' dir='ltr'>penna:</span> 
     </span>
     <span class='ocr_line' id='line_1_33' title="bbox 219 1779 870 1819; baseline 0.002 -7"><span class='ocrx_word' id='word_1_160' title='bbox 219 1779 294 1813; x_wconf 88' lang='lat' dir='ltr'>Hos</span> <span class='ocrx_word' id='word_1_161' title='bbox 315 1779 500 1812; x_wconf 87' lang='lat' dir='ltr'>interfecto</span> <span class='ocrx_word' id='word_1_162' title='bbox 519 1780 667 1813; x_wconf 90' lang='lat' dir='ltr'>domino</span> <span class='ocrx_word' id='word_1_163' title='bbox 685 1780 870 1819; x_wconf 89' lang='lat' dir='ltr'>abducite,</span> 
     </span>
     <span class='ocr_line' id='line_1_34' title="bbox 169 1828 1165 1875; baseline -0.004 -10"><span class='ocrx_word' id='word_1_164' title='bbox 169 1831 242 1867; x_wconf 76' lang='lat'>620</span> <span class='ocrx_word' id='word_1_165' title='bbox 270 1828 555 1864; x_wconf 85' lang='lat' dir='ltr'>Pulcherrimam</span> <span class='ocrx_word' id='word_1_166' title='bbox 574 1833 746 1875; x_wconf 85' lang='lat' dir='ltr'>praedam</span> <span class='ocrx_word' id='word_1_167' title='bbox 764 1831 949 1868; x_wconf 87' lang='lat' dir='ltr'>domibus;</span> <span class='ocrx_word' id='word_1_168' title='bbox 975 1841 1051 1862; x_wconf 87' lang='lat' dir='ltr'>non</span> <span class='ocrx_word' id='word_1_169' title='bbox 1070 1828 1165 1862; x_wconf 91' lang='lat' dir='ltr'>enim</span> 
     </span>
     <span class='ocr_line' id='line_1_35' title="bbox 581 1883 742 1922; baseline 0 -7"><span class='ocrx_word' id='word_1_170' title='bbox 581 1888 652 1922; x_wconf 90' lang='lat' dir='ltr'>est,</span> <span class='ocrx_word' id='word_1_171' title='bbox 680 1883 742 1916; x_wconf 89' lang='lat' dir='ltr'>ubi</span> 
     </span>
     <span class='ocr_line' id='line_1_36' title="bbox 220 1933 1107 1977; baseline 0 -11"><span class='ocrx_word' id='word_1_172' title='bbox 220 1934 434 1967; x_wconf 87' lang='lat' dir='ltr'>Huiusmodi</span> <span class='ocrx_word' id='word_1_173' title='bbox 451 1946 596 1967; x_wconf 87' lang='lat' dir='ltr'>currum</span> <span class='ocrx_word' id='word_1_174' title='bbox 613 1939 708 1967; x_wconf 87' lang='lat' dir='ltr'>terra</span> <span class='ocrx_word' id='word_1_175' title='bbox 727 1933 878 1967; x_wconf 90' lang='lat' dir='ltr'>occultet</span> <span class='ocrx_word' id='word_1_176' title='bbox 895 1937 1107 1977; x_wconf 80' lang='lat' dir='ltr'>equestrem.</span> 
     </span>
     <span class='ocr_line' id='line_1_37' title="bbox 225 1980 1166 2029; baseline -0.004 -10"><span class='ocrx_word' id='word_1_177' title='bbox 225 1986 335 2029; x_wconf 73' lang='lat' dir='ltr'>Ulyss.</span> <span class='ocrx_word' id='word_1_178' title='bbox 359 1986 433 2020; x_wconf 87' lang='lat' dir='ltr'>Aut</span> <span class='ocrx_word' id='word_1_179' title='bbox 449 1991 509 2026; x_wconf 90' lang='lat' dir='ltr'>tu,</span> <span class='ocrx_word' id='word_1_180' title='bbox 535 1984 749 2025; x_wconf 83' lang='lat' dir='ltr'>Diomedes,</span> <span class='ocrx_word' id='word_1_181' title='bbox 775 1984 914 2018; x_wconf 85' lang='lat' dir='ltr'>trucida</span> <span class='ocrx_word' id='word_1_182' title='bbox 924 1980 1166 2016; x_wconf 77' lang='lat' dir='ltr'>Tin-accusem</span> 
     </span>
    </p>
   </div>
   <div class='ocr_carea' id='block_1_4' title="bbox 221 2037 1166 2184">
    <p class='ocr_par' dir='ltr' id='par_1_5' title="bbox 221 2037 1166 2184">
     <span class='ocr_line' id='line_1_38' title="bbox 581 2037 775 2081; baseline 0.005 -12"><span class='ocrx_word' id='word_1_183' title='bbox 581 2037 775 2081; x_wconf 88' lang='lat' dir='ltr'>populum;</span> 
     </span>
     <span class='ocr_line' id='line_1_39' title="bbox 221 2085 1166 2132; baseline -0.003 -12"><span class='ocrx_word' id='word_1_184' title='bbox 221 2087 293 2120; x_wconf 88' lang='lat' dir='ltr'>Aut</span> <span class='ocrx_word' id='word_1_185' title='bbox 329 2085 420 2120; x_wconf 84' lang='lat' dir='ltr'>mihi</span> <span class='ocrx_word' id='word_1_186' title='bbox 453 2087 641 2132; x_wconf 85' lang='lat' dir='ltr'>permitte,</span> <span class='ocrx_word' id='word_1_187' title='bbox 688 2094 722 2121; x_wconf 87' lang='lat' dir='ltr'>te</span> <span class='ocrx_word' id='word_1_188' title='bbox 755 2099 842 2120; x_wconf 91' lang='lat' dir='ltr'>vero</span> <span class='ocrx_word' id='word_1_189' title='bbox 869 2091 1011 2130; x_wconf 87' lang='lat' dir='ltr'>oportet</span> <span class='ocrx_word' id='word_1_190' title='bbox 1040 2096 1166 2118; x_wconf 88' lang='lat' dir='ltr'>curare</span> 
     </span>
     <span class='ocr_line' id='line_1_40' title="bbox 585 2151 708 2184; baseline 0.008 -12"><span class='ocrx_word' id='word_1_191' title='bbox 585 2151 708 2184; x_wconf 88' lang='lat' dir='ltr'>equos.</span> 
     </span>
    </p>
   </div>
   <div class='ocr_carea' id='block_1_5' title="bbox 173 2187 1169 2429">
    <p class='ocr_par' dir='ltr' id='par_1_6' title="bbox 173 2187 1169 2429">
     <span class='ocr_line' id='line_1_41' title="bbox 223 2187 997 2235; baseline -0.004 -11"><span class='ocrx_word' id='word_1_192' title='bbox 223 2192 337 2224; x_wconf 76' lang='lat' dir='ltr'>Diem.</span> <span class='ocrx_word' id='word_1_193' title='bbox 363 2189 438 2234; x_wconf 85' lang='lat' dir='ltr'>Ego</span> <span class='ocrx_word' id='word_1_194' title='bbox 456 2189 633 2229; x_wconf 87' lang='lat' dir='ltr'>occidam;</span> <span class='ocrx_word' id='word_1_195' title='bbox 661 2196 701 2224; x_wconf 86' lang='lat' dir='ltr'>tu</span> <span class='ocrx_word' id='word_1_196' title='bbox 717 2201 828 2235; x_wconf 88' lang='lat' dir='ltr'>equos</span> <span class='ocrx_word' id='word_1_197' title='bbox 844 2187 997 2227; x_wconf 83' lang='lat' dir='ltr'>curabis,</span> 
     </span>
     <span class='ocr_line' id='line_1_42' title="bbox 173 2237 1168 2278; baseline -0.007 -1"><span class='ocrx_word' id='word_1_198' title='bbox 173 2240 247 2277; x_wconf 76' lang='lat'>625</span> <span class='ocrx_word' id='word_1_199' title='bbox 274 2242 334 2275; x_wconf 90' lang='lat' dir='ltr'>Tu</span> <span class='ocrx_word' id='word_1_200' title='bbox 357 2241 451 2275; x_wconf 89' lang='lat' dir='ltr'>enim</span> <span class='ocrx_word' id='word_1_201' title='bbox 480 2254 515 2276; x_wconf 88' lang='lat' dir='ltr'>es</span> <span class='ocrx_word' id='word_1_202' title='bbox 538 2241 748 2275; x_wconf 84' lang='lat' dir='ltr'>exercitatus</span> <span class='ocrx_word' id='word_1_203' title='bbox 776 2240 812 2273; x_wconf 90' lang='lat' dir='ltr'>in</span> <span class='ocrx_word' id='word_1_204' title='bbox 836 2240 941 2273; x_wconf 89' lang='lat' dir='ltr'>rebus</span> <span class='ocrx_word' id='word_1_205' title='bbox 972 2237 1168 2278; x_wconf 86' lang='lat' dir='ltr'>industriis,</span> 
     </span>
     <span class='ocr_line' id='line_1_43' title="bbox 581 2291 838 2326; baseline -0.008 0"><span class='ocrx_word' id='word_1_206' title='bbox 581 2299 617 2326; x_wconf 88' lang='lat' dir='ltr'>et</span> <span class='ocrx_word' id='word_1_207' title='bbox 634 2305 668 2326; x_wconf 90' lang='lat' dir='ltr'>es</span> <span class='ocrx_word' id='word_1_208' title='bbox 689 2291 838 2326; x_wconf 87' lang='lat' dir='ltr'>cautior.</span> 
     </span>
     <span class='ocr_line' id='line_1_44' title="bbox 226 2340 1169 2390; baseline -0.006 -12"><span class='ocrx_word' id='word_1_209' title='bbox 226 2343 410 2388; x_wconf 80' lang='lat' dir='ltr'>„Oportet</span> <span class='ocrx_word' id='word_1_210' title='bbox 446 2356 532 2377; x_wconf 89' lang='lat' dir='ltr'>vero</span> <span class='ocrx_word' id='word_1_211' title='bbox 568 2343 880 2390; x_wconf 86' lang='lat' dir='ltr'>unumquemlibet</span> <span class='ocrx_word' id='word_1_212' title='bbox 910 2340 1077 2374; x_wconf 85' lang='lat' dir='ltr'>ordinare</span> <span class='ocrx_word' id='word_1_213' title='bbox 1113 2353 1169 2381; x_wconf 93' lang='lat' dir='ltr'>eo,</span> 
     </span>
     <span class='ocr_line' id='line_1_45' title="bbox 583 2392 1066 2429; baseline -0.008 0"><span class='ocrx_word' id='word_1_214' title='bbox 583 2396 644 2429; x_wconf 91' lang='lat' dir='ltr'>ubi</span> <span class='ocrx_word' id='word_1_215' title='bbox 663 2395 817 2429; x_wconf 80' lang='lat' dir='ltr'>maxime</span> <span class='ocrx_word' id='word_1_216' title='bbox 837 2393 933 2428; x_wconf 82' lang='lat' dir='ltr'>utilis</span> <span class='ocrx_word' id='word_1_217' title='bbox 947 2392 1066 2426; x_wconf 84' lang='lat' dir='ltr'>suerit.</span> 
     </span>
    </p>
   </div>
   <div class='ocr_carea' id='block_1_6' title="bbox 178 2479 381 2486">
    <p class='ocr_par' dir='ltr' id='par_1_7' title="bbox 178 2479 381 2486">
     <span class='ocr_line' id='line_1_46' title="bbox 178 2479 381 2486; baseline 0 494"><span class='ocrx_word' id='word_1_218' title='bbox 178 2479 381 2486; x_wconf 95' lang='lat' dir='ltr'> </span> 
     </span>
    </p>
   </div>
   <div class='ocr_carea' id='block_1_7' title="bbox 209 2526 1169 2625">
    <p class='ocr_par' dir='ltr' id='par_1_8' title="bbox 209 2526 1169 2625">
     <span class='ocr_line' id='line_1_47' title="bbox 209 2526 1168 2560; baseline 0.001 -9"><span class='ocrx_word' id='word_1_219' title='bbox 209 2527 257 2559; x_wconf 82' lang='lat'>26)</span> <span class='ocrx_word' id='word_1_220' title='bbox 277 2529 304 2551; x_wconf 79' lang='lat' dir='ltr'>te</span> <span class='ocrx_word' id='word_1_221' title='bbox 322 2526 551 2558; x_wconf 70' lang='lat' dir='ltr'>praedaturum&#39;ss</span> <span class='ocrx_word' id='word_1_222' title='bbox 571 2528 610 2552; x_wconf 77' lang='lat' dir='ltr'>sic</span> <span class='ocrx_word' id='word_1_223' title='bbox 630 2529 730 2558; x_wconf 79' lang='lat' dir='ltr'>scripsi</span> <span class='ocrx_word' id='word_1_224' title='bbox 750 2528 864 2560; x_wconf 70' lang='lat' dir='ltr'>(natm,</span> <span class='ocrx_word' id='word_1_225' title='bbox 891 2529 1014 2559; x_wconf 66' lang='lat' dir='ltr'>Musgn:</span> <span class='ocrx_word' id='word_1_226' title='bbox 1039 2529 1066 2552; x_wconf 86' lang='lat' dir='ltr'>te</span> <span class='ocrx_word' id='word_1_227' title='bbox 1085 2535 1168 2552; x_wconf 81' lang='lat' dir='ltr'>ever-</span> 
     </span>
     <span class='ocr_line' id='line_1_48' title="bbox 245 2560 1169 2594; baseline 0.001 -9"><span class='ocrx_word' id='word_1_228' title='bbox 245 2560 360 2586; x_wconf 71' lang='lat' dir='ltr'>surum?</span> <span class='ocrx_word' id='word_1_229' title='bbox 386 2563 460 2587; x_wconf 84' lang='lat' dir='ltr'>Fix.:</span> <span class='ocrx_word' id='word_1_230' title='bbox 486 2565 513 2586; x_wconf 85' lang='lat' dir='ltr'>te</span> <span class='ocrx_word' id='word_1_231' title='bbox 533 2561 737 2594; x_wconf 75' lang='lat' dir='ltr'>deleturum?);</span> <span class='ocrx_word' id='word_1_232' title='bbox 765 2564 848 2587; x_wconf 70' lang='lat' dir='ltr'>Editt.</span> <span class='ocrx_word' id='word_1_233' title='bbox 870 2564 963 2593; x_wconf 50' lang='lat'>1555„</span> <span class='ocrx_word' id='word_1_234' title='bbox 990 2563 1065 2588; x_wconf 79' lang='lat'>1562.</span> <span class='ocrx_word' id='word_1_235' title='bbox 1085 2569 1169 2593; x_wconf 83' lang='lat' dir='ltr'>prae-</span> 
     </span>
     <span class='ocr_line' id='line_1_49' title="bbox 246 2594 607 2625; baseline 0.006 -6"><span class='ocrx_word' id='word_1_236' title='bbox 246 2594 393 2621; x_wconf 70' lang='lat' dir='ltr'>daturum?</span> <span class='ocrx_word' id='word_1_237' title='bbox 420 2599 462 2625; x_wconf 71' lang='lat' dir='ltr'>(te</span> <span class='ocrx_word' id='word_1_238' title='bbox 480 2599 607 2625; x_wconf 79' lang='lat' dir='ltr'>omisso).</span> 
     </span>
    </p>
   </div>
   <div class='ocr_carea' id='block_1_8' title="bbox 211 2645 1196 2738">
    <p class='ocr_par' dir='ltr' id='par_1_9' title="bbox 211 2645 1196 2738">
     <span class='ocr_line' id='line_1_50' title="bbox 211 2645 1196 2678; baseline 0 -9"><span class='ocrx_word' id='word_1_239' title='bbox 211 2645 258 2673; x_wconf 80' lang='lat'>27)</span> <span class='ocrx_word' id='word_1_240' title='bbox 277 2646 380 2670; x_wconf 83' lang='lat' dir='ltr'>cubet.</span> <span class='ocrx_word' id='word_1_241' title='bbox 402 2665 407 2670; x_wconf 89' lang='lat'>.</span> <span class='ocrx_word' id='word_1_242' title='bbox 428 2665 434 2670; x_wconf 94' lang='lat'>.</span> <span class='ocrx_word' id='word_1_243' title='bbox 453 2647 487 2669; x_wconf 77' lang='lat' dir='ltr'>st.</span> <span class='ocrx_word' id='word_1_244' title='bbox 512 2646 625 2676; x_wconf 82' lang='lat' dir='ltr'>habeat]</span> <span class='ocrx_word' id='word_1_245' title='bbox 657 2647 696 2671; x_wconf 89' lang='lat' dir='ltr'>sic</span> <span class='ocrx_word' id='word_1_246' title='bbox 721 2647 779 2672; x_wconf 82' lang='lat' dir='ltr'>Fix.</span> <span class='ocrx_word' id='word_1_247' title='bbox 809 2646 923 2678; x_wconf 70' lang='lat' dir='ltr'>(Barm,</span> <span class='ocrx_word' id='word_1_248' title='bbox 949 2648 1069 2677; x_wconf 63' lang='lat' dir='ltr'>Musgn:</span> <span class='ocrx_word' id='word_1_249' title='bbox 1102 2646 1168 2670; x_wconf 84' lang='lat' dir='ltr'>dor-</span> <span class='ocrx_word' id='word_1_250' title='bbox 1193 2656 1196 2663; x_wconf 77' lang='lat'><strong>·</strong></span> 
     </span>
     <span class='ocr_line' id='line_1_51' title="bbox 247 2680 1167 2738; baseline 0 -34"><span class='ocrx_word' id='word_1_251' title='bbox 247 2680 337 2738; x_wconf 49' lang='grc' dir='ltr'>Ξίἑι.</span> <span class='ocrx_word' id='word_1_252' title='bbox 358 2700 363 2705; x_wconf 93' lang='grc'><em>.</em></span> <span class='ocrx_word' id='word_1_253' title='bbox 384 2700 389 2705; x_wconf 90' lang='grc'><strong>.</strong></span> <span class='ocrx_word' id='word_1_254' title='bbox 408 2682 443 2703; x_wconf 80' lang='lat' dir='ltr'>st.</span> <span class='ocrx_word' id='word_1_255' title='bbox 461 2681 588 2710; x_wconf 67' lang='lat' dir='ltr'>habeat23</span> <span class='ocrx_word' id='word_1_256' title='bbox 624 2682 707 2707; x_wconf 77' lang='lat' dir='ltr'>Editt.</span> <span class='ocrx_word' id='word_1_257' title='bbox 730 2682 820 2712; x_wconf 54' lang='lat'>1558„</span> <span class='ocrx_word' id='word_1_258' title='bbox 854 2682 927 2706; x_wconf 78' lang='lat'>1562.</span> <span class='ocrx_word' id='word_1_259' title='bbox 952 2682 1033 2705; x_wconf 77' lang='lat' dir='ltr'>cubat</span> <span class='ocrx_word' id='word_1_260' title='bbox 1051 2698 1057 2704; x_wconf 91' lang='lat'>.</span> <span class='ocrx_word' id='word_1_261' title='bbox 1079 2699 1085 2705; x_wconf 92' lang='lat'><em>.</em></span> <span class='ocrx_word' id='word_1_262' title='bbox 1107 2700 1111 2704; x_wconf 93' lang='lat'>.</span> <span class='ocrx_word' id='word_1_263' title='bbox 1133 2682 1167 2704; x_wconf 59' lang='lat' dir='ltr'>st.</span> 
     </span>
    </p>
   </div>
   <div class='ocr_carea' id='block_1_9' title="bbox 752 101 1613 139">
    <p class='ocr_par' dir='ltr' id='par_1_10' title="bbox 752 101 1613 139">
     <span class='ocr_line' id='line_1_52' title="bbox 752 101 1613 139; baseline 0.002 -5"><span class='ocrx_word' id='word_1_264' title='bbox 752 101 876 137; x_wconf 83' lang='lat' dir='ltr'>PHIL.</span> <span class='ocrx_word' id='word_1_265' title='bbox 904 102 1018 138; x_wconf 89' lang='lat' dir='ltr'><strong>MEL.</strong></span> <span class='ocrx_word' id='word_1_266' title='bbox 1046 101 1249 138; x_wconf 82' lang='lat' dir='ltr'>SCRIPTA</span> <span class='ocrx_word' id='word_1_267' title='bbox 1275 102 1613 139; x_wconf 85' lang='lat' dir='ltr'>PHILOLOGICA.</span> 
     </span>
    </p>
   </div>
   <div class='ocr_carea' id='block_1_10' title="bbox 2128 107 2203 145">
    <p class='ocr_par' dir='ltr' id='par_1_11' title="bbox 2128 107 2203 145">
     <span class='ocr_line' id='line_1_53' title="bbox 2128 107 2203 145; baseline 0.053 -4"><span class='ocrx_word' id='word_1_268' title='bbox 2128 107 2203 145; x_wconf 76' lang='lat'>792</span> 
     </span>
    </p>
   </div>
   <div class='ocr_carea' id='block_1_11' title="bbox 1214 188 2216 2436">
    <p class='ocr_par' dir='ltr' id='par_1_12' title="bbox 1264 188 2109 336">
     <span class='ocr_line' id='line_1_54' title="bbox 1264 188 2015 235; baseline 0 -11"><span class='ocrx_word' id='word_1_269' title='bbox 1264 191 1357 224; x_wconf 77' lang='lat' dir='ltr'>Min.</span> <span class='ocrx_word' id='word_1_270' title='bbox 1382 189 1493 235; x_wconf 81' lang='lat' dir='ltr'>Atqui</span> <span class='ocrx_word' id='word_1_271' title='bbox 1510 190 1554 222; x_wconf 89' lang='lat' dir='ltr'>ad</span> <span class='ocrx_word' id='word_1_272' title='bbox 1571 200 1637 222; x_wconf 90' lang='lat' dir='ltr'>nos</span> <span class='ocrx_word' id='word_1_273' title='bbox 1654 188 1898 224; x_wconf 83' lang='lat' dir='ltr'>Alexandrum</span> <span class='ocrx_word' id='word_1_274' title='bbox 1915 190 2015 224; x_wconf 76' lang='lat' dir='ltr'>vides</span> 
     </span>
     <span class='ocr_line' id='line_1_55' title="bbox 1265 239 2109 286; baseline 0.005 -14"><span class='ocrx_word' id='word_1_275' title='bbox 1265 239 1476 274; x_wconf 85' lang='lat' dir='ltr'>Venientem</span> <span class='ocrx_word' id='word_1_276' title='bbox 1489 266 1498 281; x_wconf 90' lang='lat'>,</span> <span class='ocrx_word' id='word_1_277' title='bbox 1525 239 1588 286; x_wconf 86' lang='lat' dir='ltr'>qui</span> <span class='ocrx_word' id='word_1_278' title='bbox 1606 252 1648 273; x_wconf 87' lang='lat' dir='ltr'>ex</span> <span class='ocrx_word' id='word_1_279' title='bbox 1663 239 1786 285; x_wconf 85' lang='lat' dir='ltr'>aliquo</span> <span class='ocrx_word' id='word_1_280' title='bbox 1805 242 1948 276; x_wconf 86' lang='lat' dir='ltr'>custode</span> <span class='ocrx_word' id='word_1_281' title='bbox 1965 242 2109 277; x_wconf 88' lang='lat' dir='ltr'>rescivit</span> 
     </span>
     <span class='ocr_line' id='line_1_56' title="bbox 1265 291 2097 336; baseline 0.005 -11"><span class='ocrx_word' id='word_1_282' title='bbox 1265 291 1483 336; x_wconf 89' lang='lat' dir='ltr'>Opinionem</span> <span class='ocrx_word' id='word_1_283' title='bbox 1500 291 1673 325; x_wconf 87' lang='lat' dir='ltr'>incertam</span> <span class='ocrx_word' id='word_1_284' title='bbox 1691 292 1734 324; x_wconf 89' lang='lat' dir='ltr'>de</span> <span class='ocrx_word' id='word_1_285' title='bbox 1754 291 1912 335; x_wconf 85' lang='lat' dir='ltr'>ingressu</span> <span class='ocrx_word' id='word_1_286' title='bbox 1927 291 2097 329; x_wconf 84' lang='lat' dir='ltr'>hostium.</span> 
     </span>
    </p>

    <p class='ocr_par' dir='ltr' id='par_1_13' title="bbox 1214 342 2198 542">
     <span class='ocr_line' id='line_1_57' title="bbox 1214 342 2198 390; baseline 0.003 -14"><span class='ocrx_word' id='word_1_287' title='bbox 1214 342 1289 376; x_wconf 82' lang='lat'>630</span> <span class='ocrx_word' id='word_1_288' title='bbox 1319 342 1485 390; x_wconf 74' lang='lat' dir='ltr'>Diom.·²⁸)</span> <span class='ocrx_word' id='word_1_289' title='bbox 1513 342 1644 376; x_wconf 89' lang='lat' dir='ltr'>Utrum</span> <span class='ocrx_word' id='word_1_290' title='bbox 1663 354 1743 376; x_wconf 91' lang='lat' dir='ltr'>cum</span> <span class='ocrx_word' id='word_1_291' title='bbox 1762 343 1860 384; x_wconf 88' lang='lat' dir='ltr'>aliis,</span> <span class='ocrx_word' id='word_1_292' title='bbox 1888 351 1949 377; x_wconf 86' lang='lat' dir='ltr'>aut</span> <span class='ocrx_word' id='word_1_293' title='bbox 1964 345 2059 379; x_wconf 86' lang='lat' dir='ltr'>solus</span> <span class='ocrx_word' id='word_1_294' title='bbox 2075 345 2198 379; x_wconf 83' lang='lat' dir='ltr'>vadit?</span> 
     </span>
     <span class='ocr_line' id='line_1_58' title="bbox 1262 393 2152 434; baseline 0.003 -6"><span class='ocrx_word' id='word_1_295' title='bbox 1262 396 1356 428; x_wconf 78' lang='lat' dir='ltr'>Min.</span> <span class='ocrx_word' id='word_1_296' title='bbox 1385 393 1507 434; x_wconf 89' lang='lat' dir='ltr'>Solus,</span> <span class='ocrx_word' id='word_1_297' title='bbox 1534 400 1574 427; x_wconf 88' lang='lat' dir='ltr'>ut</span> <span class='ocrx_word' id='word_1_298' title='bbox 1592 393 1753 434; x_wconf 86' lang='lat' dir='ltr'>videtur,</span> <span class='ocrx_word' id='word_1_299' title='bbox 1780 395 1824 427; x_wconf 90' lang='lat' dir='ltr'>ad</span> <span class='ocrx_word' id='word_1_300' title='bbox 1841 394 1970 428; x_wconf 86' lang='lat' dir='ltr'>cubilia</span> <span class='ocrx_word' id='word_1_301' title='bbox 1989 395 2152 431; x_wconf 90' lang='lat' dir='ltr'>Hectoris</span> 
     </span>
     <span class='ocr_line' id='line_1_59' title="bbox 1264 444 2062 490; baseline 0.006 -14"><span class='ocrx_word' id='word_1_302' title='bbox 1264 444 1372 478; x_wconf 84' lang='lat' dir='ltr'>Vadit</span> <span class='ocrx_word' id='word_1_303' title='bbox 1388 444 1608 478; x_wconf 89' lang='lat' dir='ltr'>indicaturus</span> <span class='ocrx_word' id='word_1_304' title='bbox 1623 445 1862 490; x_wconf 86' lang='lat' dir='ltr'>speculatores</span> <span class='ocrx_word' id='word_1_305' title='bbox 1878 446 2062 481; x_wconf 83' lang='lat' dir='ltr'>exercitus.</span> 
     </span>
     <span class='ocr_line' id='line_1_60' title="bbox 1264 495 2088 542; baseline 0.004 -13"><span class='ocrx_word' id='word_1_306' title='bbox 1264 495 1435 541; x_wconf 76' lang='lat' dir='ltr'>Diom.2⁸)</span> <span class='ocrx_word' id='word_1_307' title='bbox 1462 495 1557 530; x_wconf 92' lang='lat' dir='ltr'>Num</span> <span class='ocrx_word' id='word_1_308' title='bbox 1577 502 1720 540; x_wconf 85' lang='lat' dir='ltr'>oportet</span> <span class='ocrx_word' id='word_1_309' title='bbox 1736 496 1835 530; x_wconf 89' lang='lat' dir='ltr'>illum</span> <span class='ocrx_word' id='word_1_310' title='bbox 1853 497 1952 542; x_wconf 88' lang='lat' dir='ltr'>prius</span> <span class='ocrx_word' id='word_1_311' title='bbox 1971 497 2088 532; x_wconf 81' lang='lat' dir='ltr'>mori?</span> 
     </span>
    </p>

    <p class='ocr_par' dir='ltr' id='par_1_14' title="bbox 1264 546 1782 592">
     <span class='ocr_line' id='line_1_61' title="bbox 1264 546 1782 592; baseline 0.002 -12"><span class='ocrx_word' id='word_1_312' title='bbox 1264 548 1359 581; x_wconf 76' lang='lat' dir='ltr'>Min.</span> <span class='ocrx_word' id='word_1_313' title='bbox 1385 546 1467 581; x_wconf 87' lang='lat' dir='ltr'>Non</span> <span class='ocrx_word' id='word_1_314' title='bbox 1486 553 1587 591; x_wconf 91' lang='lat' dir='ltr'>potes</span> <span class='ocrx_word' id='word_1_315' title='bbox 1603 547 1681 592; x_wconf 93' lang='lat' dir='ltr'>plus</span> <span class='ocrx_word' id='word_1_316' title='bbox 1696 548 1782 582; x_wconf 85' lang='lat' dir='ltr'>fato.</span> 
     </span>
    </p>

    <p class='ocr_par' dir='ltr' id='par_1_15' title="bbox 1216 596 2213 799">
     <span class='ocr_line' id='line_1_62' title="bbox 1216 596 2139 639; baseline 0.002 -7"><span class='ocrx_word' id='word_1_317' title='bbox 1216 596 1290 632; x_wconf 83' lang='lat'>635</span> <span class='ocrx_word' id='word_1_318' title='bbox 1318 598 1400 631; x_wconf 85' lang='lat' dir='ltr'>Non</span> <span class='ocrx_word' id='word_1_319' title='bbox 1418 604 1469 631; x_wconf 88' lang='lat' dir='ltr'>est</span> <span class='ocrx_word' id='word_1_320' title='bbox 1485 599 1619 639; x_wconf 83' lang='lat' dir='ltr'>fatum,</span> <span class='ocrx_word' id='word_1_321' title='bbox 1646 598 1752 632; x_wconf 88' lang='lat' dir='ltr'>istum</span> <span class='ocrx_word' id='word_1_322' title='bbox 1769 598 1919 632; x_wconf 83' lang='lat' dir='ltr'>interfici</span> <span class='ocrx_word' id='word_1_323' title='bbox 1937 605 1997 633; x_wconf 88' lang='lat' dir='ltr'>tua</span> <span class='ocrx_word' id='word_1_324' title='bbox 2016 611 2139 635; x_wconf 85' lang='lat' dir='ltr'>manu.</span> 
     </span>
     <span class='ocr_line' id='line_1_63' title="bbox 1266 649 2079 692; baseline 0.005 -11"><span class='ocrx_word' id='word_1_325' title='bbox 1266 649 1335 682; x_wconf 89' lang='lat' dir='ltr'>Sed</span> <span class='ocrx_word' id='word_1_326' title='bbox 1352 650 1467 683; x_wconf 87' lang='lat' dir='ltr'>serens</span> <span class='ocrx_word' id='word_1_327' title='bbox 1484 649 1625 683; x_wconf 90' lang='lat' dir='ltr'>letalem</span> <span class='ocrx_word' id='word_1_328' title='bbox 1643 661 1766 683; x_wconf 89' lang='lat' dir='ltr'>necem</span> <span class='ocrx_word' id='word_1_329' title='bbox 1785 649 1856 690; x_wconf 89' lang='lat' dir='ltr'>illi,</span> <span class='ocrx_word' id='word_1_330' title='bbox 1884 650 1940 684; x_wconf 90' lang='lat' dir='ltr'>cui</span> <span class='ocrx_word' id='word_1_331' title='bbox 1957 651 2057 686; x_wconf 88' lang='lat' dir='ltr'>venis</span> <span class='ocrx_word' id='word_1_332' title='bbox 2069 678 2079 692; x_wconf 91' lang='lat'><em>‚</em></span> 
     </span>
     <span class='ocr_line' id='line_1_64' title="bbox 1265 699 2115 745; baseline 0.004 -12"><span class='ocrx_word' id='word_1_333' title='bbox 1265 700 1446 745; x_wconf 89' lang='lat' dir='ltr'>Propera;</span> <span class='ocrx_word' id='word_1_334' title='bbox 1475 713 1539 745; x_wconf 86' lang='lat' dir='ltr'>ego</span> <span class='ocrx_word' id='word_1_335' title='bbox 1556 713 1661 741; x_wconf 86' lang='lat' dir='ltr'>vero,</span> <span class='ocrx_word' id='word_1_336' title='bbox 1687 699 1770 734; x_wconf 91' lang='lat' dir='ltr'>huic</span> <span class='ocrx_word' id='word_1_337' title='bbox 1787 701 1920 735; x_wconf 88' lang='lat' dir='ltr'>sociam</span> <span class='ocrx_word' id='word_1_338' title='bbox 1938 701 2115 736; x_wconf 86' lang='lat' dir='ltr'>Venerem</span> 
     </span>
     <span class='ocr_line' id='line_1_65' title="bbox 1265 751 2213 799; baseline 0.003 -15"><span class='ocrx_word' id='word_1_339' title='bbox 1265 751 1324 785; x_wconf 89' lang='lat' dir='ltr'>Me</span> <span class='ocrx_word' id='word_1_340' title='bbox 1356 752 1546 794; x_wconf 79' lang='lat' dir='ltr'>simulans,</span> <span class='ocrx_word' id='word_1_341' title='bbox 1588 759 1628 786; x_wconf 91' lang='lat' dir='ltr'>ut</span> <span class='ocrx_word' id='word_1_342' title='bbox 1643 751 1691 799; x_wconf 65' lang='grc'>29)</span> <span class='ocrx_word' id='word_1_343' title='bbox 1729 752 1933 786; x_wconf 81' lang='lat' dir='ltr'>auxiliatrix</span> <span class='ocrx_word' id='word_1_344' title='bbox 1962 752 2001 786; x_wconf 89' lang='lat' dir='ltr'>in</span> <span class='ocrx_word' id='word_1_345' title='bbox 2030 752 2213 787; x_wconf 85' lang='lat' dir='ltr'>laboribus</span> 
     </span>
    </p>

    <p class='ocr_par' dir='ltr' id='par_1_16' title="bbox 1264 803 2213 900">
     <span class='ocr_line' id='line_1_66' title="bbox 1634 803 1769 845; baseline 0.007 -9"><span class='ocrx_word' id='word_1_346' title='bbox 1634 803 1747 838; x_wconf 90' lang='lat' dir='ltr'>adsim</span> <span class='ocrx_word' id='word_1_347' title='bbox 1759 831 1769 845; x_wconf 92' lang='lat'><em>‚</em></span> 
     </span>
     <span class='ocr_line' id='line_1_67' title="bbox 1264 852 2213 900; baseline 0.001 -13"><span class='ocrx_word' id='word_1_348' title='bbox 1264 852 1434 888; x_wconf 89' lang='lat' dir='ltr'>Inanibus</span> <span class='ocrx_word' id='word_1_349' title='bbox 1449 854 1674 889; x_wconf 89' lang='lat' dir='ltr'>sermonibus</span> <span class='ocrx_word' id='word_1_350' title='bbox 1690 854 1875 889; x_wconf 89' lang='lat' dir='ltr'>inimicum</span> <span class='ocrx_word' id='word_1_351' title='bbox 1891 855 2008 889; x_wconf 86' lang='lat' dir='ltr'>virum</span> <span class='ocrx_word' id='word_1_352' title='bbox 2026 855 2213 900; x_wconf 81' lang='lat' dir='ltr'>excipiam,</span> 
     </span>
    </p>

    <p class='ocr_par' dir='ltr' id='par_1_17' title="bbox 1218 903 2214 952">
     <span class='ocr_line' id='line_1_68' title="bbox 1218 903 2214 952; baseline 0.001 -13"><span class='ocrx_word' id='word_1_353' title='bbox 1218 903 1292 940; x_wconf 84' lang='lat'>640</span> <span class='ocrx_word' id='word_1_354' title='bbox 1319 907 1437 952; x_wconf 88' lang='lat' dir='ltr'>Atque</span> <span class='ocrx_word' id='word_1_355' title='bbox 1463 903 1550 940; x_wconf 86' lang='lat' dir='ltr'>baec</span> <span class='ocrx_word' id='word_1_356' title='bbox 1575 906 1719 952; x_wconf 89' lang='lat' dir='ltr'>quidem</span> <span class='ocrx_word' id='word_1_357' title='bbox 1745 920 1810 952; x_wconf 85' lang='lat' dir='ltr'>ego</span> <span class='ocrx_word' id='word_1_358' title='bbox 1837 907 1909 940; x_wconf 83' lang='lat' dir='ltr'>dixi</span> <span class='ocrx_word' id='word_1_359' title='bbox 1931 906 2051 946; x_wconf 79' lang='lat' dir='ltr'>vobis3</span> <span class='ocrx_word' id='word_1_360' title='bbox 2085 907 2146 941; x_wconf 83' lang='lat' dir='ltr'>sed</span> <span class='ocrx_word' id='word_1_361' title='bbox 2171 906 2214 948; x_wconf 90' lang='lat' dir='ltr'>is,</span> 
     </span>
    </p>

    <p class='ocr_par' dir='ltr' id='par_1_18' title="bbox 1631 957 2085 1004">
     <span class='ocr_line' id='line_1_69' title="bbox 1631 957 2085 1004; baseline -0.002 -13"><span class='ocrx_word' id='word_1_362' title='bbox 1631 971 1736 1004; x_wconf 90' lang='lat' dir='ltr'>quem</span> <span class='ocrx_word' id='word_1_363' title='bbox 1756 964 1899 1003; x_wconf 92' lang='lat' dir='ltr'>oportet</span> <span class='ocrx_word' id='word_1_364' title='bbox 1914 957 2085 999; x_wconf 85' lang='lat' dir='ltr'>interfici,</span> 
     </span>
    </p>

    <p class='ocr_par' dir='ltr' id='par_1_19' title="bbox 1266 1006 2214 1096">
     <span class='ocr_line' id='line_1_70' title="bbox 1266 1006 2214 1055; baseline 0.001 -14"><span class='ocrx_word' id='word_1_365' title='bbox 1266 1006 1350 1041; x_wconf 89' lang='lat' dir='ltr'>Non</span> <span class='ocrx_word' id='word_1_366' title='bbox 1373 1008 1494 1049; x_wconf 90' lang='lat' dir='ltr'>novit,</span> <span class='ocrx_word' id='word_1_367' title='bbox 1535 1021 1652 1055; x_wconf 91' lang='lat' dir='ltr'>neque</span> <span class='ocrx_word' id='word_1_368' title='bbox 1682 1010 1839 1051; x_wconf 85' lang='lat' dir='ltr'>audivit,</span> <span class='ocrx_word' id='word_1_369' title='bbox 1881 1022 1961 1044; x_wconf 92' lang='lat' dir='ltr'>cum</span> <span class='ocrx_word' id='word_1_370' title='bbox 1994 1015 2068 1043; x_wconf 82' lang='lat' dir='ltr'>tam</span> <span class='ocrx_word' id='word_1_371' title='bbox 2100 1020 2214 1054; x_wconf 85' lang='lat' dir='ltr'>prope</span> 
     </span>
     <span class='ocr_line' id='line_1_71' title="bbox 1633 1061 1737 1096; baseline 0.029 -3"><span class='ocrx_word' id='word_1_372' title='bbox 1633 1061 1737 1096; x_wconf 82' lang='lat' dir='ltr'>adsit.</span> 
     </span>
    </p>

    <p class='ocr_par' dir='ltr' id='par_1_20' title="bbox 1269 1109 1968 1158">
     <span class='ocr_line' id='line_1_72' title="bbox 1269 1109 1968 1158; baseline 0.004 -15"><span class='ocrx_word' id='word_1_373' title='bbox 1269 1111 1352 1144; x_wconf 82' lang='lat' dir='ltr'>Par.</span> <span class='ocrx_word' id='word_1_374' title='bbox 1380 1109 1432 1143; x_wconf 89' lang='lat' dir='ltr'>Te</span> <span class='ocrx_word' id='word_1_375' title='bbox 1448 1110 1573 1143; x_wconf 90' lang='lat' dir='ltr'>ducem</span> <span class='ocrx_word' id='word_1_376' title='bbox 1591 1117 1625 1144; x_wconf 88' lang='lat' dir='ltr'>et</span> <span class='ocrx_word' id='word_1_377' title='bbox 1640 1112 1787 1146; x_wconf 81' lang='lat' dir='ltr'>fratrem</span> <span class='ocrx_word' id='word_1_378' title='bbox 1806 1113 1968 1158; x_wconf 86' lang='lat' dir='ltr'>appello,</span> 
     </span>
    </p>

    <p class='ocr_par' dir='ltr' id='par_1_21' title="bbox 1266 1160 2008 1208">
     <span class='ocr_line' id='line_1_73' title="bbox 1266 1160 2008 1208; baseline 0.005 -14"><span class='ocrx_word' id='word_1_379' title='bbox 1266 1160 1439 1196; x_wconf 82' lang='lat' dir='ltr'>Dormis?</span> <span class='ocrx_word' id='word_1_380' title='bbox 1463 1174 1538 1195; x_wconf 90' lang='lat' dir='ltr'>non</span> <span class='ocrx_word' id='word_1_381' title='bbox 1553 1163 1746 1208; x_wconf 86' lang='lat' dir='ltr'>expergisci</span> <span class='ocrx_word' id='word_1_382' title='bbox 1762 1170 1796 1197; x_wconf 88' lang='lat' dir='ltr'>te</span> <span class='ocrx_word' id='word_1_383' title='bbox 1814 1163 2008 1198; x_wconf 82' lang='lat' dir='ltr'>convenit?</span> 
     </span>
    </p>

    <p class='ocr_par' dir='ltr' id='par_1_22' title="bbox 1267 1211 2070 1260">
     <span class='ocr_line' id='line_1_74' title="bbox 1267 1211 2070 1260; baseline 0.001 -15"><span class='ocrx_word' id='word_1_384' title='bbox 1267 1213 1408 1259; x_wconf 85' lang='lat' dir='ltr'>Aliquis</span> <span class='ocrx_word' id='word_1_385' title='bbox 1424 1211 1580 1247; x_wconf 87' lang='lat' dir='ltr'>hostium</span> <span class='ocrx_word' id='word_1_386' title='bbox 1598 1215 1867 1260; x_wconf 88' lang='lat' dir='ltr'>appropinquat</span> <span class='ocrx_word' id='word_1_387' title='bbox 1883 1214 2070 1255; x_wconf 89' lang='lat' dir='ltr'>exercitui,</span> 
     </span>
    </p>

    <p class='ocr_par' dir='ltr' id='par_1_23' title="bbox 1218 1263 2215 1357">
     <span class='ocr_line' id='line_1_75' title="bbox 1218 1263 2138 1312; baseline 0.002 -14"><span class='ocrx_word' id='word_1_388' title='bbox 1218 1263 1292 1298; x_wconf 82' lang='grc'>645</span> <span class='ocrx_word' id='word_1_389' title='bbox 1320 1267 1393 1299; x_wconf 87' lang='lat' dir='ltr'>Aut</span> <span class='ocrx_word' id='word_1_390' title='bbox 1409 1272 1627 1309; x_wconf 84' lang='lat' dir='ltr'>grassatores</span> <span class='ocrx_word' id='word_1_391' title='bbox 1643 1273 1705 1300; x_wconf 94' lang='lat' dir='ltr'>aut</span> <span class='ocrx_word' id='word_1_392' title='bbox 1720 1266 1960 1311; x_wconf 88' lang='lat' dir='ltr'>speculatores</span> <span class='ocrx_word' id='word_1_393' title='bbox 1978 1265 2138 1312; x_wconf 81' lang='lat' dir='ltr'>quidam.</span> 
     </span>
     <span class='ocr_line' id='line_1_76' title="bbox 1268 1315 2215 1357; baseline -0.001 -6"><span class='ocrx_word' id='word_1_394' title='bbox 1268 1318 1362 1351; x_wconf 78' lang='lat' dir='ltr'>Min.</span> <span class='ocrx_word' id='word_1_395' title='bbox 1387 1316 1492 1351; x_wconf 87' lang='lat' dir='ltr'>Bono</span> <span class='ocrx_word' id='word_1_396' title='bbox 1509 1317 1556 1352; x_wconf 89' lang='lat' dir='ltr'>sis</span> <span class='ocrx_word' id='word_1_397' title='bbox 1573 1317 1716 1357; x_wconf 89' lang='lat' dir='ltr'>animo;</span> <span class='ocrx_word' id='word_1_398' title='bbox 1741 1324 1860 1352; x_wconf 91' lang='lat' dir='ltr'>servat</span> <span class='ocrx_word' id='word_1_399' title='bbox 1876 1323 1909 1351; x_wconf 88' lang='lat' dir='ltr'>te</span> <span class='ocrx_word' id='word_1_400' title='bbox 1929 1315 2018 1351; x_wconf 82' lang='lat' dir='ltr'>haec</span> <span class='ocrx_word' id='word_1_401' title='bbox 2040 1316 2215 1351; x_wconf 84' lang='lat' dir='ltr'>benevola</span> 
     </span>
    </p>

    <p class='ocr_par' dir='ltr' id='par_1_24' title="bbox 1268 1369 2214 1609">
     <span class='ocr_line' id='line_1_77' title="bbox 1629 1369 1762 1404; baseline 0.023 -3"><span class='ocrx_word' id='word_1_402' title='bbox 1629 1369 1762 1404; x_wconf 83' lang='lat' dir='ltr'>Venus.</span> 
     </span>
     <span class='ocr_line' id='line_1_78' title="bbox 1269 1418 2214 1458; baseline -0.003 -4"><span class='ocrx_word' id='word_1_403' title='bbox 1269 1420 1383 1454; x_wconf 84' lang='lat' dir='ltr'>Curae</span> <span class='ocrx_word' id='word_1_404' title='bbox 1417 1427 1468 1454; x_wconf 87' lang='lat' dir='ltr'>cst</span> <span class='ocrx_word' id='word_1_405' title='bbox 1500 1418 1590 1454; x_wconf 87' lang='lat' dir='ltr'>mihi</span> <span class='ocrx_word' id='word_1_406' title='bbox 1623 1426 1723 1454; x_wconf 86' lang='lat' dir='ltr'>tuum</span> <span class='ocrx_word' id='word_1_407' title='bbox 1753 1421 1907 1458; x_wconf 87' lang='lat' dir='ltr'>bellum;</span> <span class='ocrx_word' id='word_1_408' title='bbox 1945 1431 2021 1453; x_wconf 90' lang='lat' dir='ltr'>non</span> <span class='ocrx_word' id='word_1_409' title='bbox 2045 1431 2123 1453; x_wconf 82' lang='lat' dir='ltr'>sum</span> <span class='ocrx_word' id='word_1_410' title='bbox 2147 1418 2214 1451; x_wconf 89' lang='lat' dir='ltr'>im-</span> 
     </span>
     <span class='ocr_line' id='line_1_79' title="bbox 1631 1484 1772 1505; baseline 0 0"><span class='ocrx_word' id='word_1_411' title='bbox 1631 1484 1772 1505; x_wconf 90' lang='lat' dir='ltr'>memor</span> 
     </span>
     <span class='ocr_line' id='line_1_80' title="bbox 1268 1520 2213 1565; baseline -0.003 -7"><span class='ocrx_word' id='word_1_412' title='bbox 1268 1523 1366 1558; x_wconf 86' lang='lat' dir='ltr'>Illius</span> <span class='ocrx_word' id='word_1_413' title='bbox 1384 1522 1533 1558; x_wconf 86' lang='lat' dir='ltr'>honoris</span> <span class='ocrx_word' id='word_1_414' title='bbox 1544 1550 1554 1565; x_wconf 85' lang='lat'><strong><em>‚</em></strong></span> <span class='ocrx_word' id='word_1_415' title='bbox 1581 1524 1683 1557; x_wconf 84' lang='lat' dir='ltr'>faveo</span> <span class='ocrx_word' id='word_1_416' title='bbox 1700 1523 1777 1564; x_wconf 90' lang='lat' dir='ltr'>tibi,</span> <span class='ocrx_word' id='word_1_417' title='bbox 1804 1521 1976 1555; x_wconf 87' lang='lat' dir='ltr'>beneficio</span> <span class='ocrx_word' id='word_1_418' title='bbox 1991 1520 2116 1554; x_wconf 83' lang='lat' dir='ltr'>affecta</span> <span class='ocrx_word' id='word_1_419' title='bbox 2131 1531 2151 1553; x_wconf 80' lang='lat' dir='ltr'>a</span> <span class='ocrx_word' id='word_1_420' title='bbox 2167 1526 2213 1555; x_wconf 82' lang='lat' dir='ltr'>te.</span> 
     </span>
     <span class='ocr_line' id='line_1_81' title="bbox 1268 1571 2163 1609; baseline -0.004 -1"><span class='ocrx_word' id='word_1_421' title='bbox 1268 1575 1314 1608; x_wconf 82' lang='lat' dir='ltr'>Et</span> <span class='ocrx_word' id='word_1_422' title='bbox 1330 1588 1425 1609; x_wconf 87' lang='lat' dir='ltr'>nunc</span> <span class='ocrx_word' id='word_1_423' title='bbox 1443 1577 1488 1609; x_wconf 86' lang='lat' dir='ltr'>ad</span> <span class='ocrx_word' id='word_1_424' title='bbox 1503 1574 1733 1608; x_wconf 86' lang='lat' dir='ltr'>victoriosum</span> <span class='ocrx_word' id='word_1_425' title='bbox 1751 1573 1952 1608; x_wconf 89' lang='lat' dir='ltr'>Troianum</span> <span class='ocrx_word' id='word_1_426' title='bbox 1970 1571 2163 1606; x_wconf 83' lang='lat' dir='ltr'>exercitum</span> 
     </span>
    </p>

    <p class='ocr_par' dir='ltr' id='par_1_25' title="bbox 1218 1623 2049 1774">
     <span class='ocr_line' id='line_1_82' title="bbox 1218 1623 2036 1669; baseline -0.007 -7"><span class='ocrx_word' id='word_1_427' title='bbox 1218 1628 1292 1663; x_wconf 86' lang='lat'>650</span> <span class='ocrx_word' id='word_1_428' title='bbox 1319 1628 1455 1660; x_wconf 89' lang='lat' dir='ltr'>Adsum</span> <span class='ocrx_word' id='word_1_429' title='bbox 1474 1627 1653 1660; x_wconf 89' lang='lat' dir='ltr'>adducens</span> <span class='ocrx_word' id='word_1_430' title='bbox 1669 1637 1838 1669; x_wconf 86' lang='lat' dir='ltr'>magnum</span> <span class='ocrx_word' id='word_1_431' title='bbox 1859 1623 2036 1665; x_wconf 86' lang='lat' dir='ltr'>amicum,</span> 
     </span>
     <span class='ocr_line' id='line_1_83' title="bbox 1269 1675 1975 1711; baseline -0.004 0"><span class='ocrx_word' id='word_1_432' title='bbox 1269 1676 1510 1711; x_wconf 76' lang='lat' dir='ltr'>Tliracensem</span> <span class='ocrx_word' id='word_1_433' title='bbox 1528 1677 1639 1710; x_wconf 89' lang='lat' dir='ltr'>filium</span> <span class='ocrx_word' id='word_1_434' title='bbox 1658 1676 1862 1710; x_wconf 88' lang='lat' dir='ltr'>cantatricis</span> <span class='ocrx_word' id='word_1_435' title='bbox 1877 1675 1975 1708; x_wconf 90' lang='lat' dir='ltr'>Deae</span> 
     </span>
     <span class='ocr_line' id='line_1_84' title="bbox 1269 1727 2049 1774; baseline -0.005 -11"><span class='ocrx_word' id='word_1_436' title='bbox 1269 1730 1393 1763; x_wconf 89' lang='lat' dir='ltr'>Musae</span> <span class='ocrx_word' id='word_1_437' title='bbox 1404 1756 1413 1769; x_wconf 88' lang='lat'><em>‚</em></span> <span class='ocrx_word' id='word_1_438' title='bbox 1441 1729 1552 1774; x_wconf 84' lang='lat' dir='ltr'>patris</span> <span class='ocrx_word' id='word_1_439' title='bbox 1568 1740 1653 1761; x_wconf 89' lang='lat' dir='ltr'>vero</span> <span class='ocrx_word' id='word_1_440' title='bbox 1670 1727 1873 1773; x_wconf 86' lang='lat' dir='ltr'>Strymonis</span> <span class='ocrx_word' id='word_1_441' title='bbox 1888 1731 2049 1759; x_wconf 89' lang='lat' dir='ltr'>vocatur.</span> 
     </span>
    </p>

    <p class='ocr_par' dir='ltr' id='par_1_26' title="bbox 1270 1778 1872 1824">
     <span class='ocr_line' id='line_1_85' title="bbox 1270 1778 1872 1824; baseline -0.008 -9"><span class='ocrx_word' id='word_1_442' title='bbox 1270 1783 1354 1815; x_wconf 84' lang='lat' dir='ltr'>Par.</span> <span class='ocrx_word' id='word_1_443' title='bbox 1381 1781 1529 1824; x_wconf 89' lang='lat' dir='ltr'>Semper</span> <span class='ocrx_word' id='word_1_444' title='bbox 1545 1779 1717 1813; x_wconf 88' lang='lat' dir='ltr'>benevola</span> <span class='ocrx_word' id='word_1_445' title='bbox 1739 1791 1774 1813; x_wconf 90' lang='lat' dir='ltr'>es</span> <span class='ocrx_word' id='word_1_446' title='bbox 1789 1778 1872 1812; x_wconf 92' lang='lat' dir='ltr'>urbi</span> 
     </span>
    </p>

    <p class='ocr_par' dir='ltr' id='par_1_27' title="bbox 1269 1826 2137 1878">
     <span class='ocr_line' id='line_1_86' title="bbox 1269 1826 2137 1878; baseline -0.007 -13"><span class='ocrx_word' id='word_1_447' title='bbox 1269 1832 1315 1865; x_wconf 84' lang='lat' dir='ltr'>Et</span> <span class='ocrx_word' id='word_1_448' title='bbox 1330 1830 1498 1878; x_wconf 63' lang='lat' dir='ltr'>mihima)</span> <span class='ocrx_word' id='word_1_449' title='bbox 1510 1858 1519 1871; x_wconf 94' lang='lat'>‚</span> <span class='ocrx_word' id='word_1_450' title='bbox 1546 1830 1741 1863; x_wconf 87' lang='lat' dir='ltr'>maximum</span> <span class='ocrx_word' id='word_1_451' title='bbox 1762 1830 1799 1862; x_wconf 91' lang='lat' dir='ltr'>in</span> <span class='ocrx_word' id='word_1_452' title='bbox 1817 1829 1888 1862; x_wconf 87' lang='lat' dir='ltr'>vita</span> <span class='ocrx_word' id='word_1_453' title='bbox 1906 1826 2114 1862; x_wconf 87' lang='lat' dir='ltr'>thesaurum</span> <span class='ocrx_word' id='word_1_454' title='bbox 2126 1852 2137 1867; x_wconf 88' lang='lat'><strong>‚</strong></span> 
     </span>
    </p>

    <p class='ocr_par' dir='ltr' id='par_1_28' title="bbox 1220 1876 2215 1926">
     <span class='ocr_line' id='line_1_87' title="bbox 1220 1876 2215 1926; baseline -0.008 -9"><span class='ocrx_word' id='word_1_455' title='bbox 1220 1882 1294 1918; x_wconf 83' lang='lat'>655</span> <span class='ocrx_word' id='word_1_456' title='bbox 1322 1883 1374 1916; x_wconf 93' lang='lat' dir='ltr'>Te</span> <span class='ocrx_word' id='word_1_457' title='bbox 1399 1883 1436 1916; x_wconf 92' lang='lat' dir='ltr'>in</span> <span class='ocrx_word' id='word_1_458' title='bbox 1461 1882 1652 1916; x_wconf 89' lang='lat' dir='ltr'>iudicando</span> <span class='ocrx_word' id='word_1_459' title='bbox 1674 1882 1899 1926; x_wconf 84' lang='lat' dir='ltr'>praeferens,</span> <span class='ocrx_word' id='word_1_460' title='bbox 1940 1879 2020 1913; x_wconf 86' lang='lat' dir='ltr'>dico</span> <span class='ocrx_word' id='word_1_461' title='bbox 2044 1876 2129 1911; x_wconf 90' lang='lat' dir='ltr'>huic</span> <span class='ocrx_word' id='word_1_462' title='bbox 2153 1876 2215 1909; x_wconf 78' lang='lat' dir='ltr'>ad-</span> 
     </span>
    </p>

    <p class='ocr_par' dir='ltr' id='par_1_29' title="bbox 1628 1931 1876 1966">
     <span class='ocr_line' id='line_1_88' title="bbox 1628 1931 1876 1966; baseline -0.008 0"><span class='ocrx_word' id='word_1_463' title='bbox 1628 1931 1756 1966; x_wconf 86' lang='lat' dir='ltr'>didisse</span> <span class='ocrx_word' id='word_1_464' title='bbox 1782 1932 1876 1966; x_wconf 88' lang='lat' dir='ltr'>urbi.</span> 
     </span>
    </p>

    <p class='ocr_par' dir='ltr' id='par_1_30' title="bbox 1269 1981 2216 2081">
     <span class='ocr_line' id='line_1_89' title="bbox 1269 1981 2216 2030; baseline -0.006 -11"><span class='ocrx_word' id='word_1_465' title='bbox 1269 1985 1384 2019; x_wconf 90' lang='lat' dir='ltr'>Venio</span> <span class='ocrx_word' id='word_1_466' title='bbox 1396 2012 1405 2026; x_wconf 94' lang='lat'>‚</span> <span class='ocrx_word' id='word_1_467' title='bbox 1433 1991 1622 2030; x_wconf 90' lang='lat' dir='ltr'>postquam</span> <span class='ocrx_word' id='word_1_468' title='bbox 1639 1984 1761 2017; x_wconf 88' lang='lat' dir='ltr'>audivi</span> <span class='ocrx_word' id='word_1_469' title='bbox 1777 1996 1852 2016; x_wconf 89' lang='lat' dir='ltr'>non</span> <span class='ocrx_word' id='word_1_470' title='bbox 1870 1982 1964 2016; x_wconf 90' lang='lat' dir='ltr'>clare</span> <span class='ocrx_word' id='word_1_471' title='bbox 1975 2008 1985 2023; x_wconf 90' lang='lat'>‚</span> <span class='ocrx_word' id='word_1_472' title='bbox 2013 1981 2074 2015; x_wconf 88' lang='lat' dir='ltr'>sed</span> <span class='ocrx_word' id='word_1_473' title='bbox 2089 1991 2216 2013; x_wconf 85' lang='lat' dir='ltr'>rumor</span> 
     </span>
     <span class='ocr_line' id='line_1_90' title="bbox 1631 2035 1778 2081; baseline 0 -13"><span class='ocrx_word' id='word_1_474' title='bbox 1631 2035 1778 2081; x_wconf 84' lang='lat' dir='ltr'>quidam</span> 
     </span>
    </p>

    <p class='ocr_par' dir='ltr' id='par_1_31' title="bbox 1269 2085 1988 2132">
     <span class='ocr_line' id='line_1_91' title="bbox 1269 2085 1988 2132; baseline -0.007 -11"><span class='ocrx_word' id='word_1_475' title='bbox 1269 2088 1444 2132; x_wconf 84' lang='lat' dir='ltr'>Vigilibus</span> <span class='ocrx_word' id='word_1_476' title='bbox 1459 2086 1606 2127; x_wconf 88' lang='lat' dir='ltr'>incidit,</span> <span class='ocrx_word' id='word_1_477' title='bbox 1634 2087 1731 2132; x_wconf 81' lang='lat' dir='ltr'>quod</span> <span class='ocrx_word' id='word_1_478' title='bbox 1749 2085 1988 2131; x_wconf 89' lang='lat' dir='ltr'>speculatores</span> 
     </span>
    </p>

    <p class='ocr_par' dir='ltr' id='par_1_32' title="bbox 1270 2132 2215 2226">
     <span class='ocr_line' id='line_1_92' title="bbox 1270 2132 2215 2181; baseline -0.01 -6"><span class='ocrx_word' id='word_1_479' title='bbox 1270 2140 1399 2175; x_wconf 85' lang='lat' dir='ltr'>Adsint</span> <span class='ocrx_word' id='word_1_480' title='bbox 1430 2139 1650 2173; x_wconf 86' lang='lat' dir='ltr'>Graecorum</span> <span class='ocrx_word' id='word_1_481' title='bbox 1664 2164 1673 2178; x_wconf 87' lang='lat'><strong>‚</strong></span> <span class='ocrx_word' id='word_1_482' title='bbox 1722 2143 1755 2171; x_wconf 89' lang='lat' dir='ltr'>et</span> <span class='ocrx_word' id='word_1_483' title='bbox 1788 2135 1846 2170; x_wconf 90' lang='lat' dir='ltr'>hic</span> <span class='ocrx_word' id='word_1_484' title='bbox 1874 2135 2021 2181; x_wconf 87' lang='lat' dir='ltr'>quidam</span> <span class='ocrx_word' id='word_1_485' title='bbox 2055 2132 2215 2168; x_wconf 87' lang='lat' dir='ltr'>nesciens</span> 
     </span>
     <span class='ocr_line' id='line_1_93' title="bbox 1635 2188 1739 2226; baseline 0 -5"><span class='ocrx_word' id='word_1_486' title='bbox 1635 2188 1739 2226; x_wconf 86' lang='lat' dir='ltr'>dicit;</span> 
     </span>
    </p>

    <p class='ocr_par' dir='ltr' id='par_1_33' title="bbox 1272 2236 1959 2288">
     <span class='ocr_line' id='line_1_94' title="bbox 1272 2236 1959 2288; baseline -0.01 -13"><span class='ocrx_word' id='word_1_487' title='bbox 1272 2241 1343 2288; x_wconf 86' lang='lat' dir='ltr'>Qui</span> <span class='ocrx_word' id='word_1_488' title='bbox 1359 2252 1444 2273; x_wconf 88' lang='lat' dir='ltr'>vero</span> <span class='ocrx_word' id='word_1_489' title='bbox 1463 2238 1570 2279; x_wconf 87' lang='lat' dir='ltr'>vidit,</span> <span class='ocrx_word' id='word_1_490' title='bbox 1597 2251 1670 2272; x_wconf 92' lang='lat' dir='ltr'>non</span> <span class='ocrx_word' id='word_1_491' title='bbox 1686 2243 1802 2284; x_wconf 83' lang='lat' dir='ltr'>potest</span> <span class='ocrx_word' id='word_1_492' title='bbox 1823 2236 1959 2277; x_wconf 91' lang='lat' dir='ltr'>dicere,</span> 
     </span>
    </p>

    <p class='ocr_par' dir='ltr' id='par_1_34' title="bbox 1222 2286 2015 2338">
     <span class='ocr_line' id='line_1_95' title="bbox 1222 2286 2015 2338; baseline -0.013 -9"><span class='ocrx_word' id='word_1_493' title='bbox 1222 2295 1295 2329; x_wconf 86' lang='lat'>660</span> <span class='ocrx_word' id='word_1_494' title='bbox 1323 2293 1443 2338; x_wconf 88' lang='lat' dir='ltr'>Quare</span> <span class='ocrx_word' id='word_1_495' title='bbox 1462 2291 1506 2323; x_wconf 88' lang='lat' dir='ltr'>ad</span> <span class='ocrx_word' id='word_1_496' title='bbox 1525 2290 1718 2323; x_wconf 81' lang='lat' dir='ltr'>tentorium</span> <span class='ocrx_word' id='word_1_497' title='bbox 1736 2287 1900 2322; x_wconf 85' lang='lat' dir='ltr'>Hectoris</span> <span class='ocrx_word' id='word_1_498' title='bbox 1921 2286 2015 2320; x_wconf 85' lang='lat' dir='ltr'>veni.</span> 
     </span>
    </p>

    <p class='ocr_par' dir='ltr' id='par_1_35' title="bbox 1270 2336 2215 2436">
     <span class='ocr_line' id='line_1_96' title="bbox 1270 2336 2215 2383; baseline -0.012 -3"><span class='ocrx_word' id='word_1_499' title='bbox 1270 2347 1364 2381; x_wconf 75' lang='lat' dir='ltr'>Min.</span> <span class='ocrx_word' id='word_1_500' title='bbox 1391 2342 1443 2378; x_wconf 86' lang='lat' dir='ltr'>Ne</span> <span class='ocrx_word' id='word_1_501' title='bbox 1460 2347 1596 2375; x_wconf 85' lang='lat' dir='ltr'>metuas</span> <span class='ocrx_word' id='word_1_502' title='bbox 1608 2368 1617 2382; x_wconf 85' lang='lat'>,</span> <span class='ocrx_word' id='word_1_503' title='bbox 1651 2338 1742 2374; x_wconf 86' lang='lat' dir='ltr'>nihil</span> <span class='ocrx_word' id='word_1_504' title='bbox 1758 2340 1793 2373; x_wconf 92' lang='lat' dir='ltr'>in</span> <span class='ocrx_word' id='word_1_505' title='bbox 1812 2338 1964 2372; x_wconf 90' lang='lat' dir='ltr'>exercitu</span> <span class='ocrx_word' id='word_1_506' title='bbox 1982 2336 2129 2383; x_wconf 88' lang='lat' dir='ltr'>periculi</span> <span class='ocrx_word' id='word_1_507' title='bbox 2145 2342 2215 2378; x_wconf 86' lang='lat' dir='ltr'>est;</span> 
     </span>
     <span class='ocr_line' id='line_1_97' title="bbox 1270 2388 2214 2436; baseline -0.01 -6"><span class='ocrx_word' id='word_1_508' title='bbox 1270 2397 1403 2430; x_wconf 85' lang='lat' dir='ltr'>Hector</span> <span class='ocrx_word' id='word_1_509' title='bbox 1422 2393 1530 2433; x_wconf 85' lang='lat' dir='ltr'>abest,</span> <span class='ocrx_word' id='word_1_510' title='bbox 1559 2393 1729 2427; x_wconf 83' lang='lat' dir='ltr'>ordinans</span> <span class='ocrx_word' id='word_1_511' title='bbox 1742 2389 1937 2425; x_wconf 84' lang='lat' dir='ltr'>Thracium</span> <span class='ocrx_word' id='word_1_512' title='bbox 1947 2389 1994 2436; x_wconf 77' lang='lat'>³⁰)</span> <span class='ocrx_word' id='word_1_513' title='bbox 2010 2388 2214 2424; x_wconf 85' lang='lat' dir='ltr'>exercitum.</span> 
     </span>
    </p>
   </div>
   <div class='ocr_carea' id='block_1_12' title="bbox 1224 2477 1424 2481">
    <p class='ocr_par' dir='ltr' id='par_1_36' title="bbox 1224 2477 1424 2481">
     <span class='ocr_line' id='line_1_98' title="bbox 1224 2477 1424 2481; baseline 0 0"><span class='ocrx_word' id='word_1_514' title='bbox 1224 2477 1424 2481; x_wconf 95' lang='lat' dir='ltr'> </span> 
     </span>
    </p>
   </div>
   <div class='ocr_carea' id='block_1_13' title="bbox 1254 2507 2213 2744">
    <p class='ocr_par' dir='ltr' id='par_1_37' title="bbox 1255 2507 2213 2575">
     <span class='ocr_line' id='line_1_99' title="bbox 1255 2507 2213 2543; baseline -0.007 -4"><span class='ocrx_word' id='word_1_515' title='bbox 1255 2516 1302 2543; x_wconf 82' lang='lat'>28)</span> <span class='ocrx_word' id='word_1_516' title='bbox 1323 2514 1429 2540; x_wconf 72' lang='lat' dir='ltr'>Dium]</span> <span class='ocrx_word' id='word_1_517' title='bbox 1462 2513 1502 2536; x_wconf 76' lang='lat' dir='ltr'>sic</span> <span class='ocrx_word' id='word_1_518' title='bbox 1528 2512 1611 2536; x_wconf 79' lang='lat' dir='ltr'>Editt.</span> <span class='ocrx_word' id='word_1_519' title='bbox 1634 2513 1736 2537; x_wconf 84' lang='lat' dir='ltr'>recent.</span> <span class='ocrx_word' id='word_1_520' title='bbox 1770 2517 1855 2542; x_wconf 79' lang='lat' dir='ltr'>aeque</span> <span class='ocrx_word' id='word_1_521' title='bbox 1884 2516 1916 2533; x_wconf 86' lang='lat' dir='ltr'>ac</span> <span class='ocrx_word' id='word_1_522' title='bbox 1940 2509 1988 2534; x_wconf 80' lang='lat' dir='ltr'>Ed.</span> <span class='ocrx_word' id='word_1_523' title='bbox 2012 2507 2095 2532; x_wconf 70' lang='lat' dir='ltr'>nasu.</span> <span class='ocrx_word' id='word_1_524' title='bbox 2123 2507 2213 2538; x_wconf 81' lang='lat'><strong>¹551.;</strong></span> 
     </span>
     <span class='ocr_line' id='line_1_100' title="bbox 1292 2548 1693 2575; baseline -0.007 -2"><span class='ocrx_word' id='word_1_525' title='bbox 1292 2549 1374 2574; x_wconf 76' lang='lat' dir='ltr'>Editt.</span> <span class='ocrx_word' id='word_1_526' title='bbox 1396 2549 1486 2575; x_wconf 75' lang='lat'>1558.,</span> <span class='ocrx_word' id='word_1_527' title='bbox 1509 2548 1582 2572; x_wconf 76' lang='lat'><strong>1562.</strong></span> <span class='ocrx_word' id='word_1_528' title='bbox 1605 2548 1693 2575; x_wconf 57' lang='lat' dir='ltr'>stass.</span> 
     </span>
    </p>

    <p class='ocr_par' dir='ltr' id='par_1_38' title="bbox 1255 2590 1680 2622">
     <span class='ocr_line' id='line_1_101' title="bbox 1255 2590 1680 2622; baseline -0.007 -5"><span class='ocrx_word' id='word_1_529' title='bbox 1255 2594 1302 2622; x_wconf 76' lang='lat'>29)</span> <span class='ocrx_word' id='word_1_530' title='bbox 1322 2593 1366 2620; x_wconf 85' lang='lat' dir='ltr'>ut]</span> <span class='ocrx_word' id='word_1_531' title='bbox 1386 2591 1414 2614; x_wconf 91' lang='lat' dir='ltr'>in</span> <span class='ocrx_word' id='word_1_532' title='bbox 1434 2591 1483 2614; x_wconf 74' lang='lat' dir='ltr'>Ed.</span> <span class='ocrx_word' id='word_1_533' title='bbox 1500 2590 1575 2614; x_wconf 70' lang='lat'>1552.</span> <span class='ocrx_word' id='word_1_534' title='bbox 1595 2590 1680 2614; x_wconf 80' lang='lat' dir='ltr'>deest.</span> 
     </span>
    </p>

    <p class='ocr_par' dir='ltr' id='par_1_39' title="bbox 1254 2625 2210 2697">
     <span class='ocr_line' id='line_1_102' title="bbox 1254 2625 2210 2666; baseline -0.006 -9"><span class='ocrx_word' id='word_1_535' title='bbox 1254 2635 1325 2666; x_wconf 73' lang='lat'>29⁸)</span> <span class='ocrx_word' id='word_1_536' title='bbox 1346 2635 1379 2658; x_wconf 75' lang='lat' dir='ltr'>Et</span> <span class='ocrx_word' id='word_1_537' title='bbox 1397 2633 1491 2661; x_wconf 61' lang='lat' dir='ltr'>mum]</span> <span class='ocrx_word' id='word_1_538' title='bbox 1511 2632 1552 2654; x_wconf 85' lang='lat' dir='ltr'>sic</span> <span class='ocrx_word' id='word_1_539' title='bbox 1570 2633 1689 2661; x_wconf 54' lang='lat' dir='ltr'>mongum,</span> <span class='ocrx_word' id='word_1_540' title='bbox 1715 2631 1772 2656; x_wconf 73' lang='lat' dir='ltr'>Fix.</span> <span class='ocrx_word' id='word_1_541' title='bbox 1794 2629 1840 2662; x_wconf 92' lang='lat'>(=</span> <span class='ocrx_word' id='word_1_542' title='bbox 1856 2629 1948 2659; x_wconf 74' lang='lat' dir='ltr'>Eut-ip.</span> <span class='ocrx_word' id='word_1_543' title='bbox 1967 2625 2094 2661; x_wconf 69' lang='grc' dir='ltr'><strong>Κάμοὶ);</strong></span> <span class='ocrx_word' id='word_1_544' title='bbox 2127 2627 2210 2652; x_wconf 82' lang='lat' dir='ltr'>Editt-</span> 
     </span>
     <span class='ocr_line' id='line_1_103' title="bbox 1291 2667 1596 2697; baseline -0.02 -3"><span class='ocrx_word' id='word_1_545' title='bbox 1291 2670 1385 2697; x_wconf 51' lang='lat'>1553„</span> <span class='ocrx_word' id='word_1_546' title='bbox 1407 2667 1479 2690; x_wconf 77' lang='lat'><strong>1562.</strong></span> <span class='ocrx_word' id='word_1_547' title='bbox 1499 2668 1533 2690; x_wconf 69' lang='lat' dir='ltr'>Et</span> <span class='ocrx_word' id='word_1_548' title='bbox 1554 2672 1596 2689; x_wconf 84' lang='lat' dir='ltr'>me</span> 
     </span>
    </p>

    <p class='ocr_par' dir='ltr' id='par_1_40' title="bbox 1255 2706 2210 2744">
     <span class='ocr_line' id='line_1_104' title="bbox 1255 2706 2210 2744; baseline -0.01 -7"><span class='ocrx_word' id='word_1_549' title='bbox 1255 2712 1302 2744; x_wconf 81' lang='lat'>30)</span> <span class='ocrx_word' id='word_1_550' title='bbox 1321 2710 1477 2738; x_wconf 82' lang='lat' dir='ltr'>Thracium]</span> <span class='ocrx_word' id='word_1_551' title='bbox 1492 2709 1532 2732; x_wconf 84' lang='lat' dir='ltr'>sic</span> <span class='ocrx_word' id='word_1_552' title='bbox 1543 2709 1624 2733; x_wconf 62' lang='lat' dir='ltr'>leuitt.</span> <span class='ocrx_word' id='word_1_553' title='bbox 1639 2708 1711 2732; x_wconf 77' lang='lat'>1558.</span> <span class='ocrx_word' id='word_1_554' title='bbox 1727 2708 1753 2731; x_wconf 76' lang='lat' dir='ltr'>et</span> <span class='ocrx_word' id='word_1_555' title='bbox 1766 2707 1898 2737; x_wconf 77' lang='lat' dir='ltr'>recentt.3</span> <span class='ocrx_word' id='word_1_556' title='bbox 1917 2706 1966 2730; x_wconf 82' lang='lat' dir='ltr'>Ed.</span> <span class='ocrx_word' id='word_1_557' title='bbox 1980 2706 2053 2731; x_wconf 78' lang='lat'>1562.</span> <span class='ocrx_word' id='word_1_558' title='bbox 2069 2706 2210 2734; x_wconf 48' lang='lat' dir='ltr'>Thracum.</span> 
     </span>
    </p>
   </div>
  </div>
 </body>
</html>
