2373 2980
216 87 289 125 859

264 176 364 212 Pati;
389 176 450 209 sed
468 182 614 220 propter
632 174 724 210 hanc
741 178 995 212 contumeliam
1010 191 1166 224 poenam

263 225 401 271 Inssiget
418 227 480 259 tibi
496 225 676 267 Bacchus,
699 241 804 274 quem
823 235 861 263 tu
878 227 969 263 nihil
986 242 1058 264 esse
1078 231 1177 266 dicis.
1227 241 1229 248 ⁴

265 278 339 313 Nos
355 277 449 311 enim
467 278 610 312 laedens
621 305 629 319 ,
647 279 747 313 illum
766 281 864 315 ducis
881 281 919 314 in
933 281 1086 317 vincula.

589 370 820 417 [Stropha]

262 435 359 470 Ghor.
384 432 532 468 Acheloi
551 435 636 475 filia,

208 485 285 521 520
308 485 521 518 Veneranda
543 486 644 530 virgo
661 487 780 529 Dirce,

258 536 316 569 Tu
332 536 369 569 in
388 536 456 570 tuis
474 537 632 572 fontibus

256 585 431 620 Infantem
448 586 541 622 [ovis
559 590 735 634 accepisti,

256 638 412 683 Quando
430 640 473 672 ad
491 640 607 674 femur
625 640 760 686 Iupiter
778 654 819 677 ex
835 643 958 678 divino
977 645 1056 689 igne

256 689 390 733 Rapuit
409 702 503 731 eum,

204 738 280 777 525
303 740 398 774 Haec
417 742 620 777 clamitans:

254 790 293 825 Io
311 790 562 837 Dithyrambe,
581 806 701 827 meum

253 843 452 877 Masculum
473 851 614 878 uterum
630 846 768 885 subeas,

253 893 449 928 Ostendam
466 901 512 935 te,

251 943 410 985 Bacche,
437 944 570 979 Thebis
587 946 850 982 celebrandum.

201 995 276 1030 530
302 996 360 1030 Tu
374 1009 458 1029 vero
476 1009 532 1030 me
543 1023 551 1036 ‚
581 1009 601 1029 o
616 997 720 1030 beata
736 997 856 1039 Dirce,

252 1048 452 1081 Coronatos
467 1047 609 1091 repellis

251 1098 381 1132 Coetus
398 1096 588 1131 habentem
608 1099 646 1131 in
664 1104 708 1133 te.

250 1150 373 1194 Quare
390 1162 446 1183 me
464 1149 691 1194 aspernaris?
713 1161 823 1196 quare
840 1163 897 1184 me
915 1151 1028 1197 fugis?

249 1199 421 1240 Posthac,
448 1213 511 1245 per
528 1201 754 1246 racemosiffl)

198 1250 273 1286 535
297 1252 462 1297 Dionysii
483 1252 626 1286 delicias
643 1252 737 1293 vitis,

249 1304 333 1337 Tibi
350 1303 490 1337 Bromii
507 1316 590 1337 cura
609 1303 686 1338 erit.

524 1388 861 1435 [Antistroplze]

248 1457 399 1502 Qualem
416 1456 508 1489 iram

246 1507 412 1542 Ostendit
430 1519 470 1540 ex
486 1514 580 1540 terra

250 1559 364 1594 Natus
381 1571 422 1591 ex
442 1559 598 1591 dracone

192 1611 268 1647 540
293 1608 491 1649 Pentheus,
519 1622 625 1655 quem
641 1607 780 1643 Echion

244 1661 377 1696 Genuit
392 1667 485 1694 terra
504 1661 630 1700 editus,

243 1712 401 1746 Immane
419 1719 633 1752 monstrum,

242 1765 324 1799 Non
343 1762 528 1796 hominem
546 1763 748 1802 mortalem,

243 1816 310 1848 Sed
329 1813 529 1848 homicidae
547 1815 659 1848 instar
676 1814 827 1858 gigantis

192 1865 267 1902 545
284 1867 509 1911 Pugnantem
526 1878 604 1899 cum
622 1865 718 1903 Diis;

242 1918 314 1963 Qui
330 1930 386 1951 me
406 1917 542 1962 laqueis
559 1917 724 1950 ancillam

239 1969 379 2002 Bromii
397 1969 465 2001 cito
485 1968 620 2012 ligabit.

243 2021 363 2054 Meum
383 2021 478 2053 intus
497 2017 604 2052 habet

241 2071 280 2105 ln
298 2072 407 2104 domo
427 2069 527 2104 chori
545 2072 743 2110 ductorem,

240 2123 410 2156 Abditum
428 2122 466 2155 in
480 2122 701 2156 tenebricoso
718 2133 870 2161 carcere,

190 2174 264 2210 550
288 2174 396 2208 Vides
411 2172 516 2214 haec,
544 2186 564 2206 o
581 2172 674 2207 Iovis
693 2173 753 2213 fili,

242 2224 378 2258 Bacche
390 2253 398 2265 ,
424 2232 503 2259 tuos
520 2222 776 2272 Prophetas³⁵)

243 2276 279 2309 ln
299 2277 492 2310 certamine
508 2276 658 2321 periculi
675 2275 850 2309 extremi?

241 2328 331 2361 Veni
349 2340 457 2361 aureo
474 2328 574 2361 uiltu
592 2327 755 2374 quatiens

240 2377 420 2424 Thyrsum
437 2391 501 2423 per
517 2379 726 2424 Olympum,

189 2429 263 2465 555
290 2430 336 2463 Et
353 2429 476 2463 cohibe
494 2430 729 2475 petulantiam
748 2431 844 2464 saevi
862 2430 942 2464 viri.

223 2564 268 2595 34)
290 2562 436 2595 raccinosi]
455 2564 495 2587 sic
511 2564 592 2587 Editt.
612 2565 695 2595 1558,,
715 2564 804 2594 1562.;
824 2563 907 2587 Editt.
926 2566 1027 2588 recent.
1047 2565 1094 2593 (=
1108 2564 1174 2588 text.

256 2600 312 2629 gr.)
331 2604 496 2622 racemosa&

220 2633 268 2663 35)
289 2635 350 2656 tuos
377 2631 537 2664 prophetas]
563 2632 602 2655 sic
624 2633 709 2657 Erlitt,
730 2633 822 2664 1558,
844 2633 918 2657 1562.
946 2633 992 2665 (=
1009 2633 1104 2663 Eun-ip.
1123 2634 1173 2659 Ed.

258 2667 315 2690 Fix.
335 2666 400 2694 σούς
418 2664 594 2698 προιμζτας);
613 2668 712 2696 Bam,
730 2668 835 2697 Musgr.
855 2670 955 2698 (aeque
974 2674 1008 2693 ac
1026 2669 1075 2692 Ed.
1092 2669 1173 2693 Basa.

259 2702 348 2727 1551.)
368 2700 419 2728 σιὶς
437 2699 582 2734 προφήτας
601 2715 633 2718 -
651 2704 714 2725 tuas
737 2703 907 2727 sacerdotes.

794 91 917 128 PHIL.
953 91 1066 128 MEL.
1097 93 1298 130 SCRIPTA
1331 95 1670 135 PHILOLOGICA.

2170 109 2245 144 860

1631 183 1857 235 [Βρομίαις]

1227 210 1230 239 Ι

1226 252 1230 288 Ι
1304 250 1396 286 Nam
1414 252 1458 284 ad
1475 251 1639 296 Nyssam,

1225 292 1229 330 Ι
1303 301 1475 335 Ferarum
1496 302 1655 336 altricem
1667 329 1677 343 ,
1704 302 1865 350 thyrsum
1880 308 1996 343 serens

1223 333 1228 469 Ι
1302 353 1387 396 Agis
1410 351 1579 394 chorum,
1603 366 1623 387 o
1639 354 1798 397 Bacche,
1823 364 1884 392 aut

1302 401 1342 435 In
1363 403 1514 449 Corycio
1533 405 1676 446 vertice,

1223 474 1226 499 ς
1251 451 1326 488 560
1347 454 1421 488 Aut
1436 456 1595 490 fortassis
1612 456 1649 489 in
1666 457 1814 503 Olympi
1830 461 2057 505 sylvestribus

1301 503 1506 547 Thalamis,
1534 507 1595 540 ubi
1614 507 1807 554 aliquando

1220 507 1226 620 Ι
1300 555 1467 601 Orpheus
1486 556 1621 592 cithara
1639 559 1764 595 ludens

1220 639 1223 651 ὁ
1301 607 1551 652 Congregabat
1567 610 1712 645 arbores

1220 657 1222 704 ᾗ
1298 657 1436 699 Cantu,
1461 662 1701 705 congregabat
1718 663 1809 697 feras
1826 664 1967 700 bestias.

1219 709 1222 715 ’
1245 706 1322 743 565
1349 709 1382 743 O
1400 711 1523 744 divina
1539 711 1672 753 Pieria,

1298 760 1393 794 Colit
1409 768 1441 795 te
1458 761 1620 797 Bacchus

1296 811 1343 846 Et
1359 812 1477 846 veniet
1492 814 1662 848 ducturus
1679 812 1807 850 choros

1216 878 1220 915 Ι
1296 862 1386 948 gum
1403 862 1709 900 bacchationibus.

1217 920 1220 940 Ι
1326 914 1454 948 elerem
1470 928 1556 949 vero

1215 943 1220 1062 1
1243 963 1318 1000 570
1343 966 1538 1000 Transiens
1554 968 1698 1008 Axium,

1294 1015 1410 1049 Ducet
1418 1016 1464 1061 ³⁶)
1482 1017 1631 1062 agitatas
1648 1019 1841 1053 Maenades

1292 1067 1363 1100 Per
1376 1066 1527 1112 Lydiam
1539 1095 1548 1108 ,
1570 1070 1746 1103 felicitatis

1214 1079 1218 1163 Ι
1292 1117 1506 1152 Mortalibus
1519 1120 1726 1163 largitorem
1742 1128 1776 1154 et
1792 1128 1990 1165 parentem,

1212 1171 1217 1257 l
1292 1169 1409 1214 Quem
1426 1170 1547 1203 audivi
1562 1178 1761 1216 equestrem
1776 1173 1959 1215 regionem
1976 1174 2076 1218 aquis

1212 1261 1215 1267 Ι
1240 1218 1315 1254 575
1341 1220 1616 1265 Limpidissimis
1632 1223 1760 1266 rigare.

1211 1275 1215 1298 Ι
1289 1274 1374 1306 Bac.
1401 1270 1459 1312 Io,
1486 1272 1606 1306 audite
1625 1285 1741 1307 meam
1759 1286 1902 1307 vocem:

1211 1301 1215 1360 Ι
1289 1321 1327 1356 Io
1344 1320 1518 1357 Bacchae.

1210 1362 1215 1446 ΙΙ
1289 1375 1388 1408 Ghor.
1417 1374 1505 1419 Quis
1523 1372 1606 1407 hie?
1629 1375 1732 1420 quis?
1759 1376 1863 1410 Unde
1879 1375 2015 1410 sonitus

1210 1500 1213 1516 Ι

1207 1518 1213 1661 Ι

1287 1422 1420 1457 Bacchi
1437 1431 1542 1457 vocat
1557 1425 1637 1458 me?

1237 1473 1312 1509 580
1334 1477 1417 1509 Bac.
1440 1474 1477 1508 Io
1497 1475 1628 1509 iterum
1647 1488 1750 1516 voco,

1287 1526 1442 1561 Semeles
1458 1525 1622 1572 Iovisque
1639 1527 1744 1561 filius.

1288 1579 1386 1612 Ghor.
1412 1577 1449 1610 Io
1469 1578 1626 1617 domine,

1286 1628 1417 1662 Venias
1435 1640 1530 1661 nunc
1549 1630 1594 1661 ad
1610 1634 1774 1662 nostrum
1794 1625 1957 1668 chorum,

1286 1679 1319 1712 O
1335 1679 1493 1713 Bromie.

1234 1726 1309 1764 585
1332 1723 1455 1764 Solum
1474 1737 1590 1763 terrae
1608 1730 1849 1763 commotione
1865 1742 1964 1765 sacra
1982 1731 2206 1780 quatitur3's).
2340 1726 2347 1790 'f

1286 1781 1354 1815 Hei
1370 1794 1454 1815 mox
1470 1779 1622 1815 Penthei
1639 1783 1766 1815 domus
2345 1777 2347 1797 ³

1286 1833 1518 1867 Concutietur
1534 1832 1658 1866 ruinis.

1283 1882 1445 1918 Bacchus
1459 1890 1512 1918 est
1526 1884 1563 1916 in
1579 1885 1700 1923 domo,

1284 1935 1399 1969 Colite
1419 1936 1547 1980 ipsum.

1232 1983 1308 2021 590
1329 1988 1475 2022 Semich.
1503 1986 1681 2023 Colimus;
1708 1997 1728 2017 o

1281 2039 1409 2072 Videte
1426 2038 1584 2082 lapideos
1603 2048 1732 2070 cuneos
1749 2036 1999 2070 columnarum

1203 2099 1206 2124 Ι
1282 2090 1513 2123 Trementes:

1203 2133 1206 2172 Ι
1280 2141 1450 2175 Bromius
1467 2140 1643 2174 concussit
1656 2141 1803 2174 domum
1821 2140 1926 2174 intus.

1280 2194 1428 2227 Semich.
1459 2191 1610 2225 Incende
1636 2192 1843 2225 fulmineam
1864 2192 2072 2235 flagrantem
2092 2190 2216 2232 facem,

1231 2242 1305 2279 595
1329 2244 1507 2277 Combure
1525 2244 1671 2276 domum
1690 2241 1853 2276 Penthei.

1280 2296 1426 2331 Semvz'ch.
1452 2294 1535 2329 Non
1553 2294 1650 2328 vides
1666 2294 1782 2338 ignem
1795 2320 1804 2334 ‚
1828 2306 1943 2339 neque
1963 2295 2076 2328 cernis

1282 2347 1383 2381 Circa
1401 2358 1540 2380 sacrum
1559 2343 1784 2390 sepulchrum
1804 2345 1969 2385 Semeles,

1280 2398 1395 2443 Quam
1416 2398 1500 2431 olim
1518 2397 1729 2431 fulmineum

1296 2590 1371 2614 1562.
1390 2589 1476 2613 Ducit.

1260 2634 1309 2661 37)
1328 2632 1422 2656 Solum
1439 2644 1474 2649 -
1493 2630 1636 2663 quatitur]
1662 2632 1703 2656 sic
1721 2632 1836 2662 scripsi;
1855 2631 1938 2657 Editt.
1954 2633 2041 2663 1558„
2062 2633 2136 2658 1562.
2155 2634 2209 2658 So-

1294 2669 1349 2691 lum
1368 2679 1402 2683 —
1421 2663 1530 2695 quatit?
1561 2667 1681 2696 Musgr.:
1714 2667 1806 2690 solum
1833 2668 1927 2690 terrae
1959 2668 2161 2698 contremiscit,
2192 2673 2208 2693 ο

1295 2701 1382 2731 Diva:
1403 2701 1478 2725 Fix.:
1498 2700 1557 2724 soli
1575 2702 1667 2724 terrae
1680 2701 1823 2725 concussio
1842 2701 1937 2725 sacra!

1260 2555 1308 2586 36)
1332 2556 1430 2583 nucet]
1451 2555 1492 2578 sie
1512 2554 1557 2585 (z
1571 2555 1665 2584 Eurip.
1680 2552 1750 2587 ἄξει)
1770 2554 1852 2579 Εαῑιι.
1871 2554 1945 2578 1558.
1966 2556 1992 2578 et
2011 2557 2142 2587 recentt.;
2160 2557 2209 2583 Ed.
2322 2551 2333 2751 Ι
