2373 2980
222 108 271 143 23

224 204 394 237 corpore,
431 205 580 237 quarum
606 192 723 224 media
751 193 899 225 rutilans
923 198 955 224 et
981 191 1131 225 lucidior
1157 205 1218 225 vo-

224 251 324 277 catur
359 241 538 288 (it‘rcipttg,
584 244 734 275 Martem
771 249 803 275 et
831 241 995 276 nonnihil
1017 242 1135 276 lovem
1165 256 1217 276 re—

223 297 357 328 ferunt:
388 307 476 339 quae
495 307 577 327 xero
595 301 674 327 sunt
695 295 728 325 in
749 295 894 328 nexibus
918 296 1069 334 caudae,
1098 295 1217 327 Satur·

224 347 331 379 ninae
356 352 435 378 sunt
465 352 495 377 et
522 343 685 377 nonnihil
705 345 897 379 Venereae.

224 399 278 430 leo
298 396 513 429 Mercurium
534 403 565 428 ct
583 396 734 429 Martem
754 398 923 430 referunt.
976 396 1035 430 llle
1056 410 1138 429 vero
1158 410 1217 441 gy-

225 461 284 482 rus
302 447 510 483 nebulosus.
540 447 689 480 Martius
705 454 736 480 et
757 447 908 481 Lunaris
928 455 987 482 cst.

950 346 1049 379 Aliae
1079 346 1112 378 in
1138 358 1218 379 acu-

327 506 453 539 Stellae
481 505 682 549 Sagittarii,
719 520 809 551 quae
832 514 913 540 sunt
940 507 973 539 iu
998 507 1139 551 cuspide
1167 520 1218 540 sa-

225 558 350 602 gittae,
388 557 539 589 Martiae
563 564 643 590 sunt
674 564 706 590 et
734 558 901 591 Lunares.
972 557 1011 590 ln
1046 571 1149 596 arcu,
1187 564 1220 590 et

226 622 264 641 ea
284 607 382 641 nervi
401 614 518 651 parte,
546 621 636 653 quae
656 621 761 641 manu
789 607 1041 652 prehenditur,
1070 608 1162 642 lovis
1187 614 1221 641 et

228 659 354 692 Martis
371 665 537 691 naturam
561 660 729 693 referunt.
772 660 888 703 Cyrus
909 660 943 691 iu
962 661 1060 699 l'acie,
1088 660 1220 692 Solaris

226 718 259 743 et
275 710 426 743 Martius
453 716 514 743 est.
567 711 666 743 Aliae
687 711 721 742 iu
738 711 842 743 fascia
863 717 896 742 et
913 711 1019 744 dorso
1033 738 1041 750 ,
1072 710 1163 744 lovis
1188 717 1222 743 et

226 761 395 794 Mercurii
415 767 578 793 naturam
599 763 767 794 referunt.
811 762 912 794 Aliae
931 762 965 794 in
984 763 1149 806 pedibus,
1178 763 1220 794 ad

227 812 320 846 lovis
340 819 370 844 et
390 812 532 844 Saturni
551 819 714 845 naturam
735 814 917 846 accedunt.
954 813 1082 858 Figura
1103 820 1220 846 autem

228 870 383 910 quatuor
409 863 558 895 laterum
586 864 620 895 in
647 865 778 899 cauda,
825 863 983 897 Venerea
1018 871 1069 897 est
1097 871 1131 898 et
1161 865 1223 897 ali-

231 914 442 961 quantulum
463 914 667 949 Saturnina.

332 974 460 1007 Stellae
478 974 513 1007 in
525 975 734 1018 Capricorni
751 976 929 1015 cornibus,
948 975 1129 1008 venereae
1143 982 1225 1009 sunt

231 1033 265 1060 ct
285 1026 545 1070 aliquantulum
566 1026 735 1065 Martiae3
765 1027 799 1059 in
821 1039 894 1065 ore,
912 1027 1126 1060 Saturninae
1143 1032 1225 1060 sunt

230 1085 263 1110 et
282 1077 541 1121 aliquantulum
561 1077 758 1113 Veneri-am
796 1078 831 1110 in
857 1078 1004 1121 pedibus
1033 1084 1066 1111 et
1090 1084 1224 1117 ventre,

231 1128 385 1161 Martiae
413 1135 446 1160 et
471 1128 717 1167 Mercuriales3
755 1129 789 1161 iu
812 1130 943 1169 cauda,
972 1129 1165 1162 Saturnum
1193 1135 1225 1161 et

230 1178 350 1213 lovem
369 1179 537 1212 referunt.

336 1238 463 1271 Stellae
483 1239 631 1283 Aquarii
652 1239 686 1271 in
704 1237 880 1277 humeris,
908 1251 1016 1271 manu
1033 1238 1173 1272 sinistra
1194 1244 1227 1270 et

234 1297 348 1328 veste,
385 1289 600 1322 Saturninae
631 1296 713 1322 sunt
749 1296 779 1322 et
805 1290 1045 1323 Mercuriales.
1116 1288 1155 1321 In
1179 1290 1227 1321 se-

233 1341 413 1380 moribus,
458 1342 569 1383 magis
596 1341 824 1374 Mercuriales
851 1347 952 1380 sunt,
995 1341 1114 1374 minus
1142 1352 1226 1372 vero

234 1391 460 1426 Saturninae.
527 1390 567 1424 ln
591 1392 701 1425 efl'uso
728 1392 851 1431 latice,
889 1391 1084 1425 Saturnum
1110 1397 1144 1423 et
1166 1391 1228 1423 ali-

235 1443 447 1489 quantulum
464 1441 582 1475 on-em
601 1444 771 1476 referunt.

338 1502 465 1535 Stellae
486 1501 522 1533 in
540 1502 652 1545 capite
668 1502 777 1535 Piscis
797 1501 972 1541 australis,
1000 1500 1230 1534 Mercuriales

237 1560 271 1586 et
295 1553 555 1598 aliquantulum
583 1553 809 1586 Saturninae.
870 1551 909 1585 In
935 1565 1103 1596 corpore,
1138 1551 1230 1585 Iovis

238 1611 273 1638 et
288 1603 457 1637 Mercurii
475 1610 640 1636 naturam
660 1606 835 1641 reserunt;
864 1604 900 1636 in
919 1605 1029 1636 cauda
1054 1611 1087 1635 et
1109 1603 1144 1635 in
1171 1605 1230 1636 filo

237 1655 385 1689 australi
410 1656 454 1688 ad
470 1654 661 1688 Saturnum
687 1662 719 1689 et
745 1655 1004 1700 aliquantulum
1031 1656 1072 1687 ad
1093 1654 1232 1687 Mercu-

237 1707 333 1740 rium
359 1708 542 1739 accedunt.
608 1705 647 1739 In
676 1719 825 1751 corpore
855 1713 888 1739 ct
912 1707 1013 1750 spina
1038 1706 1148 1739 Piscis
1171 1707 1234 1738 bo-

239 1757 356 1797 realis,
372 1757 524 1790 Martiae
542 1764 623 1790 sunt
638 1764 670 1790 et
688 1758 947 1803 aliquantulum
961 1757 1153 1791 Venereae.
1194 1755 1233 1789 In

238 1810 298 1842 fito
320 1809 457 1841 boreali
473 1809 644 1841 accedunt
659 1810 701 1840 ad
721 1809 865 1842 Saturni
886 1815 919 1841 et
935 1808 1029 1841 lovis
1054 1815 1233 1841 naturam.

238 1859 373 1893 Lucida
407 1859 443 1892 in
476 1861 592 1899 nodo,
633 1860 764 1892 Martia
802 1866 851 1893 est
887 1866 920 1892 et
950 1857 1117 1892 nonnihil
1141 1859 1235 1892 Mer-

241 1910 394 1945 curialis.

343 1968 383 2002 In
408 1969 552 2012 regione
576 1970 846 2013 septentrionali
867 1970 1014 2002 Zodiaci
1037 1969 1174 2003 lucidae
1200 1969 1236 2002 in

241 2021 333 2055 Ursa
360 2021 519 2060 minore,
559 2020 773 2054 Saturninae
805 2028 887 2054 sunt
915 2027 949 2054 et
976 2019 1142 2054 nonnihil
1169 2020 1237 2054 Ve-

242 2084 384 2105 nereae.
444 2072 572 2104 Stellae
598 2072 633 2104 in
663 2072 751 2105 Ursa
779 2073 934 2112 maiore,
962 2072 1118 2105 Martiae
1144 2078 1236 2106 sunt.

243 2124 315 2157 Sub
334 2123 445 2156 cauda
465 2121 568 2155 huius
587 2123 696 2156 Coma
714 2123 920 2163 Berenices,
948 2123 1102 2156 Lunaris
1119 2130 1152 2156 et
1169 2123 1236 2155 Ve-

244 2187 349 2207 nerea
375 2181 436 2207 est.
499 2173 674 2208 Draconis
699 2175 818 2207 stellae
843 2175 1049 2213 lucidiores,
1077 2174 1238 2207 Saturni-

244 2237 333 2264 nae,
369 2224 521 2258 Martiae
547 2231 580 2257 et
604 2224 754 2259 Ioviales
778 2233 871 2259 sunt.
931 2224 1083 2269 Cephei,
1116 2226 1238 2258 Satur-

245 2276 352 2308 ninae
371 2282 403 2308 et
420 2275 581 2310 Ioviales.
635 2277 771 2309 Bootae
784 2303 792 2316 ,
820 2276 1050 2310 Mercuriales
1069 2282 1102 2309 et
1117 2277 1239 2309 Satur-

246 2327 366 2360 ninae.
420 2326 552 2359 Lucida
573 2334 606 2360 et
623 2328 728 2361 rutila
741 2355 750 2368 ,
782 2340 873 2373 quae
890 2334 1038 2361 vocatur
1054 2329 1239 2367 Arcturus,

246 2377 390 2411 Iovialis
408 2384 458 2410 est
480 2383 513 2410 et
531 2378 718 2413 Martialis.

353 2436 493 2470 Corona
512 2438 798 2480 septentrionalis
811 2465 820 2477 ,
849 2438 1006 2471 Venerea
1028 2444 1079 2471 est
1097 2444 1130 2471 et
1146 2437 1241 2470 Mer—

250 2487 402 2522 curialis.
457 2488 709 2528 Genicnlator,
737 2489 970 2524 Mercurialis.
1032 2488 1147 2534 Lyra,
1174 2488 1241 2521 Ve-

249 2551 358 2572 nerea
391 2545 442 2572 est
475 2545 508 2572 et
538 2538 771 2573 Mercurialis.
851 2540 992 2573 Gallina
1011 2567 1020 2581 ‚
1069 2540 1241 2573 similiter.

251 2590 460 2634 Cassiopea,
500 2590 691 2623 Saturnina
714 2597 765 2624 est
789 2596 822 2623 et
843 2591 1015 2625 Venerea.
1081 2591 1243 2630 Perseus,

250 2640 393 2674 Iovialis
427 2647 461 2674 et
485 2640 710 2676 Saturninus.
779 2641 896 2687 Gyrus
928 2643 963 2675 in
987 2643 1113 2687 capulo
1140 2641 1243 2682 ensis,

252 2692 404 2726 Martius
428 2698 460 2726 et
478 2692 710 2727 Mercurialis.

794 106 916 141 PHlL.
953 105 1064 140 MEL.
1100 103 1299 140 SCRIPTA
1334 103 1672 139 PHILOLOGICA.

2211 103 2262 140 24

1374 189 1414 223 In
1437 190 1570 233 Auriga
1595 190 1803 229 lucidiores,
1837 189 1988 223 Martiae
2014 197 2047 223 ct
2071 190 2266 224 Mercuria-

1393 242 1633 286 Serpeutarii,
1669 241 1884 274 Saturninae
1909 247 1990 274 sunt
2015 249 2047 274 et
2072 242 2264 275 Venereae.

1271 294 1423 336 Serpens
1456 306 1539 325 vero
1573 293 1666 336 ipse,
1708 292 1920 325 Saturninus
1953 299 1985 324 et
2018 293 2169 326 Martius
2203 299 2265 326 est.

1272 344 1426 385 Sagitta,
1454 343 1584 375 Blartia
1606 350 1655 376 est
1676 349 1708 375 et
1723 341 1885 375 nonnihil
1904 342 2075 377 Venerea.

1273 394 1402 427 Martia
1422 401 1472 428 cst
1494 401 1527 426 et
1544 393 1696 427 lovialis.

1273 445 1435 478 Martius.

1272 243 1331 275 les.

2122 344 2265 389 Aquila,

1750 391 1967 438 Delphinus,
1995 394 2207 428 Saturninus
2232 400 2266 427 et

1496 444 1703 478 Lucidiores
1722 445 1841 478 stellae
1859 445 1970 490 Equi,
2006 445 2157 479 Martiae
2185 451 2266 479 sunt

1273 503 1305 529 et
1320 495 1560 529 Mercuriales.
1595 497 1836 535 Andromede,
1865 496 2024 528 Yenerea
2046 503 2107 530 est.
2150 497 2266 537 Delta,

1276 547 1489 580 Mercuriale
1514 554 1576 580 est.

1375 596 1415 630 ln
1432 598 1576 641 regione
1595 597 1751 631 australi.
1785 596 1824 629 ln
1841 597 1951 630 Piscis
1969 597 2131 631 australis
2149 603 2265 631 rostro

1275 648 1388 681 lucida
1417 650 1537 688 stella,
1575 655 1625 682 est
1653 648 1810 681 Yenerea
1838 655 1871 680 et
1896 648 2129 682 Mercurialis.
2190 647 2268 681 Ceti

1274 699 1413 739 stellae,
1441 700 1655 733 Saturninae
1674 706 1766 733 sunt.
1819 699 1964 732 Orionis
1986 697 2144 738 humeri,
2172 699 2269 732 Mar-

1276 751 1315 782 tii
1334 757 1366 783 et
1383 751 1623 784 Mercuriales.
1678 750 1849 795 Reliquae
1877 750 1950 783 eius
1977 751 2095 783 stellae
2122 750 2270 782 lucidio-

1276 814 1351 840 res,
1392 801 1541 835 loviales
1567 808 1649 835 sunt
1676 808 1710 834 et
1733 801 1958 835 Saturninae.
2026 801 2191 834 Extrema
2217 802 2270 835 lu-

1277 853 1352 885 cida
1371 853 1542 893 Eridani,
1577 852 1737 890 lovialis;
1773 858 1807 884 et
1828 853 1986 897 reliquae
2012 859 2093 886 sunt
2109 852 2270 885 Saturni-

1277 916 1354 936 nae.
1408 903 1542 948 Lepus,
1571 910 1621 937 est
1640 903 1872 936 Mercurialis.
1928 903 2052 943 Canis,
2077 903 2270 937 venereus.

1278 955 1388 988 Sirius
1408 955 1442 987 iu
1464 962 1581 988 rostro
1600 956 1755 998 fulgens,
1783 954 1924 988 Iovialis
1942 961 1975 986 et,
1991 953 2156 988 nonnihil
2173 955 2270 987 Mar-

1279 1006 1358 1040 tius.
1410 1006 1523 1050 Hydri
1547 1006 1748 1046 lucidiores,
1776 1006 1989 1039 Saturninae
2007 1012 2090 1039 sunt
2108 1011 2142 1038 et
2156 1005 2272 1038 Vene-

1278 1069 1370 1090 reae.
1432 1058 1576 1096 Crater,
1613 1057 1790 1090 Venereus
1815 1063 1865 1089 est
1888 1063 1921 1088 et
1944 1055 2108 1089 nonnihil
2131 1056 2272 1089 Mercu-

1279 1108 1387 1141 rialis.
1452 1108 1608 1147 Corvus,
1645 1108 1795 1140 Martius
1822 1113 1871 1139 est
1895 1113 1928 1139 et
1955 1107 2179 1141 Satin-ninus.
2232 1105 2273 1139 In

1279 1159 1374 1201 Argo
1393 1159 1475 1190 navi
1495 1158 1703 1197 lucidiores,
1732 1159 1945 1190 Saturninae
1962 1164 1995 1191 et
2012 1158 2171 1192 loviales.
2232 1157 2273 1190 In

1281 1209 1461 1242 Centauro
1477 1207 1632 1241 humana
1650 1210 1773 1251 ligura,
1801 1208 1960 1240 Venerea
1980 1215 2013 1241 et
2030 1208 2272 1246 Mercurialis;

1281 1260 1431 1305 equinae
1453 1261 1584 1303 figurae
1608 1260 1815 1299 lucidiores,
1855 1265 1936 1292 sunt
1958 1259 2139 1292 Vener-eae
2162 1265 2195 1292 et
2218 1259 2274 1292 lo-

1282 1312 1402 1344 viales.
1462 1310 1669 1344 Lucidiores
1686 1311 1722 1342 in
1741 1310 1863 1353 Lupe,
1891 1310 2106 1343 Saturninae
2131 1315 2213 1344 sunt
2241 1316 2276 1343 et

1281 1360 1446 1394 nonnihil
1464 1362 1627 1394 Martiae.
1680 1362 1770 1400 Ara,
1794 1360 1953 1393 Vcnerea
1975 1368 2025 1394 est
2052 1368 2085 1394 et
2109 1360 2276 1394 nonnihil

1282 1412 1486 1446 Saturnina.
1539 1411 1579 1444 ln
1596 1424 1728 1444 corona
1755 1412 1901 1445 australi
1922 1412 2128 1452 lucidiores,
2154 1412 2277 1446 Satur-

1283 1464 1388 1496 ninae
1407 1469 1441 1496 et
1458 1463 1700 1496 Mercuriales.

1344 1551 1398 1582 De
1425 1550 1509 1582 (ιηηῖ
1535 1548 1756 1591 temporibus,
1792 1552 1822 1580 et
1848 1552 1990 1593 quatuor
2017 1549 2217 1591 angulorum

1712 1603 1849 1631 matura.

1388 1668 1504 1712 Atque
1522 1664 1588 1699 hae
1606 1672 1687 1699 sunt
1709 1666 1889 1698 stellarum
1908 1665 2074 1710 propriae
2100 1666 2212 1707 vires,
2241 1673 2281 1701 ut

1288 1732 1305 1752 a
1325 1719 1503 1751 veteribus
1520 1718 1728 1750 observatae
1751 1723 1843 1750 sunt.
1905 1716 2171 1750 Consideranda
2199 1724 2282 1751 sunt

1288 1776 1406 1804 autem
1432 1776 1466 1802 et
1489 1769 1575 1801 anni
1600 1775 1779 1811 tempora:
1816 1779 1898 1808 ver,
1926 1774 2059 1809 aestas,
2088 1775 2281 1803 autumnus

1290 1829 1323 1855 et
1341 1820 1465 1854 hiems.

1389 1871 1430 1904 In
1450 1882 1530 1903 vere
1547 1870 1705 1902 abundat
1728 1866 1939 1908 humiditas,
1974 1869 2056 1914 quia
2081 1870 2197 1904 soluto
2219 1871 2281 1904 sri-

1290 1936 1374 1968 gore
1402 1921 1555 1955 diffundi
1573 1932 1633 1953 aer
1654 1920 1770 1952 calore
1791 1920 1926 1964 incipit.

1393 1975 1517 2007 Aestas
1533 1971 1681 2005 calidior
1700 1977 1768 2011 est,
1797 1972 1878 2016 quia
1898 1972 1958 2005 Sol
1974 1971 2122 2015 propius
2141 1973 2185 2005 ad
2204 1985 2281 2006 ver-

1292 2026 1396 2060 ticem
1415 2031 1577 2060 nostrum
1599 2022 1743 2055 accedit.

1392 2076 1594 2109 Autumnus
1617 2073 1742 2107 siccior
1763 2079 1833 2113 est,
1867 2072 1948 2118 quia
1975 2080 2121 2117 propter
2146 2081 2282 2108 aestum

1292 2127 1522 2174 praeteritum
1542 2122 1730 2158 exhaustae
1748 2130 1829 2157 sunt
1845 2121 2085 2158 humiditates.

1393 2179 1514 2211 Hiems
1531 2176 1695 2219 frigidior
1711 2182 1779 2214 est,
1812 2175 1893 2220 quia
1917 2182 1989 2208 tuin
2016 2188 2034 2208 a
2060 2176 2190 2209 vertice
2215 2189 2282 2210 no-

1291 2237 1364 2264 stro
1382 2230 1443 2263 Sol
1460 2228 1664 2271 longissime
1682 2227 1799 2260 distat.

1396 2281 1624 2325 Quamquam
1650 2285 1766 2311 autem
1790 2276 1953 2320 Signiferi
1980 2277 2117 2310 nullum
2142 2284 2193 2311 est
2217 2278 2283 2311 ini-

1293 2332 1401 2372 tium,
1429 2344 1506 2364 cum
1524 2331 1568 2364 sit
1590 2329 1758 2369 circulus,
1787 2328 2044 2361 constituerunt
2068 2335 2187 2362 tamen
2212 2330 2287 2374 pri-

1293 2396 1390 2417 mum
1416 2383 1554 2426 signum
1578 2381 1754 2421 Arietem,
1788 2379 1824 2411 in
1848 2392 1917 2424 quo
1942 2379 2206 2424 aequinoctium
2234 2387 2286 2414 est

1293 2446 1460 2467 vernum:
1491 2439 1529 2466 ut
1551 2431 1735 2465 humidam
1760 2431 1851 2464 veris
1876 2436 2040 2462 naturam
2067 2438 2238 2476 tanquam
2264 2443 2284 2464 a

1293 2485 1376 2518 vivo
1394 2485 1575 2517 animante
1597 2481 1824 2521 inchoarent,
1853 2482 2018 2525 deinceps
2043 2494 2284 2515 annumeran-

1296 2543 1345 2570 tes
1366 2536 1490 2581 aliqua¹
1508 2535 1592 2568 anni
1612 2541 1786 2578 tempora.
1845 2532 1973 2566 Omnia
2003 2533 2286 2566 eninraniman·

1295 2587 1342 2621 tia
1362 2588 1478 2632 prima
1496 2593 1629 2626 aetate,
1664 2587 1747 2619 dum
1773 2591 1892 2618 tenera
1917 2590 1998 2617 sunt
2022 2590 2056 2616 et
2078 2584 2220 2625 mollia,
2246 2590 2287 2618 ut

1296 2650 1376 2679 ver,
1404 2636 1555 2671 humore
1571 2638 1764 2670 abundant.
1817 2635 1954 2668 Deinde
1977 2636 2129 2669 secunda
2157 2641 2286 2676 aetate,

1297 2690 1409 2722 donec
1446 2695 1567 2722 manet
1601 2689 1720 2733 vigor,
1765 2687 1876 2731 magis
1911 2687 2041 2720 calent:
2087 2693 2126 2720 ut
2162 2692 2295 2721 aestas..
