2373 2980
165 195 211 228 Et
226 194 545 239 Clytaemnestram
558 219 566 232 ,
595 193 702 225 filiam
722 192 924 237 Tyndarei,

166 245 358 283 Quomodo
377 256 418 277 ex
435 245 573 288 magnis
592 251 697 277 natae
715 251 816 284 sunt,

113 319 134 330 υ
172 301 197 330 Α
237 315 260 328 ,ι
273 295 423 328 veniunt
438 297 479 327 ad
500 308 667 340 magnam
688 295 925 328 calamitatem
936 293 995 340 Π).

161 346 222 380 Dii
238 352 322 380 sunt
336 353 518 391 potentes,
547 354 581 380 et
596 347 656 392 qui
673 347 873 391 largiuntur
891 358 975 390 opes

161 397 378 432 Hominibus
397 398 547 432 miseris.

160 449 319 489 Stemus,
348 447 597 482 Chalcidenses
622 461 707 489 nos,

157 500 386 545 Excipiamus
401 502 559 544 reginam
578 512 596 532 a
615 502 718 533 turha
736 501 936 535 venientem
948 501 993 547 78)
1005 529 1014 541 ,

109 553 184 587 600
213 552 266 586 Ne
285 552 419 585 lubrice
437 552 474 584 in
491 559 623 585 terram
642 550 733 585 hanc
752 555 872 592 cadat,

159 603 331 636 Hilariter
348 603 514 637 manibus
531 609 565 636 et
584 604 754 643 comiter,

157 654 211 688 Ne
231 661 455 688 consternata
475 656 535 687 fiat
550 667 673 689 recens
692 667 787 688 nunc
805 656 996 688 adveniens

157 705 247 738 Filia
261 705 307 750 ⁷⁹)
325 706 617 750 Agamemnonis.

156 756 240 790 Non
256 757 448 790 tumultum
466 769 582 802 neque
598 763 772 789 terrorem

106 806 181 843 605
209 808 451 842 Praebeamus
469 808 611 852 Argivis
629 806 786 851 hospites
805 804 1016 851 hospitibus.

104 893 495 939 [Glytaemnwtrm
524 895 771 937 Iphiyenia,
798 890 1105 937 Aqtamemnon,

310 946 507 985 Orestes,
536 949 650 978 muta
674 942 907 991 persona]

157 1013 247 1056 Clyt.
273 1012 416 1045 Bonum
434 1011 624 1056 augurium
641 1012 790 1046 facimus
806 1009 873 1045 hoc
886 1041 894 1051 ,

157 1063 265 1108 Quod
284 1069 357 1095 tam
377 1063 526 1096 comiter
542 1063 739 1107 excipimur
748 1063 814 1109 8⁰):

158 1114 245 1159 Spes
262 1126 318 1147 me
337 1121 452 1153 tenet,
480 1116 576 1159 quod
594 1116 639 1147 ad
655 1116 767 1148 bonas
786 1115 929 1159 nuptias

108 1166 184 1201 610
209 1165 354 1206 Adsim‚
383 1166 562 1199 adducens
576 1177 758 1210 sponsam.
811 1167 879 1200 Sed
899 1180 916 1200 e
937 1179 1043 1201 curru

158 1216 293 1250 Efferte
311 1229 459 1249 munera
472 1243 481 1256 ,
510 1229 601 1262 quae
620 1217 758 1261 puellae
774 1218 850 1251 fero
863 1245 871 1257 ‚

160 1267 207 1301 Et
223 1267 354 1300 mittite
371 1268 559 1312 diligenter
576 1267 613 1300 in
632 1269 762 1301 aulam.

159 1319 219 1351 Tu
236 1330 321 1351 vero
330 1318 395 1365 ⁸¹),
424 1331 443 1352 o
460 1319 531 1351 filia
549 1331 626 1352 mea
638 1346 647 1359 ,
674 1320 837 1365 relinque
855 1319 1053 1367 currumffi)
1067 1347 1075 1361 ,

158 1369 303 1403 Ponens
321 1372 446 1414 pedem
465 1376 628 1403 tenerum
650 1377 684 1403 et
699 1371 806 1404 simul
822 1371 1016 1406 infirmum.

106 1418 182 1455 615
209 1420 282 1453 Vos
299 1427 417 1454 autem
436 1421 474 1453 in
489 1421 705 1455 iuvenilibus
721 1420 876 1456 brachiis

156 1470 318 1515 Excipite
336 1484 434 1513 eam,
470 1478 505 1505 et
523 1473 640 1506 ducite
659 1485 678 1505 a
696 1485 820 1511 curru;

156 1521 204 1555 Et
218 1520 308 1554 mihi
328 1524 387 1556 det
405 1523 533 1569 aliquis
550 1524 703 1557 fulcrum
721 1536 868 1564 manus,

157 1573 208 1606 Ut
223 1573 314 1607 bene
333 1575 537 1620 relinquam
553 1576 671 1608 sedem
691 1588 835 1613 currus;

155 1624 231 1658 Vos
249 1637 334 1658 vero
346 1652 355 1666 ,
385 1626 534 1659 ancillae
547 1653 556 1665 ,
583 1632 673 1660 state
691 1633 772 1660 ante
792 1638 922 1672 eqUOS‚

106 1677 181 1712 620
209 1675 290 1721 (Est
305 1677 400 1710 enim
420 1677 590 1711 terribilis
608 1689 784 1723 equorum
801 1678 1004 1723 adspectus)

154 1726 202 1760 Et
218 1725 314 1761 hunc
329 1729 442 1762 filium
459 1728 760 1773 Agamemnonis,

157 1778 342 1820 Orestem,
371 1780 503 1824 capite;
533 1786 584 1814 est
603 1780 698 1813 enim
717 1778 832 1813 adhuc
848 1779 980 1813 infans.

155 1829 322 1871 Dormis,
351 1844 371 1864 o
388 1832 437 1864 fili
453 1832 522 1872 mi,
555 1831 668 1865 victus
686 1831 841 1877 equestri
858 1830 1082 1864 vectatione?

157 1880 324 1915 Exuscita
344 1889 377 1915 te
394 1883 543 1916 feliciter
561 1884 605 1916 ad
622 1884 766 1928 nuptias
783 1882 934 1918 sororis;

600 104 997 141 INTERPRETATIO
1024 104 1266 140 EURIPIDIS
1292 103 1569 140 IPHIGENIAE
1596 104 1643 140 IN
1671 105 1862 144 AULIDE.

108 1930 183 1968 625
210 1932 394 1966 Praeclari
420 1934 489 1966 viri
514 1934 744 1975 affinitatem,
789 1947 867 1967 cum
892 1934 966 1978 ipse
996 1930 1106 1966 hone·
1134 1943 1135 1972 ff

523 1992 596 2019 stus
613 1986 659 2019 sis
671 2013 680 2026 ‚

159 2033 341 2078 AccipIes,
373 2035 535 2069 divinum
556 2048 666 2080 genus
683 2036 821 2081 puellae
839 2035 1024 2071 Nereidos.

159 2086 326 2120 Assideas
342 2084 411 2120 huc
430 2088 555 2121 ordine
579 2089 625 2121 ad
647 2101 766 2122 meum
793 2089 941 2133 pedem,
978 2099 998 2120 o
1027 2098 1106 2120 mea

523 2139 615 2179 fiha,

143 2254 192 2282 77)
211 2254 246 2278 ad
266 2259 391 2284 magnam
409 2254 607 2284 calamitatem]
629 2255 669 2278 sic
688 2254 772 2278 Editt.
791 2254 881 2285 1558.,
904 2254 993 2285 1562.;
1024 2254 1107 2279 Editt.

178 2290 298 2312 recent:
331 2289 366 2312 ad
392 2295 522 2313 summam
549 2291 685 2320 [Musgr.:
718 2290 869 2319 prolixam,
901 2290 974 2313 Fix.:
1004 2290 1106 2319 altam]

179 2323 317 2346 fortunam
338 2322 445 2354 (Eurip.
466 2322 511 2346 lm*
532 2342 538 2347 .
557 2343 562 2348 .
583 2321 708 2356 εὐμήκεις
729 2343 734 2347 .
755 2343 760 2347 .
781 2321 889 2354 τύχας).

146 2371 194 2403 78)
217 2378 234 2396 a
254 2373 333 2396 turha
352 2373 522 2402 venientem]
550 2374 591 2397 sic
608 2374 693 2399 Editt.
711 2374 801 2404 1558.‚
828 2374 919 2401 1562.;
957 2374 1039 2398 Editt.
1060 2380 1107 2398 re-

180 2407 252 2432 cent.
270 2406 317 2438 (=
331 2408 425 2437 Eurip.
444 2405 518 2439 ὄχων
533 2406 613 2436 Ἀπο)
632 2415 714 2432 curru
733 2410 766 2431 de
784 2415 838 2433 suo
858 2409 1107 2438 [descendentem]

146 2457 194 2489 79)
214 2458 300 2487 Filia]
329 2459 370 2482 sic
389 2459 472 2482 Editt.
488 2461 579 2488 1558..
606 2461 696 2491 1562.;
733 2460 818 2484 Editt.
844 2462 948 2484 recent.
974 2463 1022 2490 (z
1040 2462 1106 2485 text.

181 2494 239 2523 gr.)
258 2493 367 2524 Inclyta
385 2494 450 2517 lilia.

147 2543 194 2574 80)
216 2545 293 2573 Quod
312 2547 366 2569 tam
391 2551 460 2569 com.
487 2547 560 2575 exc.]
587 2547 627 2570 sic
652 2547 734 2570 Editt.
757 2547 848 2575 1558..
875 2547 967 2577 t562.;
1003 2548 1107 2578 Musgr.

182 2577 230 2609 (=
248 2580 313 2603 text.
333 2579 390 2611 gr.)
411 2581 494 2603 Tuam
514 2581 662 2605 honitatem
680 2583 707 2605 et
726 2583 872 2605 verborum
892 2583 1054 2606 comitatem.

145 2630 196 2659 81)
214 2632 297 2659 vero]
315 2631 365 2654 Ed.
380 2631 455 2656 ¹558.
475 2637 573 2655 errore
591 2633 720 2663 typogr.:
745 2633 815 2659 fero.

145 2680 194 2713 82)
214 2683 338 2711 currum]
357 2682 398 2706 sic
415 2683 500 2707 Editt.
516 2684 606 2715 1558„
628 2684 720 2715 t562.;
745 2685 829 2711 Editt.
849 2687 952 2712 recent.
973 2684 1021 2717 (=
1040 2686 1107 2711 text.

182 2714 238 2747 gr.)
254 2718 408 2746 equestrem
426 2723 535 2742 currum
548 2719 656 2751 [Barn.‚
675 2720 796 2750 Musgr.:
816 2722 962 2751 equestres
980 2722 1106 2750 currus].

2093 114 2168 149 678

1216 191 1414 237 Iphigenia,
1442 192 1486 224 ad
1502 198 1666 232 matrem,
1691 194 1832 228 beatam
1852 208 1908 229 me

1215 244 1285 277 Des
1303 245 1376 278 istis
1395 243 1614 287 hospitibus,
1643 244 1757 278 x‘icina
1777 253 1892 288 stans,

1166 293 1240 328 630
1268 295 1314 328 Et
1331 296 1445 329 saluta
1465 293 1521 327 hic
1539 301 1639 328 tuum
1658 294 1804 331 charum
1824 306 1976 343 patrem.

1217 348 1289 389 [ph.
1317 346 1349 379 O
1367 353 1481 379 mater
1498 357 1688 381 accurrens
1700 375 1708 387 ‚
1735 361 1778 382 ne
1796 350 1959 386 irascaris
1971 379 1979 392 ‚

1215 397 1413 441 Applicaho
1432 402 1553 440 pectus
1570 410 1689 431 meum
1709 401 1752 432 ad
1771 408 1891 444 pectus
1906 404 2029 447 patris.

1218 449 1303 492 Clyt.
1334 448 1367 481 O
1387 461 1448 481 rex
1465 449 1716 490 Agamemnon
1736 451 1899 495 inprimis
1917 454 2118 503 colendeffi)
2131 483 2139 496 ,

1216 498 1388 533 Venimus
1405 511 1478 532 non
1497 499 1750 543 immorigerae
1768 504 1837 537 tuis
1854 507 2043 540 mandatis.

1164 548 1238 583 635
1266 551 1340 594 Iph.
1369 550 1445 594 Ego
1462 549 1565 588 vole,
1598 562 1618 583 o
1638 558 1758 595 pater,
1793 567 1848 587 me
1865 558 1909 589 ad
1926 563 2025 591 tuum
2043 566 2164 602 pectus

1214 603 1414 635 Accurrens
1433 601 1614 645 applicare
1632 609 1713 645 post
1730 604 1874 649 longum
1893 614 2051 652 tempus;

1216 653 1330 696 Cupio
1350 654 1446 687 enim
1466 659 1526 686 tuo
1546 661 1738 697 conspectu
1754 656 1842 696 frui,
1871 670 1914 691 ne
1934 659 2108 694 irascaris.

1215 707 1334 747 Aqam.
1371 705 1524 743 Fruere,
1571 715 1591 736 o
1614 717 1693 737 mea
1719 707 1811 747 filia,

1579 754 1733 789 dilexisti

1212 805 1302 839 Prae
1321 806 1442 840 liberis
1460 806 1537 840 aliis
1549 833 1557 846 ,
1587 819 1677 851 quos
1694 820 1757 852 ego
1778 811 1895 853 genui.

1162 856 1236 890 640
1264 859 1337 901 ῙρΙι.
1365 858 1397 892 Ο
1413 864 1535 903 pater,
1564 856 1708 891 intueor
1726 866 1758 893 te
1776 862 1899 897 lubens
1917 870 1998 907 post
2016 864 2162 909 longum

1583 914 1735 954 tempus.

1211 963 1332 1004 Ayam.
1359 960 1405 994 Et
1424 972 1488 1005 ego
1508 966 1560 1000 te,
1591 972 1632 993 ex
1659 974 1773 1007 aequo
1802 964 1960 1010 utrisque
1985 968 2164 1008 convenit,

1576 1013 1673 1056 quod
1699 1013 1796 1048 dicis.

1214 1064 1286 1104 lph.
1315 1063 1438 1103 Salve,
1466 1063 1556 1095 liene
1581 1063 1716 1103 fecisti,
1745 1073 1863 1108 pater,
1900 1069 1997 1113 quod
2022 1082 2079 1103 me
2104 1071 2165 1103 ad-

1575 1114 1655 1147 duci
1681 1117 1823 1150 curasti.

1213 1167 1332 1208 Ayam.
1361 1165 1558 1211 Equidem,
1588 1178 1608 1198 o
1627 1178 1705 1199 mea
1724 1168 1815 1209 filia,
1844 1169 1976 1210 nescio,
2004 1171 2090 1216 quid
2108 1173 2163 1205 vel

1575 1217 1748 1251 affirmem
1767 1221 1821 1253 vel
1838 1232 1976 1265 negem.

1211 1269 1284 1309 [pk.
1311 1267 1380 1301 Hei
1398 1267 1505 1310 mihi,
1537 1280 1645 1314 quam
1664 1282 1721 1302 me
1738 1282 1812 1304 non
1830 1273 2022 1318 tranquille
2048 1273 2163 1307 intue—

1576 1319 1643 1359 ris,
1674 1334 1753 1354 cum
1773 1336 1829 1356 me
1847 1323 1960 1358 libens
1976 1325 2120 1359 videris.

1162 1367 1236 1403 645
1262 1372 1384 1414 Ayam.
1410 1370 1553 1410 „Multa
1572 1371 1648 1414 regi
1665 1379 1698 1405 et
1716 1373 1797 1407 duci
1813 1377 1970 1409 curanda
1989 1383 2084 1411 sunt.

1211 1422 1285 1462 Iph.
1315 1421 1370 1454 Da
1400 1429 1433 1455 te
1461 1420 1550 1455 mihi
1573 1434 1688 1463 nunc,
1724 1431 1758 1457 et
1784 1439 1859 1460 non
1884 1429 1929 1460 ad
1955 1440 2056 1462 curas
2080 1439 2163 1462 con-

1575 1475 1738 1509 vertaris.

1213 1525 1335 1566 Ayam.
1363 1521 1472 1569 Atqui
1489 1537 1567 1558 sum
1584 1531 1699 1559 tecum
1716 1533 1830 1567 totus,
1859 1540 1933 1561 non
1950 1530 2047 1564 alibi.

1213 1575 1287 1615 Iph.
1318 1574 1473 1609 Remitte
1506 1588 1602 1609 nunc
1632 1579 1881 1621 supercilium,
1918 1579 2082 1615 hilariter
2107 1593 2164 1614 me

1574 1628 1725 1663 intuere.

1213 1678 1334 1720 Ayam.
1362 1676 1452 1710 Ecce
1470 1678 1541 1711 iam
1558 1679 1691 1720 laetor,
1719 1683 1777 1715 sed
1800 1683 1991 1727 tantisper,
2019 1683 2105 1716 dum
2130 1689 2163 1716 te

1574 1730 1679 1765 video
1689 1731 1746 1778 S⁴⁴).

1163 1778 1237 1812 650
1265 1781 1338 1822 [ph.
1367 1779 1554 1814 Deindene
1571 1781 1830 1828 lachrymaris?

1213 1833 1333 1874 Ayam.
1356 1831 1516 1866 Ventura
1535 1836 1824 1881 peregrinatioffi)
1841 1837 1947 1879 longa
1964 1833 2067 1868 nobis
2085 1833 2163 1868 erit.

1214 1884 1286 1925 lple.
1313 1882 1454 1924 Nescio,
1483 1885 1531 1917 mi
1551 1883 1756 1921 charissime
1776 1894 1890 1932 pater,
1916 1887 2048 1926 nescio,
2077 1885 2164 1931 quid

1578 1938 1685 1972 dicas.

1213 1988 1335 2028 Ayam.
1359 1985 1466 2031 Quod
1484 1989 1680 2031 prudenter
1693 1990 1872 2036 loqueris,
1902 2001 1943 2022 eo
1968 1988 2082 2033 magis
2106 2000 2162 2021 me

1539 2041 1584 2073 ad
1603 2041 1871 2075 miserationem
1891 2039 2163 2085 commovesffl').

1212 2087 1285 2129 Iph.
1312 2087 1481 2123 Dicemus
1498 2092 1624 2132 stulta,
1652 2093 1681 2127 si
1699 2093 1844 2139 quidem
1859 2099 1893 2125 te
1908 2090 2129 2126 exhilarabo.

1162 2135 1237 2171 655
1264 2141 1387 2184 Ayam.
1415 2141 1554 2186 Papae,
1579 2156 1654 2177 non
1673 2157 1818 2189 possum
1844 2151 1980 2182 tacere;
2016 2150 2050 2176 te
2075 2154 2162 2176 vero

1572 2195 1694 2230 laudo.

1210 2242 1284 2283 [ph.
1313 2242 1420 2277 Mane
1432 2271 1440 2284 ‚
1469 2257 1489 2278 o
1505 2252 1624 2289 pater,
1653 2247 1752 2281 domi
1770 2259 1849 2280 cum
1869 2246 1938 2280 tuis
1954 2245 2089 2281 liberis.

1212 2294 1333 2336 Ayam.
1361 2294 1454 2328 Volo
1466 2322 1475 2335 ,
1503 2303 1537 2330 et
1553 2310 1632 2331 cum
1650 2311 1724 2332 non
1742 2298 1875 2343 possim
1894 2298 2002 2338 velle,
2031 2297 2148 2333 doleo.

1853 722 1992 754 semper
2024 718 2162 755 patrem

1193 2429 1243 2463 83)
1263 2433 1391 2461 colende]
1410 2432 1450 2456 sic
1469 2433 1552 2457 Editt.
1572 2434 1663 2464 1558.‚
1685 2435 1776 2465 1562.;
1801 2434 1884 2460 Editt.
1904 2437 2007 2461 recent.
2027 2435 2074 2468 (=
2093 2438 2159 2462 text.

1229 2465 1287 2497 gr.)
1307 2467 1370 2490 miln'
1389 2467 1503 2491 colende
1523 2467 1614 2496 [Fix.:
1641 2469 1828 2498 venerande}

1193 2516 1242 2548 84)
1262 2519 1290 2541 te
1308 2517 1404 2548 video]
1423 2517 1464 2541 sic
1483 2518 1568 2542 Editt.
1582 2519 1668 2551 1558„
1690 2521 1784 2552 1562.;
1808 2520 1892 2545 Editt.
1910 2523 2011 2546 recent.
2033 2523 2082 2551 (=
2091 2523 2158 2548 text.

1228 2553 1287 2581 gr.)
1307 2554 1334 2575 te
1353 2552 1451 2583 video,
1470 2552 1535 2576 filia.

1193 2602 1242 2631 85)
1262 2603 1465 2634 peregrinatio]
1497 2604 1538 2628 sic
1569 2605 1653 2631 Editt.
1678 2606 1770 2638 1558„

1229 2639 1278 2666 (=
1296 2637 1389 2668 Eurip.
1410 2634 1548 2667 ἀπουσία)
1568 2640 1705 2665 absentia.
1810 2607 1883 2633 ¹562·
1896 2625 1904 2639 ⁹

1940 2608 2023 2634 Editt.
2054 2610 2157 2633 recent·

1191 2687 1240 2716 86)
1260 2689 1433 2718 commoves]
1453 2688 1493 2713 sic
1511 2690 1613 2720 scripsi
1632 2693 1679 2720 (Ξ
1698 2691 1792 2722 Eut-ip.
1810 2689 1898 2724 dysis-3
1929 2692 2013 2718 Editt.
2033 2695 2156 2718 receut.:

1227 2720 1354 2754 moves);
1380 2723 1464 2747 Editt.
1483 2724 1577 2753 1558..
1596 2725 1672 2751 1562.
1690 2731 1888 2753 commoveres,

1498 2757 1576 2794 43*
