2373 2980
140 103 212 140 605
551 99 639 134 LXI.
699 99 1096 137 INTERPRETATIO
1123 102 1487 138 ANDROMACHES
1513 102 1762 138 EURIPIDIS.
2105 110 2177 143 606

189 191 253 222 Sed
282 194 363 222 sunt
386 188 450 220 ista
478 185 541 219 tibi
565 185 707 230 quidem
734 187 966 231 ignoscenda,
995 191 1055 223 sed
1082 196 1131 222 ta-
1237 190 1369 222 Curam
1387 188 1552 230 babebit,
1580 196 1613 222 et
1630 202 1702 223 non
1723 197 1773 224 est
1791 203 1908 224 meum
1928 199 2078 226 statuere
2100 192 2176 227 bor.

548 249 631 269 men
654 239 822 272 com-enit
1185 240 1259 273 990
1283 241 1351 273 Sed
1369 253 1474 286 quam
1492 242 1646 286 primum
1665 242 1779 275 abduc
1794 254 1851 276 me
1867 254 1907 276 ex
1926 243 2000 277 istis
2022 245 2178 279 aedibus,

187 290 354 323 Mulieres
372 300 502 322 ornare
521 288 711 322 muliebres
727 296 883 324 naturas.
1235 291 1288 325 Ne
1315 297 1513 326 antevertat
1536 306 1591 327 me
1616 294 1784 327 accedens
1810 295 1853 327 ad
1879 294 2026 328 domum
2056 303 2089 328 et
2121 309 2177 328 ve-

189 344 263 376 Ore.
292 368 313 380 „
323 340 470 384 Sapiens
488 351 543 373 res
564 345 614 372 est
631 339 704 373 eius
716 367 724 380 ,
753 341 814 386 qui
832 343 952 376 docuit
969 339 1132 374 homines
1592 343 1693 378 niens
1713 345 1880 385 maritus,

188 421 207 430 „
221 392 352 425 Audire
368 403 550 426 sermones
568 402 585 422 a
604 392 804 426 contrariis.
1236 391 1299 424 Vel
1318 392 1536 425 deserentem
1554 406 1611 426 me
1628 396 1774 429 domum
1795 397 1856 430 filii
1873 396 2061 431 resciscens

136 445 209 478 960
236 443 310 485 Ego
344 443 438 476 enim
470 442 582 475 sciens
620 443 924 485 perturbationem
957 440 1062 476 huius
1082 441 1131 473 fa-
1235 443 1361 476 Peleus
1377 450 1611 488 persequatur
1629 448 1783 491 equestri
1798 448 2053 492 persecutione.

549 492 688 532 miliae,
1237 496 1313 528 Ore.
1344 493 1489 527 Confido
1502 521 1510 534 ,
1539 495 1631 529 senis
1648 509 1794 531 manum
1816 506 1849 532 et
1865 497 2010 533 Achillis

189 548 227 579 tii
246 553 341 579 tuam
364 545 459 577 litem
481 550 514 576 et
530 544 649 576 uxoris
669 543 830 578 Hectoris
843 571 851 583 ,
1185 543 1259 578 995
1286 545 1416 578 Filium
1433 557 1506 578 non
1524 552 1679 587 metuas,
1708 549 1768 593 qui
1786 562 1842 583 me
1858 549 1986 583 iniuria
2007 551 2135 584 affecit.

185 597 423 641 *Expertabam
444 593 578 627 habens
597 595 793 633 custodias,
822 607 865 627 an
884 593 938 627 bic
958 607 1130 633 maneres,
1234 596 1324 629 Nam
1346 597 1431 630 tales
1449 596 1597 630 insidiae
1615 597 1645 630 ei
1663 605 1745 632 sunt
1761 606 1934 639 structae,

187 653 239 682 Au
259 647 509 692 perterrefacta
530 651 627 678 metu
644 646 803 689 captivae
1234 647 1293 680 Est
1316 647 1351 679 in
1368 648 1504 693 laqueis
1522 647 1826 693 inexplicabilibus
1843 652 1937 684 necis

186 699 346 732 Mulieris
367 698 472 730 velles
489 696 667 730 discedere
687 709 727 729 ex
745 695 810 729 hac
829 698 950 729 domo.
1236 699 1308 731 Hac
1326 710 1435 731 mauu
1452 699 1594 743 positis,
1623 701 1764 746 quasffl)
1784 702 1882 746 prius
1898 714 1970 735 non
1992 704 2118 738 dicam.

134 750 208 784 965
236 750 327 782 Veni
344 761 416 782 non
438 753 625 791 expectans
643 754 719 780 tuas
737 747 923 791 epistolas,
1234 750 1300 782 Sed
1324 751 1477 793 perfecta
1496 762 1553 790 re,
1578 751 1663 784 sciet
1679 751 1850 797 Delphica
1870 760 1981 798 petra.

186 802 229 834 iit
248 802 275 835 si
294 802 458 833 redderes
476 801 672 838 rationem,
701 799 790 832 sicut
812 798 948 835 reddis,
1187 801 1282 835 1000
1312 801 1500 834 Matricida
1521 808 1637 835 autem
1658 803 1704 848 (si
1719 804 1897 838 sociorum
1917 818 2078 838 meorum

183 853 323 885 Mittam
343 858 375 884 te
394 852 437 883 ab
456 849 510 883 llis
528 849 684 883 aedibus.
725 850 814 884 Nam
837 862 915 882 cum
935 848 1032 892 prius
1052 860 1129 881 mea
1234 852 1392 885 Foedera
1411 853 1610 886 manserint
1625 855 1725 888 firma
1745 855 1782 888 in
1799 862 1892 889 terra
1911 855 2078 901 Pythion)

545 912 635 933 esses
649 926 657 939 ,
1234 903 1406 937 Ostendet
1425 904 1474 943 ei,
1503 917 1547 937 ne
1565 905 1691 945 ducat,
1720 918 1826 952 quam
1847 919 1911 951 ego
1931 908 2123 945 debebam,

180 955 328 987 Habitas
347 966 425 986 cum
446 953 512 986 isto
531 951 607 984 Viro
623 951 771 994 perfidi-”¹
792 951 842 984 tui
860 950 990 995 patris,
1232 955 1304 987 Suo
1322 955 1415 987 malo
1438 955 1611 1001 poscetffl)
1630 969 1782 1000 poenam
1802 965 1972 1003 paternae
1991 959 2085 992 neris

184 1007 275 1050 Qui,
304 1005 511 1049 priusquam
533 1003 690 1035 facerent
716 1003 951 1046 irruptionem
980 1001 1015 1033 in
1042 1002 1128 1033 fines
1231 1007 1262 1038 A
1279 1018 1359 1050 rege
1377 1004 1541 1045 Plloel›0;
1570 1019 1686 1052 neque
1703 1008 1802 1042 illum
1821 1010 1972 1044 mutatio

545 1053 677 1085 Troiae
690 1080 698 1091 ,
1184 1055 1281 1091 1005
1308 1057 1429 1091 Animi
1449 1057 1600 1098 iuvabit,
1627 1060 1770 1093 dantem
1788 1073 1883 1095 nunc
1900 1072 2033 1106 poenas
2049 1061 2143 1097 Deo;

132 1109 206 1142 970
235 1107 341 1140 Dedit
360 1113 393 1139 te
412 1102 499 1138 mihi
523 1116 688 1141 uxorem;
717 1111 750 1136 et
767 1110 886 1147 postea
907 1103 1071 1147 promisit
1231 1109 1299 1142 Sed
1317 1121 1357 1141 ex
1375 1108 1435 1141 illo
1454 1115 1488 1142 et
1503 1121 1580 1142 mea
1597 1111 1821 1146 accusatione

183 1160 285 1193 Nunc
315 1164 347 1190 te
375 1155 539 1193 habenti,
575 1155 603 1188 si
637 1161 853 1199 expugnaret
886 1156 1009 1188 urbem
1037 1154 1128 1187 Tro-
1232 1160 1326 1192 Male
1344 1159 1492 1204 peribit,
1521 1168 1688 1205 agnoscet
1705 1175 1820 1196 meam
1839 1163 2075 1196 inimicitiam.

546 1206 677 1239 ianam.
1232 1211 1351 1251 „Nam
1384 1211 1544 1244 virorum
1571 1212 1800 1248 inimicorum
1823 1215 1934 1248 fatum
1965 1213 1999 1247 in
2028 1226 2174 1248 conver—

182 1262 376 1304 Postquam
398 1257 502 1290 rediit
521 1254 587 1289 buc
611 1257 701 1290 lilius
717 1255 882 1295 Achillis,
1593 1263 1730 1297 sionem

182 1309 413 1355 Expostulavi
434 1321 511 1342 cum
532 1314 592 1340 tuo
611 1314 728 1351 patre,
758 1314 791 1340 et
807 1308 911 1341 istum
932 1308 1115 1351 rogabam,
1231 1312 1357 1353 „Deus
1375 1314 1455 1353 dat,
1482 1319 1515 1346 et
1529 1325 1603 1347 non
1621 1314 1705 1349 sinit
1721 1316 1917 1360 superbire.

186 1362 232 1394 Ut
259 1360 473 1405 relinqueret
500 1365 598 1390 tuum
622 1359 859 1397 connubium,
886 1359 1006 1392 diceus
1031 1370 1127 1391 meas

547 1421 755 1448 aerumnas,

1526 1387 1737 1436 [strophe
1768 1390 1826 1439 1.]

130 1462 204 1497 975
237 1462 276 1495 Et
294 1466 494 1505 praesentes
513 1459 697 1505 i'‹11·ias³‘¹'),
726 1461 820 1504 quod
839 1461 998 1503 cognatis
1182 1450 1279 1483 1010
1309 1450 1406 1483 Cher.
1435 1448 1467 1482 Ο
1483 1447 1647 1491 Phoebe,
1674 1452 1734 1496 qui
1753 1453 1914 1486 muniisti
1930 1453 1965 1487 in
1980 1452 2044 1486 Ilio

182 1515 242 1553 „A
263 1513 348 1546 viris
367 1523 503 1556 possem
528 1512 655 1543 ducere
680 1523 847 1551 uxorem,
885 1510 1027 1543 aliunde
1053 1522 1125 1543 non
1229 1500 1326 1533 Bene
1346 1506 1523 1533 munltum
1542 1501 1678 1541 Vicum,
1712 1509 1744 1535 et
1764 1503 1928 1548 Neptune

544 1562 644 1594 facile
657 1588 665 1601 ‚
1230 1552 1299 1596 Qui
1317 1550 1454 1584 veheris
1472 1553 1641 1586 caeruleis
1664 1553 1763 1598 equis

180 1616 336 1649 Exulans
366 1614 408 1646 ab
436 1612 600 1652 aedibus,
636 1612 738 1657 quale
772 1611 912 1646 exilium
946 1625 1008 1656 ego
1042 1626 1123 1646 exu-
1228 1603 1299 1635 Per
1316 1603 1495 1635 marinum
1517 1603 1682 1647 pelagUS,

546 1663 678 1696 labam,
1230 1654 1350 1698 Quare
1368 1654 1559 1697 gratuitam
1575 1654 1741 1688 laboran—

182 1717 240 1751 llle
259 1722 336 1749 erat
355 1713 632 1748 contumeliosus
650 1714 684 1746 iu
704 1725 825 1746 necem
845 1726 944 1747 meae
963 1715 1098 1754 matris,
1180 1703 1277 1740 1015
1304 1712 1373 1737 tem
1393 1717 1538 1737 mimum
1561 1707 1666 1739 vestri
1684 1707 1823 1740 artificii

178 1770 224 1802 ‚Et
239 1767 349 1802 furias
367 1765 606 1810 exprobrabat
622 1764 720 1798 mibi.
1148 1800 1151 1807 1
1228 1756 1336 1788 Marti
1356 1756 1537 1799 pugnandi
1553 1757 1669 1800 perito
1689 1760 1897 1802 prodentes,

129 1821 202 1855 980
229 1820 274 1853 Et
291 1830 355 1862 ego
375 1817 530 1850 abiectus
546 1817 738 1850 domestica
756 1816 897 1848 fortuna
911 1843 920 1854 ‚
1227 1807 1435 1852 Reliquistis
1452 1807 1617 1841 miseram
1636 1809 1801 1842 miseram
1823 1809 1998 1842 Troiam?

178 1872 354 1905 Dolebam
374 1868 516 1914 quidem
531 1894 539 1907 ,
568 1868 731 1900 dolebam
744 1894 753 1907 ,
780 1868 839 1900 sed
861 1867 1008 1900 tenebar
1032 1868 1123 1900 cala·
1467 1873 1787 1922 [Anti-strophe
1818 1875 1876 1924 L]

536 1919 678 1959 mitate,

179 1973 222 2005 ht
242 1971 404 2015 privatus
423 1969 492 2003 tuis
509 1970 660 2012 nuptiis,
688 1968 820 2002 invitus
841 1969 994 2002 abibam.

178 2024 281 2058 ssunc
301 2020 472 2067 quoniam
492 2027 551 2053 tua
573 2026 624 2053 est
638 2032 805 2053 conversa
826 2020 990 2059 fortuna,

178 2074 223 2108 Et
239 2086 273 2108 es
289 2073 325 2106 in
341 2072 514 2115 angustia,
532 2070 692 2104 incidens
708 2071 743 2103 in
762 2068 853 2103 hanc
869 2071 1120 2109 calamitatem,

125 2125 199 2160 985
228 2125 362 2158 Ducam
383 2129 416 2157 te
432 2123 476 2156 ab
491 2122 657 2162 aedibus,
685 2128 718 2155 et
741 2123 887 2155 reddam
913 2123 950 2154 in
973 2134 1119 2155 manum
1146 2140 1148 2176 Ι

535 2174 656 2216 patris.

176 2225 381 2270 „Cognatio
392 2224 439 2270 97)
466 2224 617 2257 multum
652 2230 785 2268 potest;
828 2230 861 2256 et
893 2224 928 2256 in
961 2224 1117 2258 adversis

1229 1933 1273 1967 Et
1290 1934 1461 1979 plurimos
1478 1934 1515 1966 in
1532 1934 1651 1968 littore
1671 1936 1714 1968 ad
1730 1935 1949 1971 Simoentem

1225 1985 1415 2031 Equestres
1433 1997 1556 2019 currus
1573 1985 1753 2027 iunxistis,

1176 2038 1274 2072 1020
1300 2037 1346 2070 Et
1361 2037 1555 2070 certamina
1575 2037 1693 2071 letalia
1712 2038 1871 2072 virorum

1224 2088 1397 2122 Posuistis
1413 2088 1488 2122 sine
1505 2089 1646 2123 coronis
1657 2115 1667 2129 ,

1220 2138 1267 2172 Et
1284 2139 1448 2173 abierunt
1466 2139 1599 2173 mortui

1222 2189 1319 2224 Iliaci
1338 2202 1393 2223 re-

1222 2254 1300 2286 ges;
1328 2254 1442 2288 neque
1461 2241 1614 2286 amplius
1632 2241 1723 2285 ignis
1740 2241 1776 2274 in
1794 2253 1854 2275 ara
1871 2241 2003 2274 Troiae

247 2331 252 2336 .
286 2329 292 2335 .
399 2327 406 2334 .
534 2276 638 2308 rebus
769 2326 775 2332 .
1144 2290 1146 2304 ¹
1174 2291 1271 2329 1025
1298 2292 1375 2327 Diis
1392 2293 1483 2326 lucet
1498 2293 1598 2326 sumo
1617 2294 1780 2326 odorato.

177 2327 307 2369 „Nihil
326 2328 450 2360 mehus
466 2333 516 2360 est
537 2333 687 2370 cognato
706 2338 832 2359 amico.
1512 2357 1728 2406 [strophe
1755 2360 1815 2400 2]

172 2384 289 2416 Herm.
318 2377 613 2423 Desponsationis
629 2389 729 2410 meae
748 2383 849 2421 pater
866 2388 965 2409 meus
1815 2416 1821 2423 .
1876 2416 1883 2422 .

1219 2418 1332 2451 Periit
1347 2417 1596 2461 Agamemnon
1615 2429 1725 2450 manu
1742 2429 1920 2460 coniugis,

1220 2469 1264 2502 Et
1284 2471 1355 2513 ipsa
1379 2467 1547 2512 persolxit
1568 2469 1708 2501 caedem
1731 2480 1791 2500 sna
1810 2480 1894 2500 nere

154 2516 201 2547 96)
219 2514 380 2546 praesentes
397 2510 499 2539 furias]
519 2508 749 2540 sicEditt.1558.,
772 2508 864 2539 1562.;
883 2509 975 2539 Bam„
995 2510 1114 2536 Musam:

189 2549 364 2579 praesentem
382 2546 488 2570 mulum
509 2545 684 2573 daemonem3
716 2543 791 2567 th.:
825 2544 1000 2573 praesentem
1022 2543 1114 2567 fortu-
1138 2552 1141 2572 1

189 2589 250 2608 uam
269 2581 376 2611 (Eurip.
395 2577 443 2604 τὸν
461 2577 586 2610 παρόντα
606 2574 746 2609 δαίμον’).
1139 2574 1140 2578 ’
1199 2583 1248 2609 98)
1267 2586 1334 2611 quas
1351 2578 1527 2618 (insirligsn
1552 2577 1592 2602 sic
1608 2578 1693 2602 Editt.
1707 2579 1835 2617 recent&
1868 2578 1950 2601 Editt.
1973 2578 2063 2607 1558„
2085 2578 2155 2601 1562.

154 2637 203 2663 97)
222 2630 369 2665 Cognatio]
384 2631 424 2655 sic
439 2632 484 2659 (=
500 2630 590 2659 Eurip.
606 2627 642 2653 Τό
659 2625 802 2661 συγγενὲς)
817 2628 900 2652 Editt.
915 2628 998 2656 1558..
1019 2628 1112 2655 Bau-vn,
1137 2631 1139 2638 ’
1234 2622 1311 2646 ‘luam
1332 2613 1441 2643 (Emm'
1460 2620 1493 2642 ’⁷³'
1513 2611 1585 2644 [⁵⁶st
1603 2613 1746 2644 wlx‘W'v']
1755 2614 1777 2641 )-

189 2671 310 2697 Muses„
338 2666 414 2695 Fix.;
449 2665 497 2688 Ed.
522 2664 594 2688 1562.
620 2663 757 2693 Cognato.
779 2675 813 2680 —
860 2663 890 2687 ln
914 2668 1001 2693 marg.
1027 2662 1110 2686 Editt.
1137 2657 1139 2669 ³
1197 2660 1245 2687 99)
1265 2657 1377 2694 poscet]⁴
1394 2656 1433 2679 sic
1452 2657 1500 2684 (z
1519 2654 1610 2696 Eun-ip.
1629 2652 1746 2687 αἰτήσει)
1768 2653 1944 2685 Editt.1562.,
1966 2655 2056 2684 Barn„
2079 2654 2156 2678 Mus-

190 2697 283 2733 15:281,
305 2700 378 2725 1562.
397 2700 421 2723 h.
442 2699 460 2724 1.
479 2699 580 2730 legitur
598 2704 666 2722 vox:
691 2696 816 2728 Cognati.
1135 2689 1139 2721 Ξ
1233 2698 1327 2724 gram,
1347 2691 1422 2720 Fix.;
1446 2689 1496 2714 Ed.
1517 2689 1590 2714 1508.
1609 2691 1714 2720 posset.
