2373 2980
91 114 168 152 445
502 109 609 145 LVII.

145 204 219 237 Cre.
237 198 418 242 Te'ipsam
434 207 549 241 prope
565 196 713 240 sepelias
729 209 807 230 cum
822 194 891 229 hoc
908 197 1092 231 cadavere.

142 255 226 286 Ant.
261 249 339 283 Erit
365 248 430 281 tibi
455 247 651 292 gloriosum
675 248 797 288 valde,
839 247 946 281 simul
977 248 1092 281 iacere

246 312 248 314 ·
505 300 595 332 duos
621 298 766 331 amicos.

145 355 217 387 Cre.
242 348 459 384 Prehendite
474 348 586 390 hanc,
614 355 649 382 et
664 355 804 393 portate
823 349 982 382 domum.

96 401 193 437 1655
219 405 304 436 Ant.
320 401 577 447 Nequaquam;
601 412 676 432 non
692 400 785 433 enim
802 400 1005 446 relinquam
1022 396 1092 432 hoc

506 452 668 484 cadaver.

147 507 221 540 Cre.
257 503 425 537 Decrevit
447 502 563 540 Deus,
601 513 621 533 o
644 501 767 544 virgo,

465 575 467 577 -
513 552 707 585 videntum*

144 608 228 640 Ant.
255 604 302 638 Et
319 603 406 637 illud
424 603 599 643 decrevit,
627 614 702 635 non
719 615 791 636 esse
809 601 1023 636 contumelia
1045 601 1095 634 af-

507 654 678 687 ficiendos
691 660 865 687 mortuos.

148 708 222 741 Cre.
252 706 355 739 Certe
372 718 478 738 nemo
497 706 588 738 circa
606 703 701 738 hunc
716 711 827 749 ponet
844 705 988 737 mollem
1015 703 1094 748 pul-

510 767 643 788 verem.

143 810 228 842 Ant.
256 805 388 852 Oroffi)
407 812 459 846 te,
488 805 626 845 Creon,
663 817 728 850 per
751 811 903 839 matrem
925 803 1018 838 hanc
1039 803 1096 838 Io-

505 863 635 890 casten.
693 888 697 892 ,

98 906 196 941 1660
226 909 300 942 Gre.
333 904 512 940 Inutiliter
534 908 696 946 laboras;

513 959 632 1004 queris
651 957 732 993 hoc.

146 1010 230 1042 Ant.
259 1008 342 1042 Sine
358 1022 413 1042 me
432 1011 583 1043 cadaver
602 1011 726 1044 saltem
745 1010 879 1042 lavare.

148 1061 222 1093 Gre.
249 1059 370 1093 Unum
391 1058 458 1093 hoc
474 1062 581 1094 suerit
596 1060 862 1106 prohibitorum
879 1059 972 1093 urbi.

147 1112 231 1144 Ant.
248 1110 343 1152 SIne,
360 1118 399 1144 ut
416 1112 506 1145 circa
526 1125 629 1146 saeva
649 1114 796 1146 vulnera
809 1112 934 1144 fascias
949 1122 1096 1154 ponam.

121 1189 123 1191 »
149 1163 224 1196 Gre.
258 1161 341 1196 Non
367 1163 508 1203 licebit,
545 1171 584 1196 ut
611 1162 749 1197 honore
777 1163 909 1195 afficias
940 1160 1009 1194 lioc
1041 1173 1097 1193 ca-

510 1215 631 1248 daver.

101 1263 198 1298 1665
226 1267 309 1299 Ant.
345 1264 378 1298 O
403 1263 609 1298 charissime
632 1264 759 1297 stater!

518 1329 600 1349 men
618 1316 672 1348 ori
689 1322 763 1349 tuo.

151 1368 224 1401 cre.
251 1366 334 1400 Non
346 1378 531 1410 compares
550 1367 789 1399 calamitatem
806 1366 956 1411 luctu⁹⁵)
973 1367 1017 1399 ad
1032 1379 1098 1400 nu-

514 1417 606 1461 ptias
623 1424 712 1451 tuas.

147 1469 231 1501 Ant.
259 1467 316 1500 An
333 1467 455 1501 vivens
470 1470 603 1502 nubam
622 1469 694 1501 filio
713 1467 800 1501 tuo?

149 1520 225 1552 Cre.
252 1519 401 1553 Necesse
417 1527 487 1560 est,
515 1526 555 1553 ut
571 1521 701 1558 nubas;
736 1519 919 1565 quomodo
939 1516 1034 1550 enim
1052 1517 1098 1549 ef-

510 1572 624 1615 fugias
645 1570 814 1615 nuptias?

149 1623 233 1655 Ant.
261 1620 342 1654 Nox
358 1620 416 1654 illa
434 1620 580 1655 habebit
597 1634 654 1654 me
674 1621 879 1654 Danaidum
897 1632 1021 1654 unam.

103 1671 200 1706 1670
228 1674 303 1707 Cre.
335 1672 481 1720 Vide9‘3)
506 1673 713 1713 audaciam,
752 1685 859 1718 quam
886 1684 943 1704 me
963 1672 1098 1716 probro

513 1724 638 1757 afficit!

149 1776 233 1808 Ant.
253 1774 369 1809 Testis
386 1774 431 1808 sit
446 1776 581 1809 ferrum
600 1782 631 1808 et
650 1775 787 1820 gIadIus
803 1773 988 1808 adiuratus
999 1772 1100 1807 mihi.

153 1826 228 1860 Cre.
256 1826 376 1871 Quare
396 1827 494 1871 cupis
512 1827 657 1860 liberari
674 1828 717 1860 ab
734 1825 789 1860 his
804 1824 963 1870 nuptiis?

151 1879 236 1911 Ant.
263 1878 413 1922 Fugiam
431 1891 502 1912 una
522 1891 600 1912 cum
621 1879 823 1912 miserrimo
840 1876 909 1911 hoc
925 1882 1039 1920 patre.

154 1930 229 1963 Cre.
258 1929 460 1964 Generosus
481 1930 642 1970 animus,
670 1931 730 1964 sed
749 1930 898 1965 stultitia
923 1929 1100 1973 quaedam

512 1987 563 2012 est
580 1981 655 2012 tibi.

103 2026 202 2061 1675
228 2029 311 2062 Ant.
327 2027 538 2061 Etiam¹una
557 2029 705 2069 moriar,
729 2035 768 2062 ut
783 2028 920 2074 sciasffi)
936 2028 1102 2072 amplius.

154 2081 227 2114 Cre.
256 2078 377 2119 Vade,
404 2092 478 2113 non
505 2081 643 2114 occides
666 2081 779 2114 filium
802 2093 943 2120 meum,
979 2080 1102 2125 linque

510 2138 658 2166 terram.

436 2183 546 2217 laudo
569 2189 603 2217 te
627 2190 776 2228 propter
801 2189 898 2216 tuam
926 2181 1103 2228 prompti-

516 2235 691 2270 tudinem.

276 2283 400 2329 Egone
434 2285 607 2320 nuberem
627 2314 637 2328 ,
691 2293 725 2320 et
756 2292 794 2319 tu
827 2285 922 2319 solus
951 2286 1103 2330 fugeres,

513 2345 617 2382 pater
629 2337 644 2371 ?

157 2388 235 2420 θεά.
263 2387 370 2422 Mane
386 2388 488 2430 felix,
518 2401 582 2434 ego
601 2401 679 2422 mea
700 2389 811 2422 seram
831 2388 941 2422 mala.

812 514 904 547 quae
931 500 996 534 tibi
1019 511 1092 533 non

738 919 813 940 non
846 908 940 941 enim
973 920 1096 941 conse-

801 1264 1023 1297 admovebor
1047 1270 1098 1296 ta-

154 2183 233 2216 oea.
261 2181 294 2215 o
310 2182 403 2223 filia,

113 2318 115 2320 .
153 2285 236 2318 Ant.

141 2477 189 2504 94)
210 2477 278 2510 Oro]
297 2479 338 2503 sic
355 2479 404 2503 Ed.
421 2479 514 2510 15583
541 2479 590 2504 Ed.
606 2479 680 2504 1562.
700 2484 797 2502 errore
816 2480 944 2508 tvpogr.2
968 2477 1032 2502 Pro.

141 2519 187 2551 95)
207 2520 297 2549 luctu]
317 2522 357 2545 sic
375 2524 422 2551 (=
440 2522 536 2553 Eur-ip.
554 2521 641 2555 Ίὸοις)
662 2522 746 2547 Editt.
764 2524 884 2546 receut.·
878 2538 885 2551 ‚
912 2521 993 2545 Editt.
1016 2520 1103 2550 1558,
1129 2504 1131 2541 l

178 2554 252 2578 1562.
271 2555 370 2581 luctus.
1128 2545 1131 2574 4

141 2597 189 2626 96)
207 2597 293 2625 Vide]
313 2598 353 2621 sic
371 2599 454 2623 Editt.
470 2600 556 2631 1558,

176 2632 249 2656 stine
269 2631 317 2663 (=
337 2633 431 2662 Eurip.
449 2617 556 2661 Εἶδες).

142 2676 188 2706 97)
210 2678 239 2699 ut
258 2675 347 2703 scias]
367 2675 407 2699 sie
425 2675 472 2707 (=
493 2678 584 2707 Eurip.
605 2675 641 2704 ὡς
658 2675 731 2708 ιιάθι
724 2679 765 2707 ης]
784 2677 981 2706 Editt.155s.‚
1011 2676 1102 2705 Bai-112.
1129 2678 1130 2681 ’

178 2710 394 2739 ,uus-r.1«1*x.;
415 2711 463 2734 m
479 2711 553 2736 1562
574 2714 602 2734 ut
621 2713 684 2735 sciS.
1129 2709 1132 2724 ²

577 2600 668 2632 1562„
661 2608 667 2614 ·
687 2601 783 2631 Baru.,
803 2601 920 2630 Musgr.‚
943 2599 1002 2624 Fix.
1022 2598 1103 2622 Udi·
1129 2575 1130 2588 1

656 109 1056 146 INTERPRETATIO
1083 109 1458 144 PHOENISSARUM
1486 107 1737 143 EURIPIDIS.

2069 109 2145 144 446

1151 194 1248 228 1680
1275 197 1359 228 Ant.
1387 195 1476 239 Quis
1493 202 1527 229 te
1544 205 1686 226 caecum
1708 199 1848 226 curaret
1864 192 1991 237 pater?

1201 248 1279 280 Oed.
1315 245 1472 285 Cadens,
1507 245 1710 288 ubicunque
1737 242 1826 277 mihi
1851 245 1965 277 fatum
1990 250 2059 284 est,

1558 294 1643 326 cebo
1662 294 1698 326 in
1718 295 1863 338 campis.

2096 245 2146 276 ia-

1198 349 1282 380 Ant.
1318 345 1390 378 Ubi
1413 358 1509 379 nunc
1541 351 1592 378 est
1616 344 1798 388 Oedipus,
1839 351 1873 378 et
1904 345 2059 390 inclytae
2091 357 2147 378 res

1565 394 1709 437 gestae?

1201 449 1279 482 Oed.
1313 446 1444 486 Periit,
1487 458 1559 478 una
1585 445 1659 478 dies
1680 458 1735 478 me
1758 446 1895 486 beavit,
1938 453 1972 480 et
1994 459 2065 480 una
2088 459 2146 480 me

1565 496 1732 540 perdidit.

1199 551 1283 582 Ant.
1311 547 1394 581 Non
1411 547 1518 592 igitur
1535 553 1679 591 oportet
1701 553 1735 579 et
1752 560 1808 580 me
1833 548 2044 593 participem
2070 549 2148 582 fieri

1561 605 1705 632 tuorum
1725 599 1903 631 malorum
1914 599 1929 632 ἐ’

1151 649 1249 683 1685
1287 651 1364 685 Oed.
1398 649 1522 694 Turpe
1555 655 1606 683 est
1636 650 1781 683 exilium
1813 650 1906 682 filiae
1939 662 2018 682 cum
2043 662 2147 685 caeco

1529 708 1535 712 ·
1556 707 1672 745 patre.

1199 754 1282 786 Ant.
1320 751 1456 786 Stultae
1480 751 1646 797 quidem,

1559 809 1674 848 pater.

1201 856 1280 889 Oed.
1309 853 1488 887 Adducito
1506 866 1580 894 me,
1607 861 1646 887 ut
1661 853 1835 897 attingam
1852 860 2003 887 matrem
2020 860 2131 887 tuam.

1200 908 1284 939 Ant.
1312 905 1404 938 Ecce
1423 912 1531 950 tango
1548 918 1660 938 manu
1677 904 1922 939 charissimam
1942 918 2062 940 anum.

1203 952 1281 991 Oed.
1310 957 1342 990 Ο
1360 963 1494 996 mater,
1523 970 1542 989 o
1563 957 1720 989 coniunx
1737 956 1955 989 miserrima!

1153 1007 1252 1041 1690
1297 1009 1382 1041 Ant.
1421 1007 1676 1041 Miserabiliter
1712 1007 1802 1040 iacet
1820 1034 1828 1047 ,
1876 1005 2013 1041 habens
2047 1007 2151 1041 simul

1571 1058 1692 1091 omnia
1712 1059 1819 1093 mala.

1205 1112 1281 1145 Oed.
1311 1110 1382 1143 Ubi
1402 1116 1452 1143 est
1469 1110 1621 1143 cadaver
1636 1109 1789 1143 Eteoclis
1805 1116 1839 1143 et
1856 1109 2068 1155 Polynices?

1202 1164 1285 1195 Ant.
1313 1160 1366 1193 llli
1388 1163 1459 1195 duo
1477 1161 1671 1206 porrectim
1688 1160 1805 1194 iacent
1820 1161 1917 1194 iuxta
1938 1173 1986 1194 se.

1205 1215 1283 1248 Oed.
1313 1214 1465 1257 Appone
1484 1225 1625 1246 caecam
1651 1224 1799 1247 manum
1825 1224 1932 1257 super
1957 1213 2064 1246 facies
2088 1212 2154 1245 mi-

1572 1275 1747 1298 serorum.

1203 1318 1286 1349 Ant.
1312 1314 1403 1348 Ecce
1421 1317 1655 1359 tangejmanu
1672 1321 1753 1349 tuos
1770 1320 1933 1348 mortuos
1950 1315 2094 1348 liberos.

1155 1365 1253 1402 1695
1283 1368 1362 1401 Oed.
1391 1366 1424 1399 O
1443 1365 1549 1399 chara
1569 1367 1742 1400 cadavera
1759 1366 1881 1399 miseri
1896 1366 2027 1410 patris!

1203 1420 1286 1452 Ant.
1315 1417 1347 1449 O
1368 1415 1614 1451 charissimum
1633 1429 1766 1451 nomen
1784 1418 1966 1462 Polynicis
1982 1415 2089 1450 mihi!

1207 1471 1284 1503 oed.
1320 1469 1424 1502 Nunc
1452 1469 1637 1502 oraculum
1663 1469 1862 1513 Apollinis,
1906 1481 1926 1501 o
1952 1469 2043 1508 filia,
2076 1479 2156 1511 per-

1571 1519 1700 1554 ficitur.

1204 1574 1289 1604 Ant.
1315 1570 1446 1614 Quod?
1476 1583 1521 1603 an
1544 1571 1638 1605 dices
1657 1571 1725 1603 alia
1743 1570 1836 1603 mala
1854 1582 1960 1614 supra
1980 1567 2093 1602 haec'.¹>

1207 1624 1286 1656 Oed.
1315 1621 1374 1654 Me
1392 1619 1543 1654 Athenis
1562 1621 1779 1654 moriturum
1799 1633 1872 1654 esse
1891 1620 2041 1653 exulem.

1157 1674 1255 1708 1700
1282 1676 1366 1708 Ant.
1394 1672 1578 1706 Ubinam?
1608 1685 1698 1717 quae
1716 1672 1824 1706 turris
1840 1671 1957 1705 Attica
1982 1677 2015 1704 te
2032 1671 2079 1717 ⁹⁹)
2102 1683 2156 1704 re—

1568 1723 1700 1769 cipiet?

1209 1778 1286 1810 Oed.
1314 1776 1421 1809 Sacer
1439 1775 1597 1809 Colonus
1609 1802 1617 1815 ‚
1644 1776 1744 1808 locus
1759 1774 1932 1820 equestris
1950 1772 2031 1807 Dei.

1207 1828 1274 1860 Sed
1295 1840 1377 1872 age,
1405 1827 1536 1861 servito
1556 1839 1659 1860 caeco
1680 1825 1797 1870 patri,

1205 1880 1241 1912 Si
1263 1880 1407 1924 quidem
1427 1879 1525 1923 cupis
1542 1891 1614 1912 esse
1633 1878 1727 1912 socia
1745 1875 1852 1911 huius
1871 1875 1980 1910 exilii.

1206 1931 1305 1964 Vade
1341 1931 1378 1963 in
1413 1931 1556 1964 exilium
1594 1930 1764 1963 miserum
1782 1956 1792 1969 ‚
1840 1928 1972 1973 praebe
2009 1924 2155 1960 charam

1577 1993 1739 2015 manum.

1160 2031 1257 2066 1705
1284 2035 1368 2067 Ant.
1397 2032 1548 2076 Opater
1563 2044 1688 2072 senex,
1717 2031 1883 2064 comitem

1207 2084 1266 2117 Me
1290 2081 1445 2124 habens,
1481 2083 1572 2117 sicut
1595 2083 1790 2117 secundum
1810 2087 1955 2114 ventum
1984 2078 2157 2112 comitan-

1574 2141 1644 2168 tem
1662 2146 1782 2167 naves.

1689 752 1750 785 sed
1781 763 1855 784 non
1888 752 2151 798 generosae93),

1899 2028 1959 2075 ¹⁰⁰)

1192 2229 1239 2257 98)
1259 2230 1367 2254 stultae
1385 2231 1510 2261 quidem,
1544 2231 1594 2254 sed
1620 2237 1673 2254 non
1693 2234 1864 2258 generosae
1869 2229 1881 2256 ]
1907 2227 1947 2251 sic
1965 2226 2049 2250 Editt.
2058 2227 2156 2267 1558.,

1229 2264 1304 2290 1562.
1324 2265 1418 2295 (quasi
1437 2265 1568 2296 legisset:
1601 2262 1638 2288 Οὔ
1663 2261 1849 2295 σωφρονούσῃ
1876 2269 1894 2294 γ
1911 2279 1919 2291 ,
1951 2258 2014 2284 ἀλλ’
2035 2257 2067 2284 οὗ
2092 2268 2155 2292 γ-εν

1227 2300 1292 2321 νἀια
1301 2301 1340 2329 ‚;)
1367 2300 1416 2323 Ed
1432 2301 1513 2324 Barn.
1530 2299 1578 2331 (z
1589 2300 1638 2323 Ed.
1653 2299 1736 2323 Basil.
1754 2296 1843 2327 1551.)
1864 2298 1957 2320 habet:
1984 2293 2022 2319 Οὔ
2040 2301 2157 2327 σωφρο-

1228 2331 1313 2366 101'50·
1333 2330 1366 2366 γ’
1368 2352 1376 2364 ,
1395 2331 1464 2357 &Md
1484 2335 1616 2364 γνμειιαιᾳ,
1635 2333 1778 2355 Modestae
1797 2331 1905 2361 quidem
1924 2335 1978 2353 nou
1997 2331 2041 2354 est
2051 2331 2156 2370 turpe,

1225 2368 1275 2390 sed
1294 2370 1449 2397 superbae3
1469 2368 1518 2391 Ed.
1541 2368 1599 2391 Fix.
1618 2366 1660 2405 (et
1678 2366 1828 2392 Valcken)
1849 2362 1886 2388 Οὐ
1905 2361 2092 2397 σωφρονούσῃ
2110 2372 2156 2398 y,

1225 2399 1296 2424 ἀλλά
1321 2403 1437 2433 φενντιία
1463 2402 1538 2430 (scil.
1571 2408 1623 2432 qv
1626 2398 1680 2431 ἠ’),
1715 2400 1859 2424 Modestae
1891 2399 1997 2429 quidem
2026 2405 2081 2423 non
2112 2402 2155 2424 est

1226 2437 1328 2467 turpe,
1349 2437 1398 2460 sed
1416 2437 1570 2460 honestum.
1592 2434 1655 2466 (Ed.
1669 2435 1774 2465 Musgr.
1794 2434 1822 2457 in
1840 2435 1917 2457 textu
1937 2440 1996 2457 cum
2016 2435 2109 2465 Bam,
2127 2434 2153 2457 in

1224 2471 1274 2495 lat.
1294 2471 1437 2501 interpret.
1459 2477 1520 2494 cum
1537 2470 1616 2493 Fixio
1635 2468 1795 2500 consentit).

1191 2504 1238 2536 99)
1258 2507 1301 2533 te]
1323 2506 1364 2528 sic
1386 2507 1435 2533 (z-
1448 2504 1541 2534 Eun-ip.
1560 2502 1606 2535 σε)
1627 2504 1710 2528 Editt.
1729 2504 1815 2536 1558,
1833 2504 1928 2534 narn„
1945 2504 2062 2534 Musgr.‚
2078 2502 2156 2533 Fix,;

1225 2539 1252 2562 in
1271 2539 1321 2564 Ed.
1336 2539 1410 2563 1562.
1430 2539 1519 2564 deest.

1191 2572 1255 2604 100)
1276 2575 1356 2597 Vade
1372 2574 1398 2597 in
1414 2573 1524 2596 exilium
1539 2572 1683 2604 miserum,
1703 2573 1803 2602 praebe
1818 2572 1927 2595 charam
1942 2577 2057 2595 manum.
2084 2572 2152 2596 Ant.

1227 2609 1249 2632 Ο
1268 2610 1346 2638 pater
1366 2614 1467 2637 senex,
1488 2608 1628 2636 comitem]
1650 2607 1690 2630 sic
1708 2606 1753 2637 (=
1773 2607 1867 2635 Eurip.
1886 2606 1934 2630 Ed.
1956 2606 2041 2631 nasu,
2062 2605 2152 2636 1551.)

1226 2643 1309 2666 Editt.
1328 2643 1419 2669 1558..
1442 2642 1531 2669 15623
1551 2642 1650 2670 Barn.,
1669 2643 1790 2671 Musgr.‚
1811 2641 1869 2665 Fix.
1888 2641 1985 2663 melius
2005 2641 2060 2663 sic:
2087 2641 2152 2664 Ant.

1226 2677 1304 2700 vade
1324 2678 1350 2700 iu
1370 2677 1480 2700 exilium
1501 2676 1646 2701 miserum,
1672 2677 1772 2705 praebe
1791 2681 1884 2698 caram
1903 2680 2027 2705 inanum,
2060 2675 2081 2698 Ο
2101 2680 2151 2704 pa·-

1226 2716 1268 2735 ter
1288 2718 1389 2737 senex.
1409 2711 1534 2734 comitem
1554 2712 1601 2738 (z
1621 2712 1688 2735 text.
1708 2716 1749 2739 gr.
1768 2710 1862 2732 harum
1881 2707 1989 2739 Eunt).
