2373 2980
214 90 283 125 131
773 86 896 122 PHIL.
932 86 1044 121 MEL.
1079 86 1282 122 SCRIPTA
1316 87 1653 124 PHILOLOGICA.
2151 90 2225 128 132

213 174 367 202 verborum
389 181 576 211 actoremque
598 170 736 210 rerum.'',
758 172 786 200 in
801 172 901 210 quinto
915 178 1029 201 autem:
1050 172 1118 211 „Ex
1130 174 1193 202 Ho-

213 217 288 245 meri
311 216 395 245 Iliad.
419 217 468 244 lib.
485 216 536 244 IX.
557 215 724 253 (Phoenicis
747 211 884 254 oratio).''

312 265 468 299 Incertus
489 277 587 298 casus
614 264 783 310 dubiique
806 264 962 308 pericula
988 264 1126 306 Martis,

261 315 478 360 Consiliique
503 321 595 348 artes
620 316 782 349 nondum
804 314 983 361 pelidem)
1007 317 1164 357 tenebas,

239 419 288 446 22)
307 416 411 449 Petide]
441 416 481 441 sic
499 417 645 447 Grattius,
671 416 798 443 vincent.
817 419 845 442 et
863 418 946 449 corp.
964 418 1094 451 Rer.⁴x.;
1122 421 1190 452 Opp.

274 452 358 477 Basil.
368 459 375 476 z
394 451 496 476 Pelida.⁴

1294 174 1394 220 Quae
1437 175 1542 207 decus
1581 174 1794 207 immensum
1832 172 1980 218 pariunt
2019 174 2224 221 famamque

1912 236 2120 269 perennem.

1290 275 1338 309 At
1354 275 1418 308 tibi
1436 288 1491 309 me
1508 275 1634 308 Peleus
1651 274 1817 308 comitem
1834 281 1935 319 pater
1953 276 2109 317 addidit,
2129 277 2224 311 unde

1290 325 1441 360 Dicendi
1463 327 1576 360 discas
1601 325 1778 359 rationem
1805 331 1840 359 et
1860 326 1967 360 fortia
1993 328 2098 362 facta.

701 601 732 625 e.
786 586 864 623 EX
898 587 1155 624 ILIADOS
1196 585 1380 623 LIBRO
1410 587 1500 623 XV.
1536 586 1731 623 LOCUS

735 656 968 685 PHILIPPO
997 655 1331 685 MELANTHONE
1360 654 1685 684 INTERPRETE.

377 733 437 767 12.
476 730 650 764 Iliados
673 731 756 772 XV,
781 731 1009 767 494—499.

325 799 436 827 Horum
459 807 596 826 versuum
618 799 820 836 interpretatio
843 800 884 828 sic
904 800 1060 838 inscripta:
1092 800 1183 837 „He-

194 846 258 870 ctor
287 841 366 878 apud
388 841 546 868 Homerum
570 840 675 869 iliados
697 840 746 870 15.
770 841 940 871 adhortatur
963 843 1122 879 Troianos,
1152 848 1183 870 ut

194 893 249 922 pro
272 884 368 922 patria
393 882 572 921 dimicentssx’,
594 884 741 911 invenitur

279 942 306 961 a.
329 933 358 960 in
381 932 531 960 Grathusii
554 932 669 961 collect.
692 933 873 970 Epigramm.
896 933 949 962 fol.
966 933 1056 970 Mau,

279 984 308 1012 b.
330 983 360 1010 in
383 983 530 1011 Vincentii
552 983 667 1012 collect.
691 991 792 1011 eorum
814 983 865 1011 sol.
882 983 907 1011 L
921 983 970 1021 7³,

279 1043 305 1064 c.
328 1034 356 1062 in
379 1033 465 1061 huius
487 1033 577 1072 Corp.
599 1033 668 1063 Res.
692 1033 761 1062 Vol.
781 1033 818 1062 X.
841 1043 870 1071 p.
885 1033 959 1063 666.
983 1043 1028 1062 nr.
1045 1031 1131 1069 380„

279 1084 310 1114 d.
335 1085 364 1112 in
396 1084 467 1113 Mel.
490 1085 735 1123 interpretatione
765 1084 902 1112 orationis
930 1084 1059 1121 Lycurgi
1086 1088 1186 1111 contra

325 1127 514 1162 Leocratem‚
537 1128 565 1154 in
590 1127 675 1155 huius
689 1127 776 1164 Corp.
800 1126 867 1155 Vol.
882 1126 975 1155 XVII.
999 1135 1029 1163 p.
1045 1124 1119 1155 964.
1142 1125 1187 1153 vi.

1362 731 1474 759 delicet
1516 738 1633 759 versus:
1676 729 1836 767 „Conserti
1869 739 1960 758 naves
1988 746 2030 751 —
2064 732 2096 759 in
2131 731 2225 770 patria

1365 772 1496 810 regna.’',
1525 778 1704 811 quapropter
1725 773 1868 810 integram
1891 772 1976 800 huius
1998 772 2053 801 loci
2074 774 2224 811 interpre-

1363 816 1502 844 tationem
1517 815 1625 843 afferre
1640 816 1865 852 supersedemus
1876 813 2062 854 (confisupra
2069 826 2100 854 p.
2110 815 2170 846 121
2180 825 2225 854 sq.

1361 863 1433 885 nota
1443 855 1521 896 **))‚
1543 863 1572 886 et
1595 857 1793 885 tantummodo
1815 866 1932 885 versum
1955 862 2090 886 octavum
2110 867 2224 886 memo-

1365 909 1479 935 ramus,
1501 900 1530 926 in
1545 900 1623 927 cuius
1637 908 1694 927 una
1712 908 1781 927 voce
1797 899 1827 926 hi
1849 900 1915 927 libri
1937 899 2014 927 inter
2028 908 2060 928 se
2074 900 2223 929 differunt.

1365 941 1540 970 Grathusius
1556 942 1633 970 enim
1654 941 1817 979 etLycurgi
1831 941 1922 970 oratio
1937 949 2004 970 eum
2018 941 2058 971 sic
2071 941 2225 971 exhibent:

1289 1007 1362 1053 Qui
1385 1015 1468 1042 sunt
1491 1009 1615 1042 aetatis
1637 1009 1777 1042 suturae
1799 1008 1934 1042 semina
1959 1014 1994 1041 et
2017 1008 2126 1043 urbis.

1363 1066 1536 1095 Vincentius
1560 1072 1659 1095 autem
1682 1073 1712 1096 et
1734 1067 1824 1105 Corp.
1845 1066 1915 1097 Res.
1931 1066 1968 1096 X.
1991 1067 2049 1097 sic:

1289 1116 1362 1162 Qui
1384 1123 1467 1150 sunt
1499 1118 1626 1151 aetatis
1648 1124 1821 1151 venturae
1846 1118 1983 1152 semina
2010 1124 2045 1152 et
2069 1118 2179 1153 urbis.

675 1269 701 1305 f.
754 1267 836 1304 EX
872 1266 1124 1304 ILIADOS
1160 1266 1344 1303 LIBRO
1375 1266 1515 1303 XVIII.
1553 1267 1748 1304 LOCUS

737 1337 961 1366 emmeno
999 1336 1332 1366 MELANTHONE
1361 1336 1689 1366 INTERPRETE.

430 1413 489 1447 13.
516 1412 688 1447 Iliados
716 1412 847 1452 XVIII,
873 1412 958 1447 107.

199 1477 291 1506 Huius
312 1487 414 1507 versus
436 1478 640 1516 interpretatio
662 1479 809 1516 reperitur

283 1538 307 1558 a.
326 1530 356 1557 in
377 1529 527 1557 Grathusii
550 1529 664 1558 collect.
688 1530 869 1568 Epigramm.
893 1529 945 1558 sol.
964 1528 989 1557 L
1004 1527 1052 1558 2¹².
1083 1527 1187 1555 inscri-

326 1577 396 1610 pta:
418 1572 492 1608 „Ex
514 1571 674 1602 Homero.’'

281 1623 310 1652 b.
333 1622 361 1650 in
393 1622 542 1650 Vincentii
573 1623 688 1651 collect.
712 1631 813 1651 eorum
841 1619 1000 1655 s01.K5b‚
1030 1619 1188 1657 inscripta:

329 1664 404 1702 „Ex
428 1663 479 1695 18.
502 1664 585 1694 Iliad.
608 1664 761 1694 Homeri.'’

1289 1411 1343 1445 Sit
1381 1412 1507 1456 procul
1538 1424 1557 1445 a
1588 1411 1721 1445 Divum
1759 1417 1793 1443 et
1827 1409 2017 1444 hominum
2048 1410 2225 1444 discordia

1921 1462 2027 1495 rebus
2040 1460 2099 1509 23).

1272 1581 1320 1610 23)
1343 1581 1370 1604 et
1395 1578 1533 1604 hominum
1559 1577 1700 1602 discordia
1723 1576 1821 1611 rebus]
1845 1577 1885 1603 sic
1910 1578 2040 1605 arathus.
2048 1586 2059 1611 ς
2080 1577 2225 1604 Vincent.:

1307 1616 1390 1646 atque
1412 1614 1550 1638 hominum
1567 1613 1709 1638 discordia
1727 1616 1816 1638 coetu.

674 1820 709 1854 g.
763 1807 844 1843 EX
884 1806 1138 1844 ILIADOS
1175 1806 1359 1844 LIBRO
1389 1807 1518 1844 XXII.
1554 1805 1751 1843 LOCUS

749 1875 969 1904 PfflLtPPo
998 1876 1328 1906 MELANTHONE
1358 1874 1685 1904 lNTERPRETE.

394 1966 452 2001 14.
480 1966 662 2001 Iliados
689 1967 802 2009 XXII,
826 1967 1005 2004 25—31.

326 2042 418 2070 Huius
442 2043 497 2071 loci
519 2043 724 2082 interpretatio
747 2046 787 2073 sic
811 2045 964 2083 inscripta:
992 2045 1087 2083 „Sirii
1108 2052 1188 2075 ortus

198 2085 301 2114 noxios
324 2090 421 2113 aestus
443 2085 552 2123 efficit,
573 2095 612 2114 ex
634 2087 761 2115 Homero
785 2087 889 2115 Iliados
912 2087 982 2117 22.”

281 2153 309 2173 a.
330 2143 359 2172 in
384 2143 534 2172 Grathusii
555 2143 671 2173 collect.
692 2145 869 2184 Epigramm.
890 2145 942 2174 fol.
960 2145 985 2174 L
1002 2144 1061 2181 75„

283 2202 312 2231 b.
334 2202 363 2229 in
387 2201 536 2230 Vincentii
557 2204 673 2232 collect.
697 2212 798 2232 eorum
820 2204 873 2232 sol.
889 2204 914 2233 L
927 2203 968 2242 2.,

283 2269 310 2291 c.
328 2260 358 2288 in
382 2260 467 2290 huius
490 2262 578 2301 Corp.
600 2262 669 2291 Res.
692 2263 757 2293 Vol.
775 2262 811 2291 X.
831 2273 861 2302 p.
875 2262 948 2293 664.
971 2273 1016 2293 nr.
1032 2262 1105 2293 374.

1339 1952 1456 1998 Quem
1480 1952 1599 1987 senior
1618 1950 1785 1985 Priamus
1815 1949 1952 1994 primus
1981 1949 2164 1994 conspexit
2185 1949 2225 1983 in

1909 2013 2019 2034 arnus

1288 2054 1498 2097 Fulgentem
1524 2051 1633 2085 veluti
1659 2052 1774 2092 sidus,
1799 2052 1894 2096 quod
1922 2052 1996 2085 sole
2019 2051 2144 2084 relicto

1290 2104 1413 2137 Anteit
1435 2110 1645 2137 autumnum
1659 2131 1668 2144 ,
1692 2109 1958 2148 nocturnosque
1984 2102 2117 2136 eminet
2130 2101 2223 2137 inter

1289 2154 1408 2199 Ignes,
1431 2161 1537 2200 atque
1560 2166 1623 2188 suo
1650 2154 1760 2188 vincit
1782 2154 1971 2198 splendore
1995 2154 2171 2195 tenebras,

1289 2205 1526 2251 Formosique
1550 2212 1646 2238 tenet
1669 2217 1803 2239 nomen
1828 2205 1933 2239 Canis
1960 2205 2120 2246 Orionis,

1291 2257 1364 2302 Qui
1378 2257 1504 2291 febrim
1525 2258 1711 2292 etmorbos
1722 2257 1859 2291 miseris
1871 2257 2081 2292 mortalibus
2097 2256 2220 2292 adfert.
