2373 2980
236 115 330 149 1075

240 200 306 235 185
343 199 383 233 El
411 198 437 231 si
467 196 544 241 quis
574 195 721 238 quaerat
744 186 961 234 Dirphen¹⁹)
987 187 1215 227 Abanfidem,

641 253 731 288 quae
750 247 781 273 te
799 239 961 278 nutrivit,

285 303 385 334 Certe
403 310 473 331 non
493 304 524 329 te
542 308 580 328 ea
599 291 815 329 laudaverim
835 302 908 324 non
926 295 975 323 est
993 289 1086 322 enim
1106 289 1217 328 locus,

642 344 677 377 in
696 355 767 389 qno

286 401 428 446 Aliquid
453 395 624 443 praeclari
648 393 815 439 gesseris,
848 399 887 425 ut
911 398 1034 426 testem
1059 390 1217 434 accipere

645 445 799 490 patriam
815 443 938 488 possis.

288 502 471 535 inventum
503 505 620 532 autem
657 495 955 540 sapientissimum
968 521 976 534 ,
1014 491 1218 538 pharetram

642 554 675 580 et
693 559 813 580 arcum

288 600 530 646 Reprehendis
542 626 550 639 ‚
574 611 669 632 nnnc
685 610 740 631 me
758 597 904 631 audiens
922 595 1062 640 sapiens
1080 592 1207 638 fias20).

244 655 311 688 190
336 653 399 686 Vir
418 658 574 685 armatus
589 662 711 684 servus
727 655 778 682 est
796 660 992 686 armorum,

287 705 331 738 Et
355 705 498 749 quando
528 702 587 747 qui
613 700 720 735 simul
742 700 778 732 in
804 699 877 732 acie
900 703 1011 735 stant,
1044 706 1117 727 non
1141 699 1222 727 sunt

645 751 793 790 strenui,

291 805 394 850 „lpse
427 816 569 850 quoque
606 802 783 835 occumbit
817 805 963 845 propter
996 796 1221 830 timiditatem

652 864 775 885 corum
788 879 796 891 ,
822 851 883 896 qui
901 849 931 883 ei
948 850 1100 882 adstant.

290 907 335 940 Et
350 906 409 939 ubi
426 905 569 948 fregerit
586 902 721 936 hastam
733 929 741 942 ‚
769 914 841 934 non
862 906 975 945 potest
993 911 1010 931 a
1034 909 1182 941 corpore

292 958 444 991 Mortem
464 955 659 999 depellere,
686 954 776 986 vires
797 953 910 985 solum
930 948 1074 982 liabens.

244 1008 314 1042 195
354 1007 425 1052 Qui
457 1018 540 1038 vero
564 1016 708 1037 manum
736 1001 862 1041 habet,
902 1013 992 1046 quae
1017 1000 1105 1032 bene
1132 997 1224 1029 iacn-

655 1054 759 1093 letur,

294 1110 410 1142 Unum
437 1106 542 1140 habet
566 1105 740 1150 optimum
755 1131 762 1143 ‚
792 1103 888 1148 qnod
909 1101 1020 1134 multa
1039 1100 1107 1133 tela
1126 1097 1225 1131 emit·

648 1163 724 1189 tens

289 1212 327 1244 ln
345 1210 432 1243 alios
444 1236 451 1249 ‚
480 1221 581 1242 suum
602 1219 729 1251 corpus
750 1203 907 1238 defendit
924 1214 942 1235 a
958 1208 1091 1239 morte;

292 1262 334 1295 Et
351 1260 474 1305 procul
492 1266 607 1299 stans,
631 1256 748 1292 hostes
765 1254 957 1293 ulciscitur,

290 1313 492 1345 Vulnerans
509 1322 582 1342 non
598 1310 758 1342 videntes
775 1306 887 1339 caecis
902 1304 990 1337 telis.

239 1366 313 1400 200
333 1363 456 1407 Neque
472 1363 533 1394 dat
549 1373 677 1404 corpus
693 1358 865 1396 hostibus,

290 1414 357 1448 Sed
375 1420 426 1446 est
443 1413 478 1444 in
494 1413 572 1445 loco
591 1417 678 1444 tuto.
732 1409 821 1442 Illud
842 1412 959 1440 autem
978 1404 1015 1436 in
1029 1414 1148 1448 pugna

289 1463 597 1509 Sapientissimum
617 1468 687 1501 est,
712 1460 923 1493 laedendum
942 1454 1061 1488 hostes

291 1517 439 1549 Servare
458 1526 585 1558 corpus
600 1524 673 1545 non
694 1509 888 1544 obnoxium
906 1508 1083 1540 fortunae.

291 1567 384 1600 Haec
403 1565 518 1598 oratio
537 1562 752 1597 contrariam
773 1567 853 1593 tuae

240 1617 313 1654 205
339 1616 559 1651 Sententiam
579 1613 688 1648 habet
704 1614 745 1646 de
767 1611 870 1644 rebus
888 1606 1092 1653 propositis.

292 1668 424 1701 Verum
441 1667 571 1700 liberos
584 1664 691 1699 hosce
710 1675 770 1697 cnr
789 1662 841 1696 vis
863 1657 1047 1693 occidere?

297 1720 392 1764 Quid
422 1719 487 1751 tibi
511 1714 695 1751 fecerunt?

659 1765 833 1801 existimo,

280 1907 324 1933 ¹9)
344 1903 478 1933 Dirplien]
494 1901 534 1923 sic
551 1898 598 1930 (z
611 1897 704 1927 Eurip.
719 1894 846 1927 Δίρφην)
861 1894 944 1918 EdItt.
961 1891 1035 1915 1558.
1051 1892 1077 1913 et
1096 1889 1207 1912 recentt.
1221 1895 1228 1915 ;
1255 1890 1257 1920 ξ

313 1939 361 1962 Ed.
383 1936 456 1960 1562.
478 1935 586 1958 Dircen.

278 1991 326 2017 20)
352 1988 410 2012 Am.
437 1986 538 2016 iupiter
557 1996 589 2000 -
610 1981 721 2011 sapiens
746 1981 805 2004 fias.
832 1981 888 2008 (vs.
910 1975 1097 2001 ¹70-189.]]
1124 1973 1163 1995 sic
1183 1972 1229 1995 Ed.
1256 1965 1258 2003 ἶ

318 2022 406 2050 {5623
427 2021 476 2044 Ed.
499 2018 594 2042 1558:

348 2057 408 2081 Am.
428 2054 476 2078 Sui
495 2052 600 2082 quidem
619 2050 720 2079 Iupiter
739 2047 868 2071 defendat
888 2045 982 2074 partes

350 2089 429 2119 Filii3
448 2087 518 2118 quod
538 2091 604 2108 vero
624 2084 658 2107 ad
678 2090 736 2109 me,
755 2088 770 2105 o
791 2080 939 2107 Hercula,
960 2076 1023 2100 mihi
1042 2081 1124 2099 curae
1145 2076 1197 2101 est,

350 2123 438 2148 Dictis
452 2121 588 2150 insignem
607 2118 685 2140 liuius
707 2115 851 2140 stultitiam
869 2118 918 2143 pro
938 2113 965 2134 te

351 2158 527 2185 Coarguere3
552 2153 624 2176 male
643 2150 712 2174 enim
731 2152 758 2173 te
778 2155 831 2172 non
850 2145 1059 2178 permittendum
1078 2143 1181 2166 audire.

352 2192 472 2215 Primum
491 2189 582 2217 itaque
600 2185 719 2209 nefanda
738 2184 824 2212 (inter
844 2180 962 2205 nefanda
980 2178 1049 2202 enim

356 2227 440 2250 Tuam
456 2222 573 2247 aestimo
591 2219 774 2247 timiditatem,
795 2216 940 2242 llercules)

356 2259 483 2285 'restibus
495 2256 566 2285 Diis,
585 2253 712 2278 convenit
731 2258 772 2275 ine
791 2255 921 2274 amovere
938 2248 987 2271 abs
1006 2247 1040 2270 te.

357 2294 430 2318 lovis
450 2291 552 2315 fulmen
571 2294 638 2312 vero
656 2287 814 2316 interrogo,
833 2287 997 2312 currusque,

358 2329 434 2358 Quos
454 2323 659 2352 conscendens,
677 2320 747 2351 ipsis
769 2321 862 2342 terrae
880 2316 953 2340 natis

355 2359 533 2392 Gigantibus,
550 2356 684 2381 lateribus
703 2354 833 2378 volatiles
852 2350 1013 2380 adaptasset
1032 2347 1161 2378 sagittas.

357 2397 447 2425 Ipsam
465 2392 609 2415 victoriam
626 2396 686 2413 cum
704 2389 765 2412 Diis
785 2385 945 2411 celebravit.

359 2426 565 2459 Quadrupedem
588 2424 749 2448 iniuriosam
768 2422 967 2446 Centaurorum
985 2417 1115 2447 sobolem,

359 2463 400 2486 Ad
419 2462 537 2485 Pholoen
557 2459 712 2489 profectus,
733 2463 747 2480 o
767 2456 885 2485 pessime
904 2459 963 2481 rex,

360 2498 519 2525 Interroga,
539 2500 617 2523 quem
636 2492 725 2514 virum
745 2490 872 2519 optimum
893 2485 1083 2515 iudicaverint,

359 2533 402 2555 An
422 2536 473 2553 non
493 2528 573 2551 filium
592 2533 694 2555 meum,
714 2531 792 2554 quem
811 2526 839 2547 tu
858 2523 900 2546 ais
920 2528 983 2544 esse
1001 2516 1111 2543 visum?

360 2565 532 2593 Dirphenqne
549 2562 743 2590 interrogans,
762 2564 831 2588 quae
849 2559 876 2581 te
898 2555 1041 2584 educavit,
1064 2552 1236 2582 Abanttdem,
1262 2567 1264 2588 ζ

361 2599 421 2623 Non
441 2598 517 2621 certe
537 2594 706 2623 laudaverit5
725 2599 805 2623 „non
825 2593 868 2615 est
883 2590 969 2621 enim,
989 2589 1034 2612 ubi

361 2634 505 2664 „Strenue
524 2629 585 2659 qnid
598 2634 699 2658 agens,
720 2628 814 2650 testem
834 2625 952 2654 accipias
973 2622 1097 2653 patriam.

362 2664 598 2695 sapientissimum
617 2667 683 2685 vero
702 2661 856 2689 inventum,
876 2658 1049 2689 sagittariam
1068 2657 1237 2680 armaturam

361 2698 564 2730 Reprehendis:
582 2696 696 2721 audiens
716 2701 787 2718 nunc
804 2695 896 2725 itaque
913 2700 930 2718 a
949 2699 1007 2723 me,
1027 2691 1136 2722 sapiens
1155 2690 1214 2715 fias.

817 101 938 137 PHIL.
967 100 1078 136 MELt
1106 99 1306 136 SCRIPTA
1333 96 1665 132 PHILOLOGICA.

753 1713 830 1746 Una
861 1712 897 1744 in
923 1723 960 1743 re
984 1716 1016 1742 te
1030 1707 1225 1752 sapientem
1253 1717 1255 1741 l

2150 101 2249 136 1076

1236 197 1244 221 ·,
1319 183 1425 228 Quod
1448 190 1607 227 posteros
1629 183 1848 228 optimorum
1874 186 2054 225 virorum,
2081 198 2159 220 cum
2178 186 2252 231 ipse

1241 236 1243 262 ζ
1677 234 1792 268 malus
1808 235 1867 276 sis,

1319 283 1466 321 Metuis;
1491 284 1552 316 sed
1570 281 1638 317 hoc
1652 285 1756 318 nobis
1772 292 1823 319 est
1841 298 1959 329 grave,

1243 361 1244 376 2
1270 335 1344 370 210
1368 334 1405 368 Si
1421 340 1568 378 propter
1584 340 1681 368 tuam
1697 336 1924 370 timiditatem
1941 338 2155 378 morientur,

1322 385 1429 430 Quod
1452 396 1606 430 aequum
1632 393 1726 427 erat,
1758 393 1797 420 ut
1819 399 1837 420 a
1862 388 1983 429 nobis,
2008 389 2068 433 qui
2092 389 2258 423 meliores

1350 486 1356 492 ·
1680 450 1820 478 sumus,
1841 439 1905 472 tibi
1923 439 2157 483 contingeret,

1244 496 1246 541 ἓ
1322 486 1357 519 S1
1376 484 1509 530 Iupiter
1532 487 1663 521 iustum
1683 500 1764 531 erga
1784 500 1849 523 nos
1871 490 2029 524 animum
2046 488 2259 535 haberetm).

1324 537 1430 581 Quod
1455 537 1484 570 si
1512 537 1620 581 igitur
1645 545 1682 572 tu
1710 539 1902 584 imperinm
1937 540 2040 575 huius
2069 547 2184 574 terrae
2208 540 2259 574 vis

1246 599 1248 646 l
1686 587 1830 630 hahere,

1327 636 1488 670 Concede
1512 639 1634 681 nobis,
1660 646 1694 673 et
1718 642 1942 685 egrediamur
1958 654 1998 676 ex
2013 641 2079 676 hac
2102 649 2196 675 terra
2223 641 2259 674 in

1247 694 1249 729 ζ
1689 692 1844 726 exilium.

1248 775 1249 778 ,
1275 736 1348 774 215
1390 739 1625 785 Nequaquam
1657 753 1741 774 vero
1771 742 1843 776 vim
1872 743 1997 783 facies,
2037 749 2097 777 aut
2117 742 2260 787 patieris

1686 804 1820 836 grawa,

1328 839 1416 873 Cum
1435 840 1538 875 flatus
1553 841 1620 874 Dei
1638 849 1793 877 mutatus
1811 843 1928 877 fuerit.

1250 926 1251 940 ἰ
1328 889 1442 923 Proh!

1250 961 1252 994 ,¹
1328 941 1360 973 O
1379 947 1470 974 terra
1490 942 1615 975 Cadmi
1633 942 1695 987 (ad
1712 950 1744 977 te
1761 944 1855 978 enim
1873 944 1976 977 venio

1250 995 1253 1028 ξ
1329 991 1444 1024 Verba
1462 993 1716 1027 conviciatoria
1735 994 1975 1040 renuntians),

1251 1085 1253 1097 ἦ
1330 1041 1426 1075 Itane
1444 1055 1548 1086 opem
1564 1045 1661 1078 fertis
1679 1045 1823 1079 Herculi
1838 1052 1872 1078 et
1890 1045 2010 1078 liberis
2028 1043 2124 1078 eius?

1252 1144 1253 1147 Ἴ
1278 1093 1352 1127 220
1381 1093 1451 1137 Qui
1475 1095 1569 1127 solus
1595 1107 1712 1139 pugna
1732 1107 1810 1128 cum
1840 1096 2004 1129 omnibus
2020 1094 2152 1139 Minyis
2178 1106 2259 1128 con-

1691 1157 1827 1189 gressus

1331 1194 1446 1233 Fecit,
1469 1202 1508 1228 ut
1526 1193 1670 1229 Thebae
1688 1196 1802 1229 libero
1821 1197 1923 1229 oculo
1943 1201 2139 1234 cernerent,

1330 1244 1453 1290 Neque
1478 1246 1665 1279 Graeciam
1687 1247 1814 1287 laudo,
1856 1259 1970 1292 neque
1992 1245 2171 1280 sustinebo
2196 1255 2261 1276 un-

1688 1310 1793 1342 quam

1332 1345 1487 1387 Tacens,
1513 1348 1699 1392 pessimam
1717 1348 1898 1392 experiens
1915 1347 1952 1379 in
1969 1347 2080 1379 filium
2097 1357 2229 1383 meum,

1332 1396 1447 1441 Quam
1481 1400 1670 1443 oportebat
1699 1399 1818 1442 pueris
1851 1398 1926 1432 istis
1955 1398 2094 1442 ignem,
2132 1394 2262 1433 hastas,

1693 1461 1792 1482 arma

1279 1495 1353 1532 225
1385 1497 1492 1530 Ferre
1520 1510 1559 1531 ac
1582 1499 1723 1539 venire,
1752 1506 1791 1532 ut
1815 1511 1879 1544 pro
1906 1496 2053 1531 marinis
2082 1494 2263 1541 purgatio-

1689 1550 1793 1583 nibus

1331 1598 1376 1631 Et
1393 1605 1508 1631 terrae
1520 1626 1528 1638 ‚
1552 1600 1701 1643 gratiam
1719 1601 1882 1633 laborum
1901 1599 2086 1631 referrent.

1331 1649 1426 1683 Haec
1452 1650 1572 1690 vobis,
1600 1663 1620 1683 o
1645 1651 1771 1691 liberi,
1799 1662 1913 1696 neque
1938 1647 2194 1682 Thebanorum
2218 1645 2264 1678 ci-

1701 1708 1788 1735 Vitas

1314 1800 1362 1827 21)
1382 1800 1434 1823 Vir
1451 1800 1573 1823 armatus
1588 1811 1620 1816 —
1633 1800 1751 1824 liaberet.
1773 1799 1829 1830 (vs.
1844 1796 2031 1829 ¹⁹⁰-²¹2·)]
2051 1796 2092 1820 sic
2106 1795 2154 1820 Ed.
2173 1793 2265 1823 {5625

1350 1834 1399 1857 Ed.
1420 1834 1509 1857 1558.:

1386 1869 1464 1899 „Vir
1483 1868 1606 1891 armatus
1625 1867 1704 1896 gravi
1725 1868 1882 1897 armatura,
1899 1873 1997 1890 servus
2016 1866 2057 1888 est
2076 1868 2221 1887 armorum.
2237 1861 2239 1863 ’

1386 1903 1447 1934 „Et
1473 1901 1516 1932 qui
1536 1901 1562 1924 in
1582 1902 1675 1925 eodem
1695 1902 1789 1924 ordine
1807 1904 1885 1931 sunt,
1913 1899 2092 1924 existentibus
2113 1902 2166 1920 non
2191 1897 2266 1919 stre-

1697 1942 1769 1965 inus,

1388 1970 1478 2001 „lpse
1497 1969 1630 1992 occumbit
1649 1969 1794 1992 timiditate
1813 1974 1921 1998 eorum,
1941 1967 1987 1998 qui
2005 1973 2091 1997 prope
2108 1965 2180 1989 sunt.

1256 2009 1258 2039 l
1388 2004 1519 2035 „Ubique
1537 2003 1655 2032 fregerit
1673 2004 1797 2031 hastam,
1818 2009 1871 2026 non
1889 2003 1969 2025 habet
1987 2007 2005 2025 a
2023 2005 2140 2030 corpore

1388 2039 1531 2069 „Mortem
1549 2039 1578 2060 ut
1597 2037 1734 2066 depellat,
1754 2037 1857 2060 liabens
1878 2036 1953 2060 vires
1973 2035 2106 2065 quamviS.

1389 2072 1553 2103 „Quotquot
1572 2077 1639 2094 vero
1659 2071 1771 2101 sagittis
1790 2077 1899 2094 manum
1917 2071 2019 2094 habent
2037 2070 2149 2098 certam,

1389 2122 1408 2137 a>
1418 2107 1506 2130 Unum
1530 2106 1605 2129 certe
1629 2105 1679 2129 hoc
1704 2105 1848 2135 optimum,
1879 2104 2035 2128 innumeras
2061 2102 2179 2132 sagittas
2205 2101 2269 2126 mlt-

1698 2141 1760 2162 tens

1390 2174 1506 2207 „Aliis‚
1526 2180 1605 2197 sunm
1624 2179 1722 2203 corpus
1741 2174 1853 2203 servat,
1872 2179 1906 2196 ne
1924 2174 2041 2202 oppetat.

1391 2209 1530 2240 „Eminus
1547 2211 1637 2231 autem
1658 2209 1753 2237 stans,
1773 2208 1867 2230 hostes
1886 2206 2038 2234 ulciscitur,

1391 2242 1514 2273 „caecis
1533 2243 1678 2265 cernentes
1698 2241 1848 2264 vulnerans
1867 2239 1990 2270 sagittis,

1260 2267 1262 2299 l
1389 2277 1577 2308 „corpusque
1595 2281 1649 2299 non
1667 2275 1775 2298 exhibet
1793 2274 1931 2303 hostibus3

1261 2304 1263 2337 l
1391 2310 1523 2342 „Veruin
1542 2309 1569 2332 iu
1589 2311 1647 2332 tuto
1668 2311 1719 2332 est.
1755 2309 1825 2332 lllud
1845 2314 1910 2331 vero
1930 2308 1957 2330 in
1978 2313 2067 2338 pugna

1391 2343 1655 2377 „sapientissimum
1675 2344 1732 2373 est,
1752 2343 1846 2366 hostes
1866 2342 2028 2371 laedentem,

1391 2379 1538 2412 „Servare
1556 2383 1655 2406 corpus
1667 2393 1674 2407 ‚
1693 2382 1727 2399 ne
1745 2376 1848 2399 incidas
1868 2376 1895 2399 in
1913 2376 2083 2406 grassantes.

1391 2416 1538 2438 Sermones
1558 2411 1663 2441 quidem
1682 2410 1724 2439 lii,
1744 2410 1798 2433 tuis
1818 2411 1984 2433 contrariam

1394 2446 1561 2472 Sententiam
1581 2446 1679 2468 habent
1698 2445 1730 2467 ‹le
1750 2451 1780 2467 re
1800 2445 1948 2474 proposita.

1392 2483 1496 2507 Pueros
1515 2485 1582 2503 vero
1601 2485 1649 2503 cur
1667 2479 1736 2501 istos
1756 2479 1881 2503 occidere
1900 2475 1965 2502 vis?

1262 2517 1264 2544 ξ
1393 2514 1490 2547 „Quid
1509 2513 1556 2536 tihi
1574 2510 1718 2536 fecerunt?
1737 2513 1764 2536 in
1786 2519 1838 2542 qua
1857 2519 1886 2536 re
1906 2512 2056 2536 existimem
2076 2510 2236 2541 sapientem,

1392 2549 1449 2581 „si
1469 2548 1627 2577 optimorum
1649 2547 1736 2576 lilios,
1757 2547 1816 2576 ipse
1835 2547 1958 2570 existens
1977 2547 2076 2573 malus,

1262 2600 1264 2613 r
1393 2578 1533 2615 „Timesze
1560 2582 1614 2605 sed
1634 2582 1682 2604 luoe
1701 2583 1791 2604 tamen
1811 2582 1890 2604 nohis
1910 2587 2007 2611 grave,

1392 2619 1420 2643 Si
1440 2616 1576 2647 ignaviam
1595 2617 1667 2639 tuam
1689 2616 1857 2639 moriendum
1876 2617 1919 2638 est
1938 2617 2059 2645 propter.

1392 2650 1494 2683 „Quod
1512 2656 1625 2679 aequum
1644 2651 1705 2674 erat
1723 2651 1750 2673 te
1768 2655 1785 2673 a
1803 2650 1881 2673 nobis
1901 2649 2146 2679 praestantioribus
2164 2649 2230 2680 pati,

1394 2685 1450 2719 „si
1468 2684 1570 2714 Iupiter
1587 2689 1703 2714 aequum
1722 2684 1833 2708 liaberet
1852 2689 1918 2715 erga
1937 2689 1987 2708 nos
2007 2684 2133 2708 animum.
