2373 2980
177 94 249 130 847

474 170 784 219 [Anti-strophe
819 166 871 215 1.]

233 248 347 291 Quem
365 242 448 275 olim
466 246 625 282 tempore
647 242 769 280 partus

183 299 232 332 90
254 294 453 330 Advolante
472 289 618 324 fulmine
639 286 729 321 lovis

232 346 443 382 Abortivum
461 347 577 375 mater

233 397 372 433 Edidit,
398 394 602 438 relinquens
620 390 729 423 vitam

233 447 407 483 Fulminis
427 446 509 478 ictu.

235 501 361 535 Statim
380 510 459 530 euin
478 492 661 540 puerperis

185 552 233 587 95
256 550 442 586 Thalamis
461 545 595 590 accepit
613 542 759 587 Iupiter,

235 604 280 638 Et
297 601 475 635 occultans
492 598 529 631 in
546 598 680 630 femore

234 653 360 689 Aureis
379 650 510 685 claudit

234 705 370 740 Fibulis
389 702 546 736 abditum
560 726 569 739 ,
592 709 677 742 prae
695 694 839 728 Iunone.

236 756 381 801 Peperit
397 765 481 786 vero
493 779 502 792 ,
525 750 668 796 quando
686 747 819 780 Parcae

190 811 261 845 100
284 807 513 842 perfecerunt
530 807 718 835 cornutum
738 797 866 833 Deum,

238 861 284 894 Et
303 856 488 892 coronavit
503 855 700 886 draconum

237 909 388 945 Coronis
401 936 409 947 ,
431 906 524 941 unde
542 904 711 949 praedam

240 960 447 995 Venatrices
464 955 657 991 Maenades
674 955 848 985 coronant

240 1013 318 1048 Suis
336 1010 502 1044 crinibus.

539 1088 750 1138 [Strophe
777 1082 841 1131 2.]

194 1166 265 1203 105
290 1166 322 1199 O
341 1162 506 1199 Thebae,
531 1158 686 1192 nutrices
702 1154 867 1191 Semeles,

242 1213 477 1251 Coronamini
494 1210 624 1244 hedera

241 1270 428 1305 Florente,
451 1262 577 1302 fertili,
602 1266 633 1293 et

242 1320 393 1355 Smilace
411 1314 563 1349 habente
580 1308 747 1356 pulchros
763 1305 963 1351 corymbos,

244 1371 290 1405 Et
305 1365 530 1403 bacchamini
548 1374 699 1409 quercus

197 1425 269 1459 110
290 1423 363 1456 Aut
380 1417 504 1452 abietis
521 1414 707 1449 frondibus
725 1415 884 1447 ornatae,

245 1474 292 1508 Et
307 1478 438 1505 vestem
454 1467 715 1502 maculosarum
737 1460 883 1506 pellium

249 1523 475 1559 Circumdate
495 1517 728 1551 candidorum
749 1511 959 1556 capillorum

247 1574 467 1610 Velleribus3
495 1571 589 1603 iuxta
608 1579 692 1600 vero
711 1563 880 1608 superbas
898 1558 1028 1593 ferulas

250 1625 490 1661 Sanctificate:
518 1621 662 1653 iamiam
682 1623 755 1650 tota
773 1621 866 1648 terra
884 1616 962 1655 aget
979 1606 1117 1641 choros.

199 1678 275 1715 115
296 1674 458 1711 Bacchus
474 1672 570 1706 ducit
588 1669 714 1703 choros

250 1730 290 1764 In
305 1734 464 1762 montem
476 1752 485 1765 ,
508 1722 568 1756 ubi
586 1726 707 1755 manet

253 1778 438 1815 Muliebris
455 1776 571 1813 turba,

252 1831 396 1866 Relictis
409 1825 619 1862 staminibus
639 1828 672 1854 ct
688 1819 811 1855 radiis,

252 1883 393 1917 Percita
412 1881 531 1912 surore
547 1871 734 1908 Bacchico.

499 1955 809 2008 [Antistrophe
836 1950 891 1998 2]

208 2038 280 2075 120
305 2035 339 2069 Ο
355 2028 628 2067 contubernium
646 2024 829 2060 Curetum,

257 2088 302 2122 Et
326 2083 438 2120 divini
456 2082 652 2116 Cretenses,

257 2139 339 2173 Iove
360 2134 468 2180 geniti
483 2131 632 2167 incolae,

258 2190 304 2224 Et
321 2186 448 2233 galeati
467 2185 504 2216 in
522 2180 643 2215 antris.

259 2238 401 2285 Hunc&
417 2234 612 2270 rotundum
632 2229 752 2262 orbem
762 2225 793 2271 8)
807 2251 815 2263 ,
844 2224 1019 2256 intentum
1038 2220 1135 2253 corio

213 2292 285 2329 125
311 2291 526 2324 Invenerunt
542 2281 630 2317 mihi
650 2278 882 2322 Corybantes,

263 2341 445 2385 Simulque
459 2333 633 2371 Bacchico
650 2335 752 2364 acuto

263 2394 484 2428 Miscuerunt
501 2384 739 2420 dulcissimam
758 2390 881 2411 vocem
900 2373 1083 2420 Phrygum

265 2444 454 2479 Tibiarum
476 2439 563 2471 flatu
574 2464 583 2476 ,
609 2433 802 2476 matrisque
818 2427 939 2461 Rheae
956 2427 994 2459 in

250 2584 280 2617 7)
299 2580 390 2614 nuuc]
417 2580 457 2603 sie
476 2577 524 2610 (z
536 2574 629 2603 Eurip.
649 2569 723 2601 τόδε)
744 2569 827 2593 Editt.
848 2566 923 2590 1558.
947 2567 973 2589 et
993 2565 1124 2594 recentt.;
1154 2564 1201 2589 Ed,

356 2635 361 2641 .
381 2616 447 2640 nuc.

254 2618 451 2693 8)¹{⁶⁰{undum
469 2651 575 2684 orbem]
595 2650 637 2674 hic
658 2648 731 2673 orbis
757 2646 783 2669 in
811 2650 898 2674 marg.
917 2643 998 2666 Editt.
1021 2642 1107 2669 1558„
1130 2640 1204 2664 1562.

290 2694 442 2725 explicatur
461 2695 544 2713 voce:
565 2689 733 2716 tympanum.

747 82 867 116 PHlL.
902 80 1013 116 MEL.
1049 77 1249 115 SCRIPTA
1285 74 1622 111 PHILOLOGICA.

2130 75 2203 110 848

1270 162 1399 197 Manus
1416 166 1633 207 posuerunt,
1669 165 1702 193 et
1726 172 1852 195 sonum
1879 162 1915 195 in
1938 161 2098 195 cantibus
2116 159 2203 194 Bac-

1631 209 1807 250 charumff,

1223 266 1296 300 130
1319 264 1418 298 quta
1431 264 1511 297 illos
1528 264 1685 297 furentes
1701 254 1821 308 Satyri

1271 315 1513 350 Absolvebant
1529 315 1652 348 matris
1668 310 1785 348 Deum

1273 366 1422 401 Choros.

1272 419 1526 452 Convenerunt
1546 417 1589 449 ad
1605 417 1732 450 festum
1748 416 1922 450 triennale
1933 416 1977 462 ⁹),

1272 469 1409 515 Quibus
1427 469 1522 502 sestis
1538 468 1732 501 delectatur
1751 467 1956 513 Dionysius,

1606 569 1831 615 [Epodus.]

1225 636 1296 673 135
1324 636 1453 669 Laetus
1469 635 1506 667 in
1524 634 1704 669 montibus
1716 662 1725 675 ,
1749 638 1893 680 quando

1273 688 1326 721 Ex
1343 686 1459 720 eboris
1475 685 1677 730 pernicibus

1276 739 1382 772 Venit
1401 739 1437 771 in
1455 737 1659 782 planitiem,
1685 735 1819 771 habens
1838 736 1978 772 hinnuli

1275 791 1418 824 Sacram
1438 795 1568 822 vestem
1581 816 1589 829 ,
1615 800 1749 822 venans

1276 841 1490 885 Sanguinem
1508 838 1689 874 hircorum
1701 867 1709 881 ‚
1735 840 1859 874 crudas
1877 841 2030 881 delicias,

1227 892 1301 929 140
1325 893 1492 926 Tendens
1510 891 1546 923 iu
1562 898 1701 925 montes
1718 889 1895 936 Phrygios
1914 899 1947 926 et
1963 892 2106 938 Lydios.

1278 944 1358 977 Dux
1376 943 1513 975 itineris
1530 940 1708 977 Bacchus:
1737 942 1888 989 evae¹⁰),

1277 995 1372 1027 Fluit
1390 1006 1473 1026 vero
1492 995 1581 1026 lacte
1597 999 1704 1034 terra,

1276 1045 1324 1078 Et
1340 1044 1417 1077 fluit
1434 1045 1516 1077 vino
1527 1070 1536 1083 ,
1560 1050 1594 1077 et
1610 1044 1688 1077 fluit
1703 1056 1810 1089 apum

1278 1096 1448 1135 Nemore,
1471 1094 1607 1139 Syriaci
1624 1101 1793 1140 tanquam
1812 1095 1925 1132 thuris
1942 1100 2070 1134 fumus.

1232 1146 1304 1181 145
1327 1145 1403 1190 Ipse
1419 1158 1503 1179 vero
1519 1143 1679 1179 Bacchus
1694 1152 1832 1190 gestans

1282 1197 1431 1241 lgnitam
1448 1199 1559 1230 facem
1577 1197 1728 1241 piceam,

1282 1250 1384 1293 Quae
1401 1261 1441 1281 ex
1459 1249 1567 1281 serula
1587 1248 1753 1291 agitatur,

1284 1301 1397 1333 Cursu
1415 1306 1448 1332 et
1467 1297 1583 1332 choris
1601 1299 1746 1332 irritans
1761 1306 1943 1343 vagantes,

1281 1351 1326 1384 Et
1344 1351 1558 1384 clamoribus
1577 1350 1744 1390 excitans,

1236 1403 1307 1439 150
1333 1402 1510 1434 Delicatas
1528 1413 1647 1434 comas
1664 1401 1700 1433 in
1720 1412 1837 1433 aerem
1853 1413 2038 1444 spargens;

1284 1453 1397 1486 Simul
1416 1464 1500 1484 vero
1519 1464 1597 1484 cum
1618 1457 1724 1484 cantu
1741 1457 1844 1485 sonat

1285 1503 1408 1537 Talia:
1436 1503 1469 1536 O
1486 1500 1668 1542 Bacchae,
1696 1502 1755 1542 ite,

1284 1554 1334 1587 lte
1351 1552 1511 1587 Bacchae
1529 1554 1571 1585 ad
1590 1554 1671 1596 iuga

1287 1605 1427 1645 Tmoli,
1453 1617 1540 1638 auro
1558 1603 1716 1644 fluentis,
1740 1602 1873 1636 deliciis

1239 1656 1311 1693 155
1341 1657 1464 1689 Canite
1483 1655 1696 1700 Dionysum.

1289 1708 1379 1741 Cum
1396 1706 1576 1752 tympanis
1592 1705 1829 1750 grandisonis,

1290 1759 1386 1792 Evoe
1403 1758 1535 1791 Evium

1293 1811 1520 1844 Celebrantes
1543 1808 1671 1848 Deum,

1291 1860 1450 1906 Phrygio
1470 1861 1624 1893 clamore
1643 1866 1677 1892 et
1693 1857 1965 1891 vociferatione:

1244 1914 1316 1947 160
1339 1913 1493 1957 Quando
1511 1911 1738 1945 dulcisonans
1753 1909 1867 1942 fistula

1294 1964 1400 1997 Sacra
1419 1975 1538 1997 sacros

1294 2015 1417 2048 Ludos
1434 2020 1549 2053 sonat,

1297 2066 1462 2108 Congrua
1482 2063 1645 2098 euntibus

1296 2117 1336 2150 In
1355 2123 1531 2150 montem:

1251 2167 1321 2204 165
1349 2167 1575 2212 Exultans¹¹)
1593 2177 1689 2204 saue,

1299 2220 1349 2253 Ut
1365 2219 1501 2263 pullus,
1529 2216 1590 2262 qui
1606 2215 1711 2249 simul
1728 2226 1806 2247 cum

1298 2270 1415 2304 Matre
1432 2274 1597 2314 pascente

1283 2440 1314 2466 9)
1335 2438 1449 2462 Chorus.
1472 2432 1667 2457 Convenerunt
1686 2431 1720 2454 ad
1739 2431 1757 2455 f.
1778 2429 1844 2462 tr.,]
1870 2429 1910 2453 sic
1928 2429 2012 2453 Editt.
2032 2429 2124 2454 ¹558..
2144 2429 2236 2457 1562.;

1321 2473 1402 2495 Bai-n.
1422 2472 1467 2498 [z
1486 2469 1551 2491 text.
1571 2467 1628 2497 gr.)
1652 2466 1693 2489 Ad
1713 2466 1812 2489 choros
1831 2470 1898 2488 vero
1917 2464 2111 2488 Convenerunt
2129 2463 2236 2487 Triete-

1321 2506 1420 2532 riduin,

1291 2558 1336 2585 10)
1356 2557 1415 2579 Dux
1440 2552 1546 2576 itineris
1564 2551 1699 2574 Bacchus:
1728 2551 1822 2579 evae]
1849 2549 1890 2572 sic
1914 2548 1998 2572 Editt.
2027 2548 2118 2578 1558.,
2146 2548 2238 2578 1562.;

1324 2591 1399 2615 Fix.z
1419 2587 1541 2611 Bromius
1559 2587 1650 2609 autem
1668 2585 1774 2615 estqui
1793 2583 1927 2615 praecinit
1946 2589 2022 2608 evoe.

1291 2643 1338 2670 11)
1356 2634 1505 2667 Exultans]
1530 2637 1571 2660 sie
1590 2636 1673 2661 Editt.
1694 2636 1787 2665 1558„
1806 2636 1886 2659 Barn.
1908 2634 1955 2665 (=
1972 2633 2066 2664 Eun-ip.
2081 2629 2239 2666 Ἡδομὲνας

1325 2676 1427 2704 Musgr.
1441 2688 1449 2701 ‚
1468 2671 1543 2696 Fix.:
1563 2669 1722 2701 Ga11deus);
1741 2670 1790 2694 Ed.
1811 2669 1885 2694 1562.
1904 2669 2043 2692 Exultant.

2351 2247 2359 2270 ¹1
