2373 2980
33 1865 36 1896 ἱ
154 1871 195 1904 In
212 1878 362 1915 angusto
382 1870 486 1905 huius
501 1872 640 1905 Aulidis

127 99 201 135 705
434 97 556 134 LXIII.

173 186 260 229 Clyt.
288 183 422 217 Relicta
442 191 568 219 matre.
626 188 700 230 [ph.
728 188 811 223 Non
835 190 931 224 vides
941 190 987 237 ⁶¹)
998 217 1007 230 ‚
1043 203 1116 224 non
1142 191 1146 229 l

535 237 676 272 merito.
1142 242 1144 274 1

173 288 253 329 Clyt.
281 284 333 319 Ne
351 297 528 330 propera,
555 299 629 321 non
646 302 702 323 me
718 291 838 325 deserz¹
832 305 870 326 ·s.
932 294 1005 336 [ph.
1033 292 1114 327 Non
1142 283 1144 357 ,ι

530 339 608 372 sino
630 347 662 373 te
680 340 1143 391 laclnymari.1

169 386 239 419 Vos
257 399 341 419 vero
353 414 361 426 ,
392 400 412 420 ο
430 389 568 432 puellae
580 417 589 430 ,
618 393 767 426 accinite

166 437 370 471 Calamitati
387 451 487 473 meae
504 441 646 475 Paeana
665 445 708 477 ad
725 444 817 479 onis
832 446 960 486 filiam,

118 488 216 523 1470
244 487 417 523 Dianam:
448 492 567 525 veniat
583 493 719 528 bonum
736 509 841 530 omen
858 498 1015 532 Graecis.

167 539 306 585 Aliquis
323 548 440 575 sumat
457 542 563 577 flores
579 556 619 578 ex
634 546 773 580 calatho
784 548 829 594 62)
841 576 848 588 ,
885 556 918 582 et
943 551 1113 584 accenda-

525 601 583 627 tur
599 596 689 640 ignis

164 641 342 676 Placentis
360 643 535 685 lustricis,
565 654 599 680 et
614 655 716 692 pater
735 662 832 684 meus

165 693 303 726 Teneat
318 706 416 727 aram
430 721 439 735 ‚
468 696 550 741 quia
568 699 760 733 salutarem

163 744 310 778 Graecis
330 746 518 780 victoriam
538 749 664 783 datura
682 751 799 785 venio.

115 794 212 830 1475
240 795 367 830 Ducite
387 810 464 838 me,
491 797 545 832 Ilii

161 845 207 879 Et
222 845 405 892 Phrygum
428 853 729 894 expugnatricem.

163 897 255 931 Date
273 911 425 932 coronas
443 907 642 941 contextas,
671 904 775 936 affer-

164 956 196 981 te
208 976 217 989 ,
245 956 285 982 ut
302 957 495 984 coronetur
509 964 586 986 mea
606 966 726 991 coma;

161 999 207 1033 Et
223 1000 379 1035 fontanis
398 1002 549 1037 lavacris

113 1050 212 1085 1480
239 1051 373 1086 Vocate
390 1054 433 1086 ad
452 1056 625 1099 templum

160 1103 217 1136 Ad
238 1115 337 1136 aram
357 1104 568 1151 Dianamffi)
581 1133 588 1145 ‚

158 1153 313 1187 Dianam
339 1156 499 1199 reginam

161 1205 292 1238 Divam
304 1233 312 1245 ,

162 1256 254 1301 Quia
275 1270 375 1296 meo,
403 1257 432 1290 si
454 1270 542 1302 opus
561 1258 645 1295 erit,

113 1306 211 1344 1485
238 1307 418 1351 Sanguine
434 1315 468 1341 et
484 1309 702 1342 mactatione

159 1358 294 1392 Delebo
317 1360 471 1394 oracula.

161 1412 256 1444 ler.
285 1409 518 1451 Veneranda,
548 1412 749 1445 veneranda
766 1417 898 1450 mater,

158 1458 377 1505 Lachrymas
394 1462 459 1495 tibi
477 1463 548 1495 iam
1132 1486 1134 1506 ¹,

156 1510 305 1545 Nostras
321 1513 496 1547 dabimus.

109 1561 206 1600 1490
232 1562 313 1596 Non
332 1563 425 1596 enim
443 1564 525 1597 licet
542 1564 579 1596 in
597 1565 716 1597 sacris.

155 1615 229 1656 lph.
259 1613 293 1646 Ο
316 1615 472 1658 puellae,
1130 1616 1133 1659 l

154 1665 409 1699 Concelebrate
431 1666 585 1699 Dianam
599 1693 608 1706 ‚

156 1716 258 1761 Quae
275 1724 325 1750 est
344 1730 361 1750 e
382 1718 528 1762 regione
549 1716 725 1751 Chalcidis
738 1743 746 1756 ,

154 1768 225 1801 Ubi
243 1764 358 1802 naves

107 1818 205 1856 1495
231 1819 385 1853 Bellicae
402 1827 588 1864 expectant
604 1825 752 1864 propter
770 1830 888 1850 meum
906 1829 1039 1850 nomen

154 1923 285 1958 Portu;
315 1935 334 1955 o
351 1929 446 1956 terra
464 1930 578 1956 mater
590 1950 597 1963 ‚

156 1974 188 2007 O
208 1971 392 2007 Thessalia
402 1972 468 2020 64),

154 2025 199 2058 Et
216 2024 388 2069 Mycenae
407 2037 505 2058 meae
521 2025 688 2058 famulae.
1127 2033 1130 2066 fl

108 2075 204 2110 1500
234 2077 331 2110 Chor.
360 2075 535 2109 Nominas
550 2077 673 2108 urbem
692 2075 830 2114 Persei,
1128 2069 1129 2105 l

156 2126 333 2159 Laborem
352 2139 524 2160 manuum
544 2126 828 2171 Cyclopicarum.

33 2179 44 2191 ⁸
153 2180 225 2221 Iph.
254 2177 422 2212 Educasti
443 2190 612 2222 magnum
630 2178 750 2211 lumen
767 2177 954 2213 Graeciae3

139 2303 187 2328 en
207 2303 266 2326 Non
286 2302 379 2330 vides]
399 2302 438 2325 sic
448 2302 531 2327 Editt.
545 2303 631 2327 1558..
653 2302 744 2328 1562:
764 2302 846 2326 editt.
862 2304 964 2326 recent.
983 2303 1099 2330 (2E11-
1126 2286 1128 2296 ’

176 2336 224 2365 rip.
245 2333 279 2363 ὠς
299 2334 364 2367 ὁρᾷς
382 2334 428 2367 γ’]
449 2338 483 2360 L‘t
504 2337 597 2368 vides,
617 2337 706 2366 [Fixa
732 2338 767 2360 Ut
788 2338 864 2360 vides
883 2337 1005 2366 quidem.
1018 2338 1031 2364 Ι.

136 2379 184 2408 62)
206 2379 310 2408 Aliquis
339 2381 429 2403 sumat
447 2380 529 2403 flores
550 2386 581 2403 ex
600 2380 722 2408 calatho]
743 2380 782 2403 sic
802 2379 882 2403 Editt.
903 2380 986 2402 155³..
1010 2379 1099 2403 1562:

172 2413 254 2451 ind-itt.
279 2416 382 2437 recent.
409 2413 450 2444 (ε
474 2417 539 2438 text.
566 2414 622 2445 gr.)
655 2415 786 2438 canistra
817 2415 900 2444 igitur
924 2414 1023 2444 aliquis
1049 2419 1099 2437 au-
1125 2424 1127 2447 ᾗ

175 2450 304 2476 spic-etur.

138 2490 185 2516 63)
207 2490 312 2513 vocate
326 2503 360 2508 —
374 2490 499 2522 Dianam]
520 2491 559 2514 sic
580 2491 663 2515 Editt.
679 2492 771 2517 1558..
794 2492 885 2519 1562:
913 2493 1009 2515 Bam:
1035 2492 1099 2515 sal-

173 2527 229 2547 tate
249 2525 322 2548 circa
341 2526 484 2555 templum,
504 2526 586 2550 Circa
604 2532 698 2554 aram,
716 2528 796 2551 circa
818 2527 950 2554 Dianam3
976 2528 1098 2556 Musgr.:
1125 2533 1127 2551 i

173 2558 294 2582 (liri-uite
321 2558 393 2582 circa
415 2560 560 2590 templum,
591 2559 606 2584 f>
626 2561 709 2585 Circa
733 2567 827 2586 aram.
853 2561 986 2586 Dianam:
1021 2561 1098 2583 Fix.:
1125 2582 1127 2591 A

175 2594 317 2616 saltantes
337 2593 409 2617 circa
428 2577 583 2622 delubruiii
605 2595 685 2619 Circa
704 2601 796 2623 aram
817 2596 956 2618 celebrate
975 2595 1097 2618 Dianam.

137 2636 185 2662 64)
206 2635 228 2659 o
248 2634 401 2667 Thessalia]
428 2636 467 2659 sie
485 2635 569 2660 Editt
591 2637 666 2661 1558.
676 2653 684 2667 ,
718 2638 808 2661 1562.-
803 2654 810 2666 ‚
846 2637 927 2660 narn.
938 2654 945 2666 ‚
978 2638 1098 2668 Musgm

175 2671 196 2693 ο
217 2672 293 2693 terra
310 2670 432 2700 Argiva·
462 2670 536 2694 Fixa
564 2675 579 2693 o
599 2670 743 2701 Pelasgica
763 2673 859 2700 (tenu
880 2671 1006 2703 Αι9ἰια)
1027 2662 1099 2702 (Eu-
1125 2681 1126 2694 ι

175 2705 226 2734 rip
241 2698 275 2728 ἶΩ
294 2703 461 2736 Helaffyi'n).

110 2747 188 2777 Mm
190 2754 290 2776 Axra.
310 2745 416 2776 OPER.
448 2745 532 2775 Vol„
550 2745 613 2775 XV
615 2745 671 2776 111.

604 98 1003 138 INTERPRETATIO
1028 104 1268 140 EURIPIDIS
1294 103 1570 140 IPHIGENIAE
1595 104 1643 141 IN
1670 106 1862 145 AULIDE.

1127 2149 1129 2156 '
1158 2141 1256 2178 1540
1283 2147 1378 2179 Nem.

2098 112 2168 146 706

1221 193 1304 226 Non
1322 204 1446 226 recuso
1465 192 1569 226 mori.

1222 243 1470 278 elem-‚G101-i·
1491 249 1522 276 te
1541 255 1727 289 nunqnam
1747 246 1895 281 deseret.

1174 293 1270 329 1505
1298 296 1372 338 Iph.
1400 294 1464 328 lo
1456 307 1510 333 10,
1538 295 1611 329 dies
1626 302 1748 330 tenens
1766 298 1900 337 facem

1220 345 1264 378 Et
1282 345 1373 379 Iovis
1391 346 1531 385 lumen,
1558 346 1685 385 aliam,

1219 397 1288 429 Ali
1291 409 1337 429 nm
1357 397 1419 430 xitz
1420 409 1464 429 im

1216 447 1262 481 Et
1276 449 1388 481 fatum
1406 446 1658 481 habitabimus.

1217 498 1304 532 Vale
1326 496 1436 539 mihi,
1464 495 1611 532 charum
1630 499 1764 533 lumen.

1139 546 1142 595 J
1170 549 1268 584 1510
1298 551 1395 585 Ultor.
1424 548 1460 582 Io
1483 549 1539 589 io,
1568 549 1684 582 videte
1701 548 1754 582 Ilii

1217 601 1263 634 Et
1277 598 1462 646 Phrygum
1481 600 1769 644 expugnatricem

1217 652 1372 686 Euntem
1385 678 1394 692 ,
1425 663 1595 685 coronam
1615 663 1722 696 supra
1737 660 1844 696 caput

1216 704 1438 744 Ponentem‚
1466 715 1546 736 cum
1567 714 1659 748 aqua
1680 703 1905 739 lavacrorum

1216 755 1271 788 Ad
1291 767 1390 788 aram
1409 754 1506 788 Deae

1167 804 1266 841 1515
1294 806 1413 840 Guttis
1431 805 1646 840 stillantibus
1663 806 1835 850 sanguine

1216 858 1433 892 Morituram
1445 884 1453 898 ‚
1483 863 1516 890 et
1531 869 1741 901 generosam
1761 859 1920 903 corporis

1213 909 1395 943 Cervicem
1438 908 1739 948 interficiendam
1792 914 2062 955 conspersiones
2107 931 2162 951 ro-

1579 960 1696 993 scidae

1214 1012 1333 1046 Patris
1345 1038 1354 1052 ‚
1384 1017 1418 1044 et
1434 1011 1576 1044 lavacra
1595 1018 1783 1056 expectant
1801 1020 1835 1046 te
1847 1041 1855 1053 ,

1215 1063 1261 1096 Et
1277 1063 1450 1097 exercitus
1468 1062 1688 1096 Graecorum
1710 1064 1830 1098 volens

1135 1105 1137 1125 ι’
1167 1113 1264 1150 1520
1292 1114 1473 1148 Proficisci
1491 1115 1535 1147 ad
1553 1114 1714 1148 Troiam.

1214 1167 1282 1200 Sed
1303 1166 1411 1199 filiam
1429 1164 1543 1206 Iovis,

1214 1218 1370 1251 Dianam
1387 1217 1613 1256 vocabimus,
1642 1217 1801 1261 reginam
1821 1219 1980 1254 Deorum
1993 1249 2001 1262 ,

1214 1270 1263 1303 Ut
1279 1271 1413 1303 bonum
1431 1281 1629 1303 successum
1650 1270 1709 1302 det
1725 1272 1904 1306 exercitui.

1212 1324 1245 1354 Ο
1262 1322 1464 1354 veneranda
1476 1346 1485 1359 ,
1514 1332 1604 1365 quae
1621 1317 1787 1355 humanis
1806 1323 1956 1357 victimis

1166 1370 1261 1408 1525
1290 1373 1434 1406 Gaudes
1447 1398 1455 1411 ,
1485 1372 1586 1404 mitte
1604 1371 1640 1404 in
1659 1370 1843 1417 Phrygum

1212 1424 1364 1457 Terram
1381 1422 1572 1456 exercitum
1590 1422 1831 1463 Graecorum,

1211 1475 1255 1508 Et
1273 1476 1434 1509 dolosam
1455 1481 1587 1507 terram
1608 1473 1739 1508 Troiae
1752 1501 1759 1514 ,

1211 1526 1256 1559 Et
1271 1525 1535 1570 Agamemnoni
1553 1527 1770 1572 armatisque

1210 1577 1382 1611 Graeciae
1400 1577 1568 1621 inclytam
1589 1589 1760 1610 coronam

1163 1627 1261 1663 1530
1289 1628 1360 1663 Des
1378 1629 1469 1662 circa
1492 1634 1597 1672 caput
1607 1627 1653 1673 65)

1207 1681 1384 1725 Perpetua
1403 1680 1515 1724 gloria
1532 1679 1632 1723 poni.

1207 1735 1301 1766 Nun.
1330 1731 1363 1765 O
1380 1732 1660 1777 Clytaemnestra
1674 1756 1682 1769 ,
1710 1730 1780 1763 filia
1800 1731 1983 1776 Tyndari,
2011 1735 2156 1769 aedibus

1206 1783 1383 1828 Egredere
1396 1810 1404 1824 ‚
1433 1790 1471 1817 ut
1487 1782 1611 1817 audias
1628 1793 1707 1814 mea
1728 1783 1848 1817 verba,

1209 1836 1295 1879 Clyt.
1323 1835 1482 1868 Audiens
1499 1841 1597 1869 tuam
1615 1845 1738 1867 vocem
1751 1861 1759 1874 ‚
1787 1835 1868 1868 veni
1891 1833 1959 1869 huc

1161 1884 1258 1920 1535
1287 1886 1522 1920 Consternata
1541 1887 1669 1921 misera
1688 1892 1857 1932 metuque
1878 1889 2142 1931 perterrefacta.

1205 1939 1310 1972 Anne
1328 1939 1426 1973 venis
1441 1938 1611 1972 nuntians
1626 1934 1716 1970 mihi
1732 1949 1864 1972 novam
1883 1939 2121 1973 calamitatei‘n

1206 1991 1261 2023 Ad
1279 1989 1527 2035 praesentem?
1578 1992 1672 2024 Nun.
1701 1988 1755 2023 De
1774 1995 1833 2023 tua
1852 1990 1921 2023 filia

1206 2041 1298 2075 Volo
1317 2042 1381 2075 tibi
1397 2042 1487 2074 mira
1507 2048 1540 2075 et
1558 2039 1740 2075 horrenda
1759 2041 1887 2075 dicere.

1208 2095 1293 2137 Clyt.
1321 2093 1374 2127 Ne
1391 2093 1587 2133 cuncteris,
1614 2094 1675 2127 sed
1691 2104 1797 2139 quam
1820 2094 1976 2137 primum
1996 2093 2116 2128 dicito.

1408 2144 1440 2178 O
1468 2142 1573 2177 chara
1600 2144 1768 2184 domina,
1811 2151 1848 2178 ut
1878 2145 2002 2178 audias
2029 2146 2147 2179 omnia

1573 2196 1758 2229 manifeste
1770 2223 1779 2235 ‚

1205 2245 1331 2279 Dicam
1352 2247 1477 2280 ordine
1496 2247 1540 2280 ab
1556 2246 1678 2287 initio,
1707 2247 1775 2280 nisi
1799 2247 1933 2292 aliquid
1959 2248 2150 2291 praeterie-

1562 2299 1607 2331 rit
1625 2311 1740 2331 meam

1203 2349 1418 2382 Memoriam
1431 2376 1439 2389 ‚
1468 2349 1736 2394 turbaveritque
1756 2361 1872 2381 meum
1893 2361 2106 2384 sermonem.

1203 2401 1400 2446 Postquam
1419 2400 1582 2434 venimus
1601 2402 1643 2433 ad
1660 2401 1751 2433 filiae
1769 2399 1880 2439 lovis,

1204 2452 1363 2493 Dianae,
1389 2464 1515 2485 nemus
1533 2459 1566 2484 et
1584 2450 1708 2485 hortos
1727 2452 1893 2491 floridos,

1186 2570 1233 2599 65)
1253 2569 1327 2592 circa
1346 2569 1440 2597 caput]
1461 2567 1500 2591 sic
1518 2568 1603 2591 Editt.
1622 2568 1712 2597 1558,
1734 2567 1826 2592 1562:
1853 2568 1949 2593 Barn.:
1974 2569 2047 2592 circa
2067 2573 2146 2599 capnt

1222 2606 1296 2626 tunm
1317 2602 1363 2634 (Ξ
1383 2599 1459 2634 ἀμφὶ
1485 2600 1557 2633 κάρα
1582 2601 1660 2631 τεὸν,
1689 2608 1768 2632 quam
1794 2602 1938 2625 lectionem
1963 2603 2044 2626 Editt,
2065 2604 2145 2628 flasii.

1224 2638 1310 2666 1551.,
1330 2639 1421 2667 Barn.‚
1442 2638 1542 2667 Musgr.
1557 2637 1717 2666 exhibent);
1736 2637 1808 2661 Fix.:
1830 2634 1907 2667 [ἷμφὶ
1920 2634 1991 2667 κάρα
2004 2634 2036 2660 θ’
2051 2635 2098 2660 ἑόν
2111 2650 2145 2654 -

1222 2672 1349 2702 circaque
1368 2678 1446 2695 suum
1465 2672 1562 2701 caput3
1590 2673 1710 2702 Musgr.,
1742 2671 1854 2695 eandem
1881 2671 2023 2695 lectionem
2048 2672 2074 2695 in
2101 2672 2143 2695 in-

1223 2709 1308 2737 terpr.
1328 2712 1460 2737 sequens,
1480 2706 1580 2730 vertit:
1606 2708 1633 2730 et
1651 2706 1724 2730 circa
1742 2708 1822 2736 caput
1840 2711 1927 2730 sumu.

1515 2740 1563 2775 45
