2373 2980
202 102 292 136 1071
773 85 895 120 rau..
933 83 1045 118 MEL.
1077 79 1278 116 scniPTA
1311 76 1649 114 PfflLOLocch.
2122 84 2219 120 1072

249 190 325 220 Am.
355 182 388 216 O
405 180 476 214 filia
488 205 496 218 ,
522 188 595 210 non
614 173 715 206 facile
734 177 785 205 est
804 170 886 203 talia
1209 196 1212 226 W
1288 163 1456 197 Fulcrum
1471 170 1660 209 postquam
1676 164 1760 204 feci,
1779 165 1904 199 missus
1920 178 1997 199 sum
2015 166 2217 210 lugubrium

249 234 446 269 Sollicitum
463 230 538 263 siue
558 226 680 258 labore
696 222 850 266 segniter
867 219 1063 253 consulere.
1211 242 1213 266 ¹.
1239 215 1311 249 110
1339 214 1547 248 Carminum
1565 220 1746 255 cantator,
1770 221 1810 249 ut
1825 228 1913 249 cana
1927 217 2012 251 avis,

199 289 247 321 90
274 288 364 328 flsty.
390 281 485 326 Quid
502 276 663 311 tristitiae
682 274 747 307 tibi
767 271 887 306 deest?
913 282 975 304 cur
992 281 1090 302 amas
1108 274 1184 301 tan-
1211 288 1213 303 .
1289 265 1404 298 Verba
1422 272 1561 298 tantum
1578 271 1612 298 et
1626 265 1758 309 species
1776 273 1950 300 nocturna

611 334 733 370 topere
753 322 891 356 lucem?
1210 326 1213 338 ¹
1288 316 1519 350 Somniorum
1533 322 1806 357 nocturnorum,

249 392 325 422 Am.
354 384 426 426 Ego
446 393 527 414 vero
549 385 582 411 et
598 375 765 419 laetorss)
787 387 824 407 ea
837 400 846 413 ,
870 379 903 405 et
921 384 1019 416 spem
1039 382 1133 404 amo.
1289 367 1460 400 Tremula
1475 373 1612 400 tantum
1626 394 1635 407 ,
1657 369 1716 401 sed
1734 375 1853 401 tamen
1869 375 2035 413 prompta
2052 381 2142 408 sum,

249 440 340 479 Illey.
365 434 411 468 Et
426 444 508 477 eg03
533 430 593 464 sed
610 439 683 461 uon
703 431 844 470 oportet
859 435 1001 468 sperare
1015 433 1090 455 non
1105 433 1186 465 spe·
1289 417 1321 450 O
1336 418 1458 457 liberi,
1480 418 1583 450 liberi
1601 425 1700 462 patre

608 479 731 512 raudai.
1210 467 1214 529 Ι
1243 466 1311 501 115
1336 467 1522 509 carentes,
1548 481 1568 501 o
1587 481 1704 510 senex,

251 542 327 572 Am.
351 536 388 569 ln
408 536 482 579 ipsa
501 532 677 566 malorum
697 539 796 560 mora
816 526 936 559 insunt
952 523 1118 557 remedia.
1210 533 1214 603 ἱ
1288 519 1434 563 Tuque,
1456 526 1570 552 mater
1586 520 1725 560 infelix,
1751 533 1841 566 quae

251 591 341 632 Mey.
368 588 413 619 At
430 593 566 627 tempus
584 579 807 614 interiectum
826 578 924 610 triste
941 576 1081 608 mordet
1098 584 1165 606 me.
1211 605 1213 613 ¹
1289 569 1479 610 Maritum,
1504 570 1564 615 qui
1582 577 1633 604 est
1648 571 1686 604 in
1705 573 1813 604 domo
1829 571 2004 610 Plutonis,

200 640 248 676 95
283 643 359 674 Am.
383 636 528 670 Utinam
540 660 549 674 ‚
567 633 637 666 filia
650 658 659 670 ,
678 629 860 672 contingat
877 627 1049 660 secundus
1065 635 1185 657 cursus
1210 618 1213 631 ¹
1289 620 1422 654 Gemis.

251 691 303 725 Ex
319 686 561 733 praesentibus
581 682 683 716 malis
700 679 786 713 mihi
806 685 839 712 et
854 678 929 717 tibi,
1289 671 1340 704 Ne
1360 671 1556 714 defatigetis
1572 673 1698 715 pedem
1717 678 1749 704 et
1766 672 1861 705 lenta
1878 672 2052 711 membra,

253 745 305 776 Ac
322 740 441 773 veniat
457 735 651 782 aliquando
668 732 758 765 filius
778 742 893 768 meus,
914 735 995 761 tuus
1013 725 1173 759 maritus.
1241 722 1311 758 120
1338 722 1529 767 Tanquam
1544 724 1588 755 ad
1604 734 1744 755 saxeam
1763 735 1887 767 rupem
1908 722 2115 765 coniugatos

251 792 385 825 Verum
403 788 560 834 quiesce,
585 785 677 823 filia,
704 789 737 815 et
753 779 1019 825 lachrymarum
1035 778 1159 822 plenos
1288 772 1409 817 Equos
1426 773 1644 812 emittentes,
1669 781 1839 818 tanquam

252 844 382 876 Fontes
399 840 497 873 aufer
510 865 519 877 ,
545 843 579 870 et
594 833 826 869 demulceatis
842 830 969 869 verbis,
1289 823 1389 856 Onus
1408 830 1546 867 gestans
1566 824 1647 869 equi
1665 837 1809 858 currum
1826 822 1998 857 trahentis
2009 849 2018 862 ,

208 895 276 928 100
298 891 443 926 Fabulis
460 896 492 923 te
510 889 622 933 ipsam
640 884 830 927 decipiens,
848 890 1066 926 quamquam
1083 876 1186 910 mise·
1290 873 1526 918 Apprebende
1544 887 1598 908 me
1614 876 1778 909 manibus
1796 881 1830 908 et
1845 881 1953 914 veste,

609 947 669 969 rae
687 935 757 968 sint
774 933 853 965 illae
872 929 1109 973 deceptiones.
1242 924 1313 960 125
1337 925 1407 957 Ubi
1424 926 1540 958 deficit
1555 926 1728 959 imbecille
1747 926 1846 970 pedis
1864 925 2062 968 vestigium.

256 992 425 1033 „Etenim
442 994 578 1023 cessant
592 986 736 1019 tandem
758 984 863 1016 etiarn
874 979 1062 1014 hominum
1077 989 1187 1011 casus.
1212 998 1216 1041 ἱ
1290 976 1403 1008 Senex
1419 988 1538 1009 senem
1554 983 1661 1020 gesta,

257 1043 332 1083 „Et
355 1043 458 1076 ssatus
481 1045 671 1072 ventorum
693 1046 767 1067 non
792 1033 942 1066 eandem
958 1041 1096 1074 semper
1114 1028 1186 1061 vim
1213 1042 1215 1062 :
1290 1025 1330 1058 ln
1345 1026 1467 1059 labore
1484 1026 1687 1067 iuventutis,

615 1086 759 1125 babent,
1213 1069 1216 1102 l
1292 1077 1358 1110 Cui
1376 1077 1544 1110 iuvenilia
1563 1078 1668 1111 simul
1683 1089 1782 1110 arma
1798 1076 1919 1111 hastae

257 1144 331 1185 „Et
346 1142 408 1188 qui
425 1140 541 1174 felices
558 1145 658 1177 sunt,
682 1149 757 1169 non
773 1141 855 1169 sunt
870 1138 1043 1178 perpetuo
1060 1130 1188 1163 felices.
1292 1127 1415 1161 luveni
1433 1128 1518 1161 olim
1537 1130 1703 1167 aderant,
1728 1128 1977 1161 celeberrimae

257 1195 379 1235 „Nam
398 1192 518 1226 omnia
536 1191 629 1222 inter
646 1200 680 1222 se
698 1187 883 1220 variantur
901 1182 1100 1228 dupliciter.
1246 1180 1315 1213 150
1333 1179 1415 1212 Non
1434 1178 1568 1223 patriae
1581 1180 1744 1212 dedecus.

208 1244 279 1280 105
303 1243 392 1285 „Ille
409 1249 525 1276 autem
544 1240 699 1284 optimus
713 1244 764 1271 est
779 1237 834 1269 vir
845 1263 854 1276 ,
879 1236 940 1281 qui
955 1233 1030 1278 spei
1294 1229 1417 1262 Videte
1429 1256 1437 1269 ,
1462 1236 1501 1262 ut
1517 1236 1632 1263 truces
1648 1229 1705 1263 isti
1722 1228 1831 1273 patris
1849 1228 1979 1262 similes

259 1323 280 1336 ‚,
291 1296 438 1339 Semper
458 1290 677 1336 confidit¹³);
711 1295 747 1322 at
762 1289 949 1332 desperare
965 1283 1121 1318 hominis
1140 1287 1191 1315 est
1294 1280 1489 1314 Oculorum
1504 1281 1660 1324 fulgores
1677 1286 1769 1313 sunt.

619 1340 740 1385 ignavi
750 1339 808 1385 ¹⁴).
1294 1331 1532 1364 infortunium
1548 1338 1639 1364 certe
1657 1343 1731 1364 non
1751 1337 1802 1363 est
1822 1329 1983 1363 relictum
1999 1340 2018 1361 a
2035 1327 2166 1366 liberis,

259 1399 355 1432 Chor.
376 1394 548 1430 Sublimia
567 1393 656 1426 atria
674 1398 708 1424 et
724 1390 870 1425 senilem
1294 1383 1418 1427 Neque
1436 1382 1541 1425 periit
1559 1382 1683 1426 gratia.

257 1447 405 1481 Lectum
422 1447 512 1480 circa
528 1444 672 1478 baculos
1217 1441 1219 1444 '
1249 1431 1317 1468 155
1342 1433 1375 1466 O
1391 1432 1540 1466 Graecia
1551 1459 1560 1473 ,
1583 1432 1810 1466 auxiliatores

1296 1483 1426 1528 Quales
1444 1484 1582 1527 pei-deS,

1297 1535 1385 1567 Cum
1405 1532 1458 1567 his
1474 1533 1682 1577 privaberis.

1296 1585 1365 1618 Sed
1382 1584 1485 1617 video
1503 1584 1688 1617 dominum
1706 1580 1811 1615 huius
1828 1588 1942 1614 terrae

1296 1635 1430 1680 Lycum
1450 1648 1522 1669 esse
1538 1646 1650 1679 prope
1666 1631 1757 1665 banc
1774 1634 1920 1665 domum
1932 1630 1990 1675 ¹³).

1210 721 1213 741 l

316 1607 449 1638 Quoniam
468 1610 556 1634 neque
574 1604 668 1626 terrae
688 1598 819 1622 terminos
839 1594 933 1625 egredi
952 1598 1098 1622 possumus
1114 1591 1192 1615 clam.

314 1641 462 1668 Custodiae
480 1639 550 1662 enim
569 1636 648 1660 nobis
669 1632 838 1663 potentiores
857 1630 884 1652 iu
903 1628 986 1658 exitu,

310 1678 404 1706 Neque
425 1675 451 1697 in
470 1672 564 1696 amicis
584 1676 648 1699 spes
668 1666 767 1691 salutis

314 1710 437 1739 Amplius
456 1708 519 1730 sunt
538 1705 624 1729 nobis,
662 1701 738 1731 Quod
758 1699 842 1729 igitur
864 1695 1007 1721 consilium
1026 1695 1118 1724 habes,

313 1745 401 1769 Dicito
420 1740 614 1767 communiter,
633 1743 667 1759 ne
687 1733 853 1759 moriendum
872 1731 916 1754 sit.

316 1779 460 1809 „Tempus
479 1780 544 1798 vero
564 1771 765 1803 protrahimus,
785 1767 936 1790 existentes
955 1762 1112 1787 imbecilles.

245 1821 291 1853 12)
312 1820 414 1848 laetor]
434 1818 476 1841 sic
493 1815 576 1840 Editt.
596 1814 730 1841 recentt.;
750 1810 798 1834 Ed.
820 1808 893 1832 1562.
912 1807 1008 1829 laeter.
1319 1820 1385 1843 ¹562
1403 1828 1409 1833 .
1427 1818 1466 1842 Ed
1499 1818 1564 1840 ¹553
1581 1823 1587 1829 ⁸

247 1864 291 1895 13)
312 1863 382 1901 ¹¹2¹·
409 1861 436 1884 in
454 1859 503 1883 Ed.
525 1857 599 1881 1562.
628 1856 693 1879 nota
713 1859 815 1882 marg:
843 1849 1012 1879 sperandum
1038 1849 1120 1872 rebus
1146 1847 1196 1870 ad·
1353 1837 1439 1877 etigr.
1459 1834 1590 1874 gubliuh'g
1607 1849 1696 1877 atria,
1715 1850 1742 1871 et
1761 1848 1873 1877 antiqua

281 1903 384 1921 versis.
1353 1887 1460 1912 Culiilia
1479 1886 1579 1908 circum
1599 1883 1702 1907 baculis

1284 1787 1328 1814 15)
1363 1785 1447 1810 Char.
1478 1782 1609 1808 Sublimia
1627 1793 1659 1799 -
1679 1781 1794 1805 domum.
1821 1781 1877 1808 (vs.
1898 1776 2084 1809 107—»13901
2115 1777 2157 1802 sic
2182 1778 2229 1803 Ed.

248 1939 293 1969 Η)
320 1940 378 1963 Am.
407 1936 428 1960 Ο
449 1933 506 1958 filia
523 1946 557 1952 -
576 1930 678 1962 ignavi.
706 1928 744 1959 (v.
764 1923 934 1955 88—106.)]
964 1924 1003 1947 sic
1029 1924 1078 1948 Ed.
1105 1924 1197 1954 1562.;

282 1974 330 1998 Ed.
346 1971 437 1995 1553:

318 2007 377 2031 Am.
397 2005 419 2028 Ο
437 2002 513 2031 filla,
534 2006 588 2023 non
608 1997 688 2021 facile
706 1993 859 2018 huiusmodi

320 2039 448 2068 Prompte
467 2035 614 2059 admonere
633 2031 792 2057 conantem,
810 2028 913 2056 absque
931 2026 1034 2049 labore.

319 2075 391 2104 Mea.
410 2069 546 2095 Maeroris
564 2067 626 2097 qnid
646 2064 757 2094 impedit
774 2059 823 2086 te?
844 2068 906 2084 num
921 2065 997 2084 amas
1011 2059 1079 2082 adeo
1095 2055 1198 2082 vitam?

321 2110 380 2133 Am.
403 2106 436 2129 Et
455 2105 505 2127 hac
523 2101 643 2133 gaudeo.
663 2100 690 2121 et
708 2103 768 2120 amo
789 2102 861 2125 spes.

320 2143 392 2173 May.
426 2140 461 2162 Et
485 2142 553 2167 ego,
595 2137 709 2164 sperare
735 2131 783 2154 sed
808 2129 948 2158 insperata
984 2131 1038 2149 uon
1062 2126 1200 2155 convenit,

626 2172 721 2190 senex.

321 2212 380 2235 Am.
400 2208 454 2240 „ln
474 2206 534 2235 ipsa
553 2208 630 2226 mora
649 2200 781 2223 malorum
799 2198 863 2220 suut
883 2194 1011 2219 remedia.

320 2246 393 2275 Mey,
426 2241 478 2264 Sed
504 2237 575 2268 quod
600 2234 735 2262 interest,
762 2238 805 2255 me
825 2230 921 2261 (triste
940 2227 1077 2257 existens)
1098 2228 1201 2250 cruciat

617 2271 732 2297 tempu&

319 2314 378 2337 Am.
399 2309 505 2333 Utinam
525 2304 683 2333 contingat,
703 2307 718 2324 o
738 2299 810 2328 filia,
829 2303 944 2328 prosper
961 2301 1071 2320 cursus.

321 2347 361 2370 Ex
379 2341 568 2374 praesentibus
587 2337 651 2361 milii
670 2337 697 2358 et
715 2334 763 2357 tibi
782 2333 870 2358 malis,

322 2379 475 2406 Veniatque
495 2372 640 2403 aliquando
661 2370 734 2393 filius
754 2373 831 2391 meus
844 2383 852 2397 ,
870 2365 989 2389 coniunx
1007 2369 1075 2387 vero
1095 2365 1166 2386 tuus.

321 2413 374 2437 sed
387 2411 505 2442 quiesce,
521 2409 548 2431 et
561 2406 750 2434 lachrymosas
766 2401 847 2433 [prot
862 2395 1068 2429 lachrymosos]
1085 2397 1201 2420 filiorum

322 2447 424 2471 Fontes
442 2444 537 2467 aufer.
557 2442 583 2463 et
601 2439 747 2463 consolare
766 2434 857 2464 dictis,

323 2478 496 2511 „Decipiens
515 2474 630 2501 fabulis,
650 2472 767 2494 miserae
785 2467 962 2497 deceptiones
982 2465 1116 2496 quamvis.

324 2512 483 2545 „Deficiunt
501 2510 576 2532 certe
594 2508 621 2530 et
637 2504 794 2529 mortalium
813 2501 997 2527 calamitates,

324 2565 343 2578 „
353 2548 387 2571 Et
405 2546 487 2569 flatus
505 2544 649 2565 ventorum
669 2544 722 2562 non
741 2542 849 2565 semper
868 2536 994 2564 impetum
1013 2534 1120 2556 habeut.

325 2580 456 2612 „Quique
474 2577 570 2600 felices
588 2576 670 2603 sunt,
689 2578 743 2595 non
762 2572 893 2600 perpetuo
912 2569 1026 2596 felices;

325 2633 342 2645 ,,
354 2612 493 2638 Decedunt
511 2609 582 2632 enim
600 2607 690 2630 omnia
711 2610 727 2628 a
745 2611 776 2627 se
797 2605 888 2627 mutuo
907 2608 1041 2625 seorsum.

327 2649 403 2678 „uic
422 2648 512 2669 autem
532 2643 574 2665 vir
593 2641 726 2670 optimus,
746 2638 789 2668 qui
809 2638 908 2666 spebus

328 2680 474 2713 „Cuufidit
492 2681 615 2706 semper3
634 2680 686 2697 non
710 2675 800 2696 autem
821 2675 952 2701 sperare,
972 2668 1025 2692 viri
1043 2667 1143 2698 ignavi.

1354 1922 1448 1946 Risum
1468 1925 1586 1949 ponens,
1605 1917 1757 1940 accersitus
1777 1921 1837 1938 sum
1855 1913 2009 1945 lugubrium

1352 1957 1486 1980 Luctuum
1504 1953 1644 1981 cantator,
1665 1951 1750 1973 veluti
1769 1955 1837 1972 cana
1855 1948 1927 1976 avis,

1353 1990 1448 2013 Verba
1467 1989 1588 2014 tantum,
1608 1987 1635 2008 et
1654 1984 1725 2007 visio
1745 1985 1825 2007 noctu
1843 1987 1981 2011 apparens

1354 2021 1486 2048 Nocturni
1505 2020 1603 2048 somni,

1354 2056 1482 2081 'ri-emula
1500 2056 1622 2083 tautum,
1642 2052 1691 2075 sed
1710 2053 1800 2074 tamen
1820 2050 1909 2074 animo
1930 2049 2039 2074 lubenti.

1355 2092 1377 2116 0
1396 2090 1466 2120 filii,
1484 2088 1532 2112 filii
1551 2089 1629 2117 patre

1354 2125 1499 2150 Carentes.
1534 2122 1556 2146 0
1572 2127 1668 2151 senex,

1355 2160 1447 2188 Tuque
1466 2156 1569 2180 misera
1586 2157 1689 2185 mater,
1711 2159 1779 2183 quae

1355 2194 1441 2220 Eum,
1460 2190 1506 2220 qui
1524 2191 1566 2213 est
1584 2189 1711 2212 Plutonis
1730 2187 1757 2210 iu
1775 2187 1903 2215 aedibus,
1923 2185 2048 2209 maritum

1356 2224 1522 2256 lngemiscis.

1356 2261 1396 2284 Ne
1414 2257 1558 2282 offendatis
1575 2257 1687 2286 pedem,
1706 2255 1855 2285 graviaque
1874 2254 2003 2283 membra,

1357 2295 1495 2321 Tanquam
1513 2292 1547 2314 ad
1565 2295 1694 2313 saxosam

1356 2328 1476 2356 Rupem,
1496 2325 1669 2354 coniugatum

1357 2363 1462 2391 Equum
1481 2359 1654 2387 emittentem,
1676 2358 1801 2386 tanquam

1359 2396 1434 2420 Onus
1452 2394 1565 2423 gestans
1585 2392 1613 2414 in
1631 2397 1712 2414 curru
1731 2390 1865 2413 trahentis
1885 2390 1957 2419 equi,

1357 2427 1536 2459 Appreliende
1554 2431 1663 2449 manum
1681 2426 1708 2447 et
1727 2426 1829 2447 vestes.

1357 2463 1440 2488 Cuius
1462 2460 1562 2484 defecit
1581 2460 1656 2489 pedis
1674 2458 1820 2488 languidus
1840 2463 1967 2487 gressus,

1357 2500 1447 2522 senex
1466 2501 1560 2518 senem
1580 2493 1712 2516 deducIto.

1359 2531 1430 2555 Olim
1448 2529 1519 2552 iuter
1537 2527 1692 2556 aequalium
1711 2526 1820 2549 labores

1357 2564 1407 2589 Cui
1424 2568 1500 2587 arma
1519 2562 1615 2584 hastae
1635 2562 1762 2584 recentes

1357 2597 1451 2622 iuveni
1468 2596 1584 2620 aderant
1602 2595 1665 2618 olim
1676 2611 1684 2623 ‚
1702 2593 1903 2623 inclytissimae

1357 2631 1468 2656 Patriae
1486 2635 1539 2653 non
1564 2628 1722 2658 opprobria,

1355 2665 1456 2689 Videte
1474 2663 1561 2693 patris
1582 2663 1653 2692 quod
1670 2667 1751 2686 acres
1770 2661 1796 2685 lii
1815 2660 1955 2685 assimiles

2358 88 2373 122 l(
