2373 2980
211 104 287 142 415

214 190 290 226 590
338 190 383 223 Et
427 191 507 223 date
550 186 878 221 reconciliationem
921 190 1079 236 aliquam
1122 192 1202 226 filiis

623 237 766 281 Oedipi.

266 296 358 328 Eteo.
392 291 527 327 Mater,
557 301 629 321 non
654 295 705 321 est
730 295 911 322 certamen
937 291 1201 336 disputationis,

623 341 684 372 sed
711 339 802 383 perit
825 346 977 385 tempus,

264 392 369 437 Quod
406 397 457 424 est
491 391 529 423 in
564 390 703 429 medio,
736 391 887 431 frustra,
921 398 986 426 tua·
1017 394 1198 439 diligentia

628 439 717 473 nihil
745 442 860 476 efficit.

263 495 345 529 Non
380 493 474 526 enim
510 504 697 537 possumus
731 492 833 525 aliter
856 494 1098 535 reconciliari,
1132 495 1200 529 nisi

624 543 813 586 praedictis
837 545 1113 586 conditionibus,

261 597 311 629 Ut
333 607 397 639 ego
423 600 559 637 sceptra
587 600 729 633 tenens,
755 606 816 626 rex
836 595 901 627 sim
927 593 1030 629 huius

211 646 290 686 595Δ
313 647 459 680 Terrae.
482 642 502 661 ³⁵
527 645 610 679 Sine
636 657 714 683 me,
739 645 905 679 omittens
929 646 1052 691 longas
1075 648 1199 680 adino-

616 695 789 733 nitioues;

261 749 305 781 lit
330 755 389 787 tu,
414 747 496 791 Pol)
508 747 621 786 uices,
648 747 848 779 vade-extra
869 748 1031 788 moenia,
1047 755 1108 782 aut
1124 762 1197 781 mo-

616 809 729 830 rlerls.

261 851 332 884 Pol.
356 849 427 881 Per
445 846 576 892 quem?
601 849 678 893 quis
701 848 749 881 sic
763 854 814 882 est
831 848 1113 891 invulnerabilis,
1137 851 1197 896 qui

621 911 659 930 111
685 910 750 932 nos
777 911 895 932 ensem

260 951 420 983 Letalem
444 949 627 982 inmittens
653 961 726 981 non
753 950 841 982 seret
864 950 1014 983 similem
1038 963 1159 984 necem
1170 952 1185 983 ἰ’

262 1004 352 1035 Eieo.
377 1000 496 1043 Prope
515 1000 631 1038 adest,
656 1005 737 1032 ante
761 1012 865 1044 quem
889 1007 980 1039 stas;
1005 1002 1136 1046 inspice
1159 1003 1195 1034 in

619 1061 716 1082 meas
742 1062 880 1084 manus.

209 1103 283 1137 600
306 1102 376 1135 Pol.
401 1099 563 1138 lntueor;
595 1100 773 1140 „timidae
797 1113 852 1134 res
874 1108 957 1134 sunt
982 1102 1195 1150 divitiae53),

624 1157 658 1184 et
685 1163 808 1185 amans
831 1152 926 1184 vitae
946 1154 1092 1187 malum.

258 1206 347 1238 Eleo.
381 1201 428 1235 Et
458 1202 537 1235 ideo
571 1214 649 1235 cum
683 1203 837 1236 exercitu
868 1203 997 1237 venisti
1029 1206 1073 1237 ad
1101 1217 1194 1245 eum,

622 1253 683 1297 qui
710 1251 799 1286 nihil
823 1260 873 1286 est
898 1254 933 1286 iu
960 1255 1103 1299 pugna?

256 1306 328 1338 Pol.
358 1304 523 1342 „Cautus
549 1303 643 1336 enim
668 1305 739 1337 dux
766 1311 923 1348 praestat
945 1306 1066 1340 feroci.

258 1358 348 1389 Eteo.
375 1355 555 1399 Superbus
582 1367 636 1394 es,
660 1356 839 1389 confidens
862 1356 1032 1398 induciis,
1055 1369 1144 1403 quae
1161 1364 1193 1391 te

614 1413 758 1440 servant
785 1419 803 1439 a
829 1413 955 1441 morte.

255 1459 326 1491 Pol.
352 1455 483 1489 Iterum
494 1468 642 1500 reposco
654 1469 671 1488 a
683 1463 715 1489 te
725 1464 860 1501 sceptra
873 1465 906 1490 et
919 1465 1054 1502 partem
1067 1466 1192 1493 terrae.

205 1507 279 1543 605
310 1510 399 1542 Eteo.
429 1507 511 1540 Non
538 1507 756 1553 reposce54);
779 1520 842 1551 ego
869 1510 963 1541 enim
989 1523 1103 1543 meam
1131 1509 1193 1544 ha-

612 1558 734 1591 bitabo
763 1560 922 1593 domum.

253 1611 325 1643 Pol.
357 1608 474 1642 Tenes
499 1609 578 1652 plus
604 1621 709 1654 quam
734 1616 870 1653 partem
881 1610 940 1655 55).

255 1663 345 1694 Eleo.
371 1659 421 1691 lta
449 1661 606 1697 affirmo;
639 1672 762 1693 verum
789 1661 927 1694 discede
950 1674 991 1694 ex
1016 1668 1120 1694 terra.

254 1713 324 1745 Pol.
361 1711 393 1743 O
417 1710 575 1743 Deorum
611 1722 693 1743 arae
726 1718 908 1754 pateruae.
970 1715 1061 1746 Eieo.
1094 1712 1192 1757 Quas

613 1768 652 1794 tu
668 1770 933 1806 expugnaturus
961 1763 1121 1808 adesffia)
1133 1763 1148 1796 ’.Ρ

254 1814 326 1845 Pol.
350 1812 479 1844 Audite
505 1825 572 1846 me.

252 1866 341 1897 Eleo.
377 1863 465 1907 Quis
493 1863 589 1897 Deus
623 1864 745 1896 audiat
779 1870 812 1897 te
843 1872 1022 1908 gerentem
1056 1867 1187 1900 bellum

610 1921 732 1947 contra
756 1916 935 1958 patriam?

250 1966 322 1997 Pol.
353 1963 398 1996 Et
420 1965 548 1998 domus
576 1966 756 2005 Deorum,
780 1968 840 2011 qui
864 1966 1043 2001 velluntur
1067 1969 1187 2002 candi-

603 2017 657 2049 dis
685 2017 795 2061 equis.

200 2064 274 2098 610
307 2067 398 2098 Eteo.
427 2065 498 2110 Qui
523 2068 675 2099 oderunt
699 2074 744 2101 te.
778 2065 797 2083 ἧς
829 2070 899 2102 Pol.
923 2068 1143 2112 Expellimur
1169 2083 1186 2103 e

610 2118 739 2161 patria.

252 2169 341 2200 Efeo.
381 2167 492 2212 Atqui
521 2168 674 2211 patriam
707 2181 891 2202 eversurus
921 2170 1059 2204 venisti.
1113 2173 1185 2205 Pol.

606 2218 643 2252 ld
667 2221 705 2252 fit
731 2227 788 2252 tua
813 2220 1004 2260 iniustitia,
1029 2234 1048 2254 0
1070 2215 1159 2256 Dii..

250 2269 342 2302 Eteo.
366 2267 542 2312 Mycenis,
569 2282 642 2303 non
667 2269 723 2303 liic
746 2270 840 2304 Deos
869 2272 1006 2306 invoca.

231 2399 280 2425 53)
301 2399 333 2423 u,
352 2399 369 2422 l.
389 2398 415 2421 in
436 2399 518 2421 Editt.
541 2401 632 2428 1558„
654 2402 728 2427 1562.
755 2403 819 2426 nota
839 2408 942 2430 marga:
964 2403 1071 2426 Divites
1091 2404 1183 2430 timidi.

232 2442 280 2468 54)
300 2441 357 2463 Non
370 2440 503 2479 ⁸reposce]
525 2443 565 2464 sic
585 2444 666 2467 Eunt.
686 2446 776 2471 1553,
800 2446 889 2473 1562.;
911 2447 1010 2476 narn„
1030 2446 1104 2471 lcixa
1125 2449 1183 2471 hou

267 2480 436 2504 reposmuiur
457 2478 504 2503 (Ξ
523 2477 614 2505 Eurip,
635 2477 688 2501 Οὐκ
706 2476 933 2510 (ἶῃαιηὺλιιρσῖῗ),

230 2518 278 2545 55)
303 2518 391 2540 Tenes
418 2525 442 2545 p.
468 2525 492 2546 q.
519 2521 647 2548 partem}
675 2522 715 2544 sic
740 2523 824 2546 Editt.
855 2523 945 2551 1558„
973 2523 1062 2549 1562.:
1090 2524 1181 2554 Baru,

266 2553 382 2588 Mirsgr.3
402 2552 467 2590 FixL
477 2553 584 2575 Tenens
602 2561 626 2583 p.
646 2562 670 2584 q.
692 2554 820 2584 partem?
839 2559 885 2585 (z
899 2558 990 2586 Eun-ip.
1013 2557 1068 2580 Τοῦ
1080 2557 1182 2590 μέρους

264 2584 335 2616 ἔχων
354 2593 384 2608 το
403 2584 533 2609 niueum
544 2589 576 2615 5).

230 2629 297 2654 5512)
316 2630 519 2658 expugnaturus
537 2630 618 2658 ades]
638 2631 678 2654 sic
694 2633 790 2662 sci-ipsi
811 2632 908 2664 (eam.
923 2636 1045 2659 recent:
1062 2641 1179 2658 eversu-

263 2664 437 2720 :qsicsagesh
465 2663 549 2687 Editt.
570 2665 660 2696 155³,
688 2667 761 2691 1562.
781 2670 924 2697 corrupte:
950 2670 1121 2699 puguaturus
1146 2676 1180 2693 ex

789 102 911 137 PHIL.
943 104 1056 140 MEL.
1091 105 1293 141 SCRIPTA
1324 109 1661 146 PHILOLOGICA.

2172 119 2247 155 416

1308 198 1379 230 Pol.
1406 196 1539 241 Impius
1564 209 1611 231 es.

1308 250 1396 282 Eteo.
1422 248 1490 281 Sed
1516 260 1589 281 non
1612 259 1690 281 sum
1711 245 1822 281 hostis
1846 251 2001 293 patriae,
2029 252 2119 286 sicut
2140 260 2178 287 tu
2195 267 2243 290 es.

1306 300 1378 332 Pol.
1412 299 1483 343 Qui
1508 311 1564 331 me
1589 299 1749 342 expellis,
1781 307 1958 335 carentem
1985 310 2085 347 parte
2118 302 2242 340 haere-

1664 349 1794 383 ditatis.

1307 402 1398 434 Eieo.
1427 398 1576 443 Insuper
1604 400 1813 434 interficiam
1837 407 1882 435 te.

1305 452 1376 484 Pol.
1402 450 1434 483 O
1459 457 1577 494 pater,
1601 452 1720 492 audis,
1745 464 1836 497 quae
1860 452 2004 496 patior?

1304 505 1395 535 Eleo.
1420 501 1468 534 Et
1493 503 1611 546 qualia
1635 503 1739 542 sacis,
1765 504 1875 538 audit.

1253 551 1328 586 615
1359 553 1430 586 Pol.
1455 552 1501 585 Et
1527 559 1587 593 tu,
1611 566 1631 585 o
1656 553 1794 587 mater?

1305 605 1395 638 Esco.
1419 604 1500 637 Nou
1527 604 1579 638 fas
1604 611 1654 638 est
1679 611 1713 637 te
1739 605 1863 639 matris
1886 606 2075 640 nominare
2101 615 2218 652 caput.

1304 656 1375 688 Pol.
1399 655 1433 687 O
1457 655 1557 688 urbs!

1304 708 1393 741 Eleo.
1432 706 1531 739 Vade
1569 707 1613 738 ad
1644 705 1778 749 Argos,
1821 712 1855 739 et
1884 707 2010 741 invoca
2040 707 2241 743 Lernaeam

1664 769 1808 801 quliil'll·

1304 809 1375 841 Pol.
1407 807 1529 846 Vado‚
1560 819 1604 840 ne
1627 807 1673 841 sis
1697 807 1886 846 sollicitus;
1917 814 1950 841 te
1975 815 2095 843 autem
2118 811 2239 852 laudo,

1662 864 1787 891 mater.

1303 911 1396 942 Eteo.
1422 907 1598 952 Egredere
1623 921 1640 941 e
1670 915 1777 942 terra.

1302 961 1373 994 Pol.
1401 959 1590 1003 Egredior,
1615 972 1739 992 verum
1766 961 1918 993 concede
1941 961 2011 1001 mi,
2035 968 2074 995 ut
2096 962 2237 996 videam

1412 1018 1414 1021 ’
1667 1017 1816 1054 patrem.

1302 1063 1394 1094 Eteo.
1427 1060 1510 1094 Non
1535 1061 1669 1104 poteris
1694 1061 1874 1107 consequi.
2201 1094 2205 1096 .
2226 1086 2246 1101 22

1301 1113 1373 1145 Pol.
1405 1111 1474 1145 Sed
1503 1124 1643 1145 sorores
1667 1113 1833 1156 virgines.
1896 1115 1984 1146 Eteo.
2017 1113 2141 1159 Neque
2174 1112 2237 1149 has

1655 1175 1814 1207 unquam
1841 1163 1988 1197 videbis.

1248 1213 1323 1248 620
1346 1213 1417 1246 Pol.
1442 1212 1475 1245 Ο
1491 1213 1649 1246 sorores!

1299 1266 1388 1298 Eteo.
1408 1264 1502 1308 Quid
1511 1262 1574 1298 has
1586 1276 1702 1303 vocas,
1714 1263 1870 1297 cumillis
1879 1263 1926 1297 sis
1936 1263 1974 1297 in
1985 1264 2210 1300 imicissimus
2220 1267 2236 1299 ἰ’

1302 1316 1371 1349 Pol.
1404 1315 1542 1355 Mater,
1565 1321 1603 1348 tu
1627 1315 1719 1348 laeta
1746 1315 1836 1348 vale.

1299 1369 1364 1400 Ioc.
1388 1365 1498 1398 Laeta
1523 1366 1654 1399 scilicet
1677 1366 1815 1409 patior,
1840 1377 1860 1398 o
1885 1365 1945 1398 fili.

1300 1419 1370 1450 Pol.
1396 1417 1478 1450 Non
1503 1417 1655 1460 amplius
1679 1430 1756 1450 sum
1780 1416 1871 1449 filius
1897 1422 1987 1449 tuus.

1298 1470 1364 1501 Ioc.
1394 1468 1449 1501 Ad
1472 1480 1618 1511 magnas
1643 1467 1860 1500 calamitates
1887 1479 1951 1509 ego
1979 1472 2060 1499 nata
2083 1479 2172 1502 sum.

1298 1520 1369 1552 Pol.
1392 1517 1452 1551 Ille
1478 1519 1572 1552 enim
1599 1518 1729 1551 iniuria
1756 1530 1813 1550 nie
1836 1517 1954 1550 afficit.

1299 1573 1389 1603 Eieo.
1417 1570 1462 1602 Et
1484 1582 1547 1613 ego
1572 1570 1724 1603 vicissim
1750 1569 1881 1601 iniuria
1913 1567 2061 1603 afficior.

1302 1622 1369 1655 Pol.
1396 1620 1551 1653 Ubinam
1576 1620 1683 1654 stabis
1707 1625 1788 1652 ante
1813 1617 1952 1652 turres?
1983 1648 1987 1653 .

1299 1675 1391 1705 Eteo.
1417 1671 1471 1704 Ad
1499 1671 1585 1716 quid
1607 1669 1676 1704 hoc
1702 1683 1758 1703 me
1782 1669 2006 1721 interroga‘s?

1297 1724 1368 1756 Pol.
1389 1722 1464 1765 Ego
1484 1729 1606 1755 contra
1626 1729 1659 1756 te
1677 1722 1854 1755 instruens
1870 1721 1993 1760 aciem,
2011 1721 2170 1755 occidam
2186 1728 2231 1757 te.

1296 1776 1386 1807 Eteo.
1412 1774 1457 1806 Et
1484 1786 1540 1807 me
1567 1786 1669 1807 amor
1691 1772 1799 1806 habet
1822 1771 1926 1806 liuius
1951 1771 2014 1805 rei.

1244 1824 1318 1860 625
1347 1828 1411 1858 Ioe.
1437 1825 1496 1858 Me
1518 1826 1704 1864 miseram,
1728 1824 1813 1870 quid
1835 1823 1988 1863 facietis,
2014 1835 2035 1856 o
2059 1823 2146 1858 filii?

1294 1879 1385 1910 Eieo.
1413 1876 1483 1910 Res
1509 1877 1679 1910 ostendet.

1293 1930 1359 1961 Ioc.
1386 1928 1467 1961 {Non
1492 1928 1664 1971 effugietis
1688 1927 1800 1970 patris
1825 1926 1946 1960 diras?

1257 1979 1262 1985 '
1294 1980 1363 2012 Pol.
1390 1979 1517 2011 Pereat
1541 1985 1613 2010 tota
1637 1979 1775 2010 domus.

1294 2031 1383 2062 Esco.
1407 2029 1524 2073 Quam
1550 2029 1618 2061 cito
1640 2028 1731 2061 ensis
1756 2039 1854 2060 meus
1879 2033 2045 2060 cruentus
2067 2039 2142 2060 non
2160 2028 2228 2062 erit

1653 2079 1804 2123 amplius
1830 2078 1980 2112 otiosus!

1241 2130 1314 2163 630
1334 2131 1404 2163 Pol.
1422 2129 1467 2163 Et
1487 2137 1631 2169 terram⁷
1650 2143 1741 2175 quae
1761 2142 1815 2162 me
1834 2129 1932 2168 aluit,
1949 2128 2086 2161 etDeos
2105 2134 2225 2170 testor,

1282 2182 1387 2226 Quod
1401 2182 1541 2225 indigna
1554 2188 1587 2214 et
1599 2182 1799 2214 miseranda
1812 2180 1959 2224 patiens,
1969 2179 2092 2213 eiicior
2102 2186 2223 2214 eterra

1290 2233 1387 2265 Sicut
1408 2245 1546 2273 servus,
1573 2240 1605 2265 et
1630 2245 1703 2265 non
1728 2238 1833 2265 natus
1856 2231 1899 2263 ab
1925 2232 2048 2263 eodem
2070 2230 2222 2275 Oedipo.

1290 2283 1336 2316 Et
1361 2285 1389 2317 si
1419 2285 1503 2329 quid
1532 2285 1699 2318 acciderit
1723 2282 1806 2322 tibi,
1838 2295 1857 2315 o
1882 2282 2024 2321 civitas,
2055 2294 2130 2315 non
2153 2294 2223 2323 me,

1650 2335 1710 2368 sed
1734 2332 1828 2367 hunc
1854 2339 2036 2372 accusato;

1287 2384 1420 2419 invitus
1442 2387 1534 2418 enim
1560 2386 1661 2425 veui,
1688 2386 1819 2418 invitus
1844 2385 2000 2428 expellor
2023 2397 2040 2416 e
2064 2384 2191 2429 patria.

1236 2434 1310 2470 635
1335 2436 1368 2469 O
1384 2434 1527 2470 Phoebe
1544 2450 1620 2477 rex,
1643 2443 1758 2470 custos
1784 2436 1922 2469 viarum
1941 2435 2164 2480 publicarum
2187 2442 2221 2469 et

1646 2487 1789 2532 templi,
1817 2487 1943 2526 valete,

1284 2537 1331 2571 Et
1361 2539 1525 2584 aequales
1558 2539 1647 2579 mei,
1686 2546 1720 2572 et
1748 2545 1883 2573 statuae
1915 2537 2074 2571 Deorum
2086 2535 2102 2578 ‚¹
2131 2537 2218 2572 reei-

1647 2590 1782 2634 pientes
1809 2589 1988 2628 victimas;

1283 2639 1411 2674 Nescio
1437 2641 1550 2682 enim,
1575 2653 1620 2674 an
1644 2642 1837 2687 aliquando
1854 2641 1974 2674 licebit
1991 2638 2080 2674 mihi
2095 2652 2216 2675 rursus

1645 2706 1707 2727 vos
1728 2693 1873 2739 alloqui.
