2373 2980
190 94 262 129 775
768 93 888 129 PHlL.
916 95 1026 129 MEL.
1055 92 1255 128 SCRIPTA
1284 90 1618 125 I‘HlLOLOGlCA.
2133 95 2206 129 776

217 179 239 213 5
263 179 333 224 Qui
353 178 648 224 quadripartitam
668 178 781 212 noctis
800 179 956 223 vigiliam
1278 177 1490 211 Desidet-ans
1506 188 1639 209 novum
1655 175 1801 221 aliquod
1820 177 2019 219 consilium,

242 230 368 263 Totius
385 229 554 262 exercitus
1277 229 1469 273 Nunquam
1487 227 1581 260 enim
1600 233 1702 259 antea
1718 227 1816 260 sicin
1829 235 1926 262 metu
1942 229 2008 262 suit

245 282 334 314 Ante
353 280 528 313 civitatem
548 279 744 312 Troianam
761 282 916 314 sedendo
935 283 1078 322 obeunt,
1276 279 1444 313 Numicus
1464 278 1645 312 exercitus.

243 332 346 365 Solve
363 338 496 364 trucem
517 332 634 364 sedem
653 332 917 375 palpebrarum.
1276 330 1356 362 Tibi
1373 329 1554 373 suspicans
1570 330 1727 362 futurum

246 383 417 427 Relinque.
438 389 535 415 toros
552 380 650 414 humi
669 388 811 423 stratos,
1226 380 1274 413 50
1300 380 1437 413 Accessi
1452 381 1617 420 nuntius,
1645 392 1688 412 ue
1706 392 1864 425 unquam

199 437 239 467 lo
269 433 417 471 Hector;
445 440 583 478 tempus
602 439 652 466 est
670 433 763 466 enim
782 434 915 467 audire.
1274 432 1442 476 Aliquam
1461 432 1720 465 accusationem
1738 431 1773 463 in
1794 444 1859 464 nos
1875 431 1981 465 dicas.

1276 485 1369 516 Hect.
1397 481 1609 527 Opportune
1626 482 1771 521 venisti,
1799 494 2017 528 quamquam
2036 489 2205 517 terrorem

1634 533 1860 567 denuntians.

1276 584 1401 618 Graeci
1420 585 1513 617 enim
1531 597 1571 617 ex
1591 582 1656 617 hac
1672 590 1764 617 terra
1780 591 1955 618 nocturna
1972 585 2055 617 navi

1277 635 1376 669 Clam
1396 648 1451 668 me
1470 636 1621 669 soluturi
1640 636 1785 679 fugient.

1227 685 1274 720 55
1298 687 1487 720 Blanditur
1506 685 1592 720 mihi
1608 693 1782 719 nocturna
1801 686 1958 720 Incensio
1976 688 2124 732 ignium.

1276 738 1309 772 O
1326 738 1404 778 Dii,
1429 738 1490 784 qui
1506 751 1561 771 me
1577 739 1775 771 vincentem
1795 738 1985 773 fraudastis

1276 790 1434 823 Leonem
1462 790 1611 834 praeda,
1649 789 1856 834 priusquam
1884 790 2073 824 exercitum
2101 791 2210 827 Grae-

244 487 333 519 !Iect.
359 484 447 528 Quis
466 497 519 524 es,
545 484 681 517 amice?
707 485 782 525 dic,
804 486 882 530 quis
899 487 943 519 sis
956 487 969 518 ἰ’

242 536 336 579 Quid
356 533 422 568 hoc
440 535 530 579 signi
548 534 622 568 est?

240 586 397 631 Quinam
415 598 479 631 per
494 592 632 619 noctem
652 587 698 618 ad
714 593 834 619 nostra

241 637 376 670 (lubilia
397 636 714 682 appropinquant?
737 638 925 670 dicendum
946 645 1006 672 cst.

199 688 238 721 15
273 690 369 723 Ultor.
400 688 531 733 Vigiles
556 688 738 722 exercitus.
817 691 910 722 Hect.
951 690 1044 734 Quid
1071 691 1173 722 atl'ers

601 746 673 772 tam
692 740 935 773 turbulenter?

241 792 339 825 Cleor.
357 790 458 824 Bono
476 791 521 824 sis
539 790 671 824 animo.
708 793 804 824 Hect.
822 791 907 825 Sum
926 793 1021 824 bono
1041 792 1171 825 auimo.

520 842 612 875 Num
630 842 756 886 aliquis
776 843 877 876 dolus
895 849 943 876 est
962 856 978 875 e
997 844 1172 877 tenebris?
1633 853 1756 873 corum

245 895 341 926 (fltor.
365 892 457 926 Non.
1199 884 1203 901 ¹
1277 890 1427 924 Prorsus
1447 892 1727 935 consumpserim
1746 889 1811 923 hac
1829 889 1940 925 hasta.

242 946 319 977 Ilec.
346 943 416 975 Cur
431 949 468 974 tu
486 942 690 987 relinquens
710 944 886 976 custodias
1201 985 1203 989 Ι
1279 941 1313 974 Si
1335 942 1428 974 enim
1449 942 1585 975 lucidae
1601 955 1672 975 non
1690 942 1945 976 continuissent
1963 955 2017 975 me
2032 943 2114 977 solis

241 995 381 1027 'l'urbas
402 993 590 1026 exercitum
603 1020 612 1032 ‚
637 993 702 1026 nisi
722 991 829 1027 habes
846 995 1001 1039 aliquam
1202 1005 1203 1013 ¹
1228 992 1276 1025 60
1300 992 1504 1033 Flammae,
1525 1006 1598 1026 non
1617 991 1850 1026 cohibuissem
1867 994 2002 1026 felicem
2022 1005 2190 1038 pugnam,

192 1047 240 1080 20
262 1045 483 1079 Nocturnum
502 1044 789 1077 nuntiationem?
808 1058 880 1078 non
898 1046 963 1079 scis
983 1046 1172 1079 exercitum
1201 1047 1204 1074 l
1278 1043 1492 1088 Priusquam
1512 1056 1618 1078 naves
1644 1044 1876 1078 incendissem
1890 1071 1898 1084 ‚
1923 1051 1957 1077 et
1979 1046 2209 1080 cucurrissem

242 1097 394 1139 Propter
414 1095 605 1138 Argivum,
630 1101 845 1129 nocturnum
865 1108 930 1129 nos
1638 1107 1701 1138 per
1717 1096 1955 1134 tabernacula,

243 1147 365 1181 Cubile
385 1144 515 1179 habere
534 1146 572 1177 in
590 1146 723 1179 armis?
1202 1144 1205 1196 ξ
1280 1144 1495 1178 Interficiens
1512 1145 1667 1179 Graecos
1683 1143 1749 1178 hac
1768 1152 1911 1179 cruenta
1929 1158 2050 1180 manu.

244 1201 340 1233 Cher.
365 1197 475 1230 Arma
493 1196 620 1236 socios,
1202 1200 1205 1225 t
1278 1195 1354 1240 Ego
1372 1196 1515 1241 quidem
1534 1208 1630 1229 eram
1646 1203 1833 1240 promptus
1849 1208 2007 1241 pugnare

240 1249 339 1282 Vade
358 1250 403 1282 ad
419 1248 547 1282 cubilia
566 1247 730 1282 aliorum.
1203 1276 1205 1279 .
1280 1246 1398 1280 Etiam
1417 1254 1523 1280 noctu
1535 1274 1544 1287 ,
1571 1254 1605 1280 et
1621 1247 1671 1281 uti
1689 1248 1843 1281 secundo
1859 1248 1995 1291 impetu
2011 1246 2096 1286 Dei;

191 1301 239 1336 25
265 1300 408 1345 Impelle
426 1298 583 1340 hastam,
609 1300 739 1340 levare,
760 1299 869 1332 excita
888 1312 905 1331 a
924 1311 1064 1339 somno,
1203 1291 1205 1303 <
1230 1297 1278 1332 65
1303 1298 1436 1332 Verum
1455 1298 1631 1343 sapientes
1649 1311 1705 1331 me
1725 1305 1758 1331 et
1774 1299 1894 1332 divina
1912 1298 2060 1333 scientes

243 1353 345 1385 Mitte
364 1352 515 1391 amicos,
543 1357 581 1385 ut
599 1351 743 1384 veniant
760 1351 796 1383 in
813 1357 909 1384 tuam
930 1349 1124 1391 cohortem,
1203 1347 1205 1362 '
1280 1349 1386 1384 Vates
1404 1356 1656 1394 persuaserunt
1672 1356 1856 1394 expectare
1877 1350 1997 1383 lumen
2018 1350 2100 1391 diei,

241 1404 379 1437 induite
400 1403 497 1448 equis
513 1403 644 1436 frenos.
1202 1391 1205 1420 l
1278 1401 1323 1434 Et
1346 1400 1472 1434 deinde
1496 1401 1675 1433 nemiuem
1696 1401 1915 1434 Graecorum
1938 1402 1975 1433 in
1998 1408 2091 1434 terra
2108 1401 2212 1434 relin-

243 1455 331 1500 Quis
348 1455 446 1488 vadit
466 1455 509 1487 ad
525 1452 839 1496 Pantlioedamss)'?
859 1458 919 1485 aut
936 1453 978 1485 ad
1644 1463 1763 1496 quere.

242 1507 376 1540 Ducem
394 1505 586 1551 Lyciorum
597 1505 626 1551 7)
638 1532 647 1545 ,
670 1505 732 1550 qui
749 1516 790 1537 ex
803 1504 949 1548 Europa
966 1510 1070 1537 natus
1088 1504 1161 1537 est'?
1276 1501 1337 1536 Isti
1353 1514 1438 1535 vero
1456 1515 1529 1535 non
1547 1509 1732 1547 expectant
1747 1514 1908 1536 meorum
1926 1509 2047 1536 vatum

193 1559 242 1592 30
269 1558 336 1591 Ubi
356 1563 437 1591 sunt
454 1557 670 1601 inspectores
687 1554 938 1589 victimarum?
1280 1553 1394 1587 Dicta.
1449 1553 1519 1594 „In
1537 1560 1639 1587 nocte
1657 1553 1826 1598 fugitivus
1841 1554 1993 1587 multum
2013 1553 2116 1587 valet.

243 1610 312 1642 Ubi
330 1616 411 1643 sunt
430 1608 564 1641 tribuni
581 1608 739 1652 peditum
759 1607 845 1640 Ievis
862 1606 1089 1639 armaturae?
1201 1601 1206 1674 1
1230 1605 1278 1638 70
1309 1605 1429 1650 Quare
1457 1616 1563 1650 quam
1593 1605 1748 1649 primum
1775 1611 1916 1649 oportet
1940 1605 2095 1638 indicere
2117 1617 2212 1638 exer-

247 1661 313 1694 Ubi
331 1660 502 1704 sagittarii
520 1657 727 1704 Phrygum?
1202 1687 1205 1700 1
1637 1655 1733 1695 citui,

243 1711 379 1755 lungite
396 1717 563 1744 cornutos
581 1722 682 1743 arcus
698 1708 827 1741 nervis.
1202 1702 1205 1760 1
1285 1707 1335 1739 Ut
1350 1713 1492 1739 sumant
1510 1719 1608 1739 arma
1621 1733 1630 1745 ,
1652 1713 1686 1739 et
1705 1712 1839 1739 cessent
1856 1717 1875 1738 a
1891 1718 2032 1747 somno,

244 1766 336 1797 Hect.
359 1762 497 1794 Partim
515 1761 658 1795 nuntias
673 1758 844 1792 terribilia
864 1759 999 1799 auditu,
1202 1763 1205 1788 l
1280 1758 1329 1790 Ut
1348 1758 1474 1802 aliquis
1490 1756 1645 1790 hostium
1666 1757 1702 1789 in
1718 1769 1844 1789 nawen]
1864 1757 2034 1798 insiliens,

195 1815 242 1848 35
267 1814 403 1847 Partim
421 1814 557 1846 animas
574 1825 629 1845 me
641 1839 650 1853 ‚
672 1809 763 1843 nihil
779 1817 897 1843 tamen
916 1810 1060 1855 liquide.
1280 1808 1318 1841 In
1335 1815 1432 1852 tergo
1450 1809 1621 1841 laceratus
1637 1807 1846 1841 madefaciat
1864 1808 1973 1842 scalas
1989 1808 2172 1852 sanguine,

244 1865 338 1899 Num
356 1864 514 1897 Saturnii
531 1863 638 1897 Panis
653 1862 806 1895 tremulo
1279 1860 1351 1892 Alii
1366 1860 1402 1891 in
1419 1860 1552 1905 laqueis
1570 1859 1679 1892 vincti
1695 1865 1728 1892 et
1745 1858 1839 1902 capti

244 1916 401 1959 Flagello
420 1915 688 1959 perterrefactus
697 1912 740 1960 8),
757 1914 920 1947 deserens
940 1911 1115 1950 excubias,
1203 1931 1205 1966 ἰ
1230 1909 1278 1943 75
1301 1908 1484 1955 Phrygum
1501 1923 1603 1955 agros
1622 1910 1759 1943 discant
1774 1921 1887 1943 arare.

245 1968 436 2000 perturbas
462 1965 677 1999 exercitum?
715 1964 798 2009 quid
823 1962 1003 2007 trepidas?
1035 1963 1117 2007 quid
1145 1968 1176 1995 te
1203 1978 1206 2022 ἲ
1282 1964 1378 1997 Ultor.
1405 1961 1554 2003 Hector,
1572 1974 1761 2006 properas,
1780 1960 1984 2005 priusquam
2002 1960 2108 2001 scias,
2126 1961 2212 2006 quid

600 2016 714 2049 dicam
1641 2019 1776 2056 agatur.

244 2068 338 2102 Novi
354 2068 518 2101 nuntiare
530 2068 544 2100 ἐ’
562 2068 670 2100 multa
690 2066 785 2098 enim
801 2078 880 2098 cum
899 2065 997 2105 dicis,
1281 2065 1410 2097 Utrum
1428 2063 1553 2097 Graeci
1573 2064 1729 2106 sugiant4
1746 2063 1905 2096 nondum
1921 2062 2054 2108 liquide
2070 2062 2210 2098 scimus.

195 2121 242 2154 40
264 2117 361 2154 Nihil
379 2126 496 2152 tamen
518 2119 610 2151 clare
627 2117 792 2151 ostendis.
1281 2118 1374 2148 Περί.
1398 2115 1551 2159 Propter
1577 2127 1683 2160 quam
1710 2114 1817 2147 aliam
1843 2125 1983 2146 causam
2008 2114 2211 2147 incenderet

247 2172 342 2206 Ultor.
366 2170 476 2203 Lucet
492 2170 630 2213 ignibus
649 2168 820 2201 exercitus
837 2165 989 2209 Argivus
1641 2171 1834 2198 nocturnos
1852 2165 1949 2207 ignes
1968 2164 2165 2197 exercitus?

244 2222 313 2255 Per
329 2228 440 2254 totam
459 2227 612 2260 noctem,
1283 2218 1378 2250 Ultor.
1407 2216 1550 2253 Nescio3
1569 2214 1656 2248 mihi
1675 2223 1793 2249 tamen
1810 2227 1865 2248 res
1881 2221 2040 2259 suspecta
2060 2222 2121 2249 est.

244 2273 289 2305 Et
305 2273 450 2306 navium
473 2272 642 2306 stationes
659 2270 785 2302 ardent
803 2267 984 2307 divinitus,
1231 2269 1278 2301 80
1306 2270 1397 2300 Meet.
1422 2267 1456 2300 Si
1476 2265 1541 2299 hoc
1559 2267 1676 2306 times,
1701 2267 1820 2299 omnia
1840 2266 1952 2300 times.

244 2323 289 2356 Et
306 2330 399 2357 totus
416 2323 586 2356 exercitus
609 2320 742 2355 accedit
759 2320 802 2352 ad
820 2316 1099 2362 Agamemnonis
1282 2321 1377 2353 Char.
1402 2318 1570 2351 Nondum
1595 2323 1699 2350 antea
1718 2315 1836 2351 hostes
1854 2317 2110 2352 succenderunt
2132 2324 2209 2351 tan-

195 2372 243 2407 45
269 2374 553 2407 Tabernaculum
571 2379 679 2406 noctu
696 2384 774 2405 cum
794 2369 960 2409 tumultu,
1636 2375 1709 2401 tum
1726 2369 1855 2413 ignem.
2044 2401 2047 2402 ⁷

211 2463 283 2465 m,
1278 2423 1371 2454 Hect.
1399 2419 1517 2452 Etiam
1541 2431 1727 2465 nunquam
1751 2427 1831 2454 ante
1859 2426 1931 2453 tam
1956 2421 2108 2464 turpiter
2125 2420 2208 2453 victi

1637 2478 1730 2505 sunt.

225 2508 255 2538 fi)
277 2507 474 2536 Panthoedam]
494 2506 554 2529 qu'c
574 2506 674 2529 nomini
695 2505 720 2528 iu
737 2505 818 2528 Editt.
835 2504 919 2528 1554.
942 2503 1014 2526 1562.
1032 2503 1173 2530 adscripta
1198 2489 1201 2532 Ι
1526 2522 1534 2527 ,
2037 2522 2045 2529 ,
2181 2522 2189 2528 ·

261 2544 306 2565 est
324 2542 389 2564 nuta
407 2547 508 2571 marg:
528 2541 641 2564 Pantho}
661 2540 721 2571 [Ed.
739 2540 811 2562 1558.
830 2536 955 2568 Panthei]
975 2538 1057 2561 finum
1080 2538 1101 2561 1.
1116 2537 1172 2559 Eu-
1196 2533 1200 2616 Ι
1277 2524 1373 2557 Chor.
1401 2522 1478 2555 Tua
1500 2528 1630 2554 wrtute
1654 2520 1720 2555 hoc
1746 2529 1881 2567 gestum
1906 2528 1975 2562 est,
2000 2529 2105 2555 etlam
2126 2522 2206 2555 reh-

257 2576 393 2606 pnorbum.
1110 2615 1113 2616 ⁷
1629 2586 1697 2619 qua
1718 2574 1872 2608 consule.

224 2617 254 2648 7)
274 2619 373 2641 Ducem
394 2615 553 2648 Lyciorum]
574 2617 597 2642 h.
617 2617 635 2641 1.
661 2617 687 2640 in
708 2616 769 2641 iisd.
791 2615 870 2639 Editt.
892 2617 956 2638 uota
973 2620 1075 2644 marga
1102 2615 1171 2637 sar-
1273 2628 1365 2659 Hect·
1408 2651 1428 2664 n
1438 2624 1593 2668 Simplex
1620 2625 1734 2658 oratio
1769 2631 1819 2659 est
1845 2630 1966 2658 contra
1995 2622 2114 2658 hostes
2149 2635 2204 2657 ar-

277 2653 397 2675 edonenr

224 2660 308 2721 fflpfl.
327 2695 344 2717 l.
365 2694 390 2716 iu
409 2693 458 2717 Ed.
481 2693 555 2717 1558.
576 2694 640 2716 nota
658 2698 760 2723 marg.:
780 2691 897 2715 Panicus
915 2692 1016 2715 terror.
1629 2688 1727 2710 mfll'e
1744 2688 1881 2710 manus·
