2373 2980
84 77 160 114 953
556 76 660 112 LXX.

83 163 157 199 495
186 165 286 198 Uxor
303 163 370 196 alia
389 161 525 195 habitat
544 163 581 195 in
601 161 666 196 hac
684 164 803 197 domo.

134 216 234 249 Dixit
249 227 327 248 eam
344 226 416 248 esse
431 214 538 246 filiam
557 213 667 252 Iovis;

134 268 203 300 Sed
219 267 311 299 forte
330 271 381 299 est
399 265 527 311 aliquis
543 266 615 305 vir,
633 265 702 311 'qui
719 263 824 298 habet
842 277 973 298 nomen
984 264 1075 299 Iovis

134 318 188 351 Ad
221 318 338 361 ripam
362 316 451 354 Nili;
491 328 575 349 nam
609 316 669 362 qui
700 317 736 349 in
770 317 868 349 coelo
894 323 962 357 est,
997 317 1075 349 uni-

499 379 558 401 cus
576 374 636 401 est.

133 419 205 452 Ubi
223 425 399 452 terrarum
416 424 466 451 est
482 418 608 461 Sparta
621 444 629 457 ,
658 419 724 452 nisi
747 419 796 451 ibi
820 424 956 451 tantum
970 445 979 458 ‚
1014 419 1074 452 ubi

493 469 627 501 fluenta

84 520 158 556 500
184 521 273 554 Sunt
290 519 465 559 Eurotae,
494 520 556 564 qui
573 518 678 553 habet
694 517 861 563 pulchros
879 519 1054 552 calamos?

135 572 255 605 Unum
272 577 323 604 est
342 583 474 603 nomen
490 570 694 615 Tyndarei,
723 571 818 615 quod
837 570 884 604 sic
904 576 1062 603 vocatur.

132 623 188 655 An
207 628 259 655 est
276 617 393 667 aliqua
411 628 503 654 terra
517 649 525 661 ‚
555 634 645 667 quae
670 622 762 654 idem
789 633 920 653 nomen
946 619 1075 654 habeat

495 685 573 705 cum
590 672 859 705 Lacedaemone
870 699 878 711 ‚

132 723 179 756 Et
194 723 332 756 Troia?
360 736 423 767 ego
442 730 534 756 certe
551 736 625 756 non
640 722 754 756 habeo
766 749 775 762 ‚
804 723 887 767 quid
908 722 1036 755 dicam.

132 775 258 813 Multi,
286 781 325 807 ut
342 775 482 807 videtur
494 801 502 814 ‚
533 775 567 807 in
585 773 732 807 diversis
748 773 952 817 regionibus

81 823 155 859 505
182 825 324 858 Habent
342 827 465 858 eadem
482 826 650 865 nomina,
679 831 713 857 et
736 824 859 857 civitas
883 836 961 857 cum
992 821 1074 854 civi-

490 883 561 909 tate
572 903 580 915 ‚

130 927 175 960 Et
206 927 334 961 mulier
365 940 443 961 cum
480 927 646 960 muliere:
690 939 763 960 non
797 933 848 961 est
874 925 981 969 igitur
1009 923 1073 956 mi-

494 978 661 1013 randum.

128 1029 252 1073 Neque
268 1029 442 1073 fugiemus
460 1028 618 1062 terribile
636 1029 729 1063 istud
748 1028 880 1063 dictum
900 1027 1060 1060 ancillae.
1099 1057 1101 1060 ,

131 1106 152 1119 „
164 1079 290 1113 Nullus
307 1080 360 1112 vir
378 1086 427 1113 est
445 1086 517 1112 tam
535 1081 690 1113 barbaro
710 1079 831 1113 animo
844 1107 852 1120 ,

129 1130 231 1174 „Qui
250 1131 371 1163 audito
390 1143 469 1163 tneo
487 1131 654 1171 nomine,
682 1142 755 1163 nou
780 1131 824 1164 sit
851 1131 999 1163 daturus
1027 1129 1072 1161 ci-

490 1181 574 1213 bum
585 1181 645 1227 37).

79 1230 153 1265 510
180 1231 293 1265 Notus
326 1237 376 1264 est
405 1231 495 1274 ignis
519 1231 670 1270 Troiae;
712 1244 795 1276 ego,
838 1232 897 1277 qui
929 1231 1071 1264 accendi

489 1295 602 1327 ipsam
614 1309 622 1323 ‚

129 1333 313 1365 Menelaus
329 1344 403 1364 non
420 1345 496 1365 sum
515 1334 656 1377 ignotus
676 1334 713 1365 in
735 1334 804 1367 ulla
825 1333 982 1377 regione.

128 1384 331 1427 Expectabo
349 1383 535 1416 dominum
555 1386 699 1422 domus;
727 1385 786 1417 sed
803 1384 861 1416 illa
882 1396 936 1418 res
953 1383 1058 1416 babet

129 1433 315 1477 Duplicem
340 1434 553 1468 cautionem.
607 1435 644 1467 Si
661 1441 711 1468 est
728 1435 878 1468 crudelis
891 1461 899 1474 ,

128 1484 318 1517 Occultans
334 1496 408 1524 me,
436 1485 495 1517 ibo
514 1486 558 1518 ad
572 1486 701 1519 fractas
716 1486 854 1519 tabulas
870 1486 987 1522 navis3

77 1534 152 1570 515
180 1535 216 1569 Si
235 1547 319 1568 vero
338 1547 373 1568 se
388 1536 525 1568 facilem
543 1537 767 1580 praebuerit,
794 1537 990 1570 necessaria

127 1586 313 1620 Praesenti
333 1586 527 1619 calamitati
546 1593 678 1631 petam.

126 1637 214 1671 Illud
251 1635 338 1670 mihi
378 1644 574 1671 extremum
611 1639 788 1672 malorum
827 1645 965 1682 praeter
1000 1638 1065 1670 alia

488 1690 581 1722 mala
607 1696 677 1730 est,

127 1740 233 1785 Quod
250 1740 293 1773 ab
311 1739 389 1773 aliis
406 1741 586 1785 tyrannis,
614 1741 689 1785 ipse
710 1752 771 1773 rex
783 1767 792 1780 ,

125 1791 250 1824 Petere
267 1803 375 1835 cogor
390 1791 540 1830 victum;
569 1793 629 1825 sed
646 1791 883 1825 necessarium
902 1798 962 1825 est.

74 1840 148 1878 520
177 1842 289 1883 „Non
305 1849 356 1876 est
371 1855 469 1876 meus
485 1855 602 1876 sermo
614 1870 622 1883 ,
650 1844 710 1877 sed
733 1843 932 1887 sapientum
946 1869 954 1883 ‚

123 1891 251 1934 „Nihil
269 1906 341 1928 esse
361 1894 537 1928 valentius
553 1894 654 1938 gravi
671 1895 888 1928 necessitate.

434 1975 702 2026 [Sy-stema]

123 2045 219 2077 Chor.
248 2042 379 2076 Audivi
397 2043 578 2076 fatidicam
589 2044 634 2089 38)
653 2044 806 2088 puellam
820 2071 828 2084 ,

122 2094 222 2139 Quae
238 2095 422 2138 respondit
439 2094 475 2126 in
491 2095 587 2138 regia

119 2144 257 2186 Domo,
284 2147 379 2191 quod
398 2146 580 2180 Menelaus
602 2147 762 2179 noudum

69 2195 143 2231 525
170 2196 268 2230 Abiit
286 2196 427 2240 nigrum

115 2248 185 2280 Per
199 2248 375 2287 Erebum,
404 2248 597 2282 occultatus
614 2248 651 2281 iri
675 2256 766 2281 terra
781 2262 787 2285 ;

115 2298 183 2332 Sed
201 2297 315 2332 adhuc
332 2311 437 2343 supra
458 2301 572 2333 undas

113 2349 288 2389 Vexatus,
315 2352 475 2383 nondum
495 2357 620 2395 portus

112 2400 257 2434 Patriae
275 2401 386 2445 possit
409 2401 592 2445 attingere.

60 2450 134 2486 530
161 2452 241 2485 Vita
262 2453 411 2485 erratica
429 2459 551 2491 utens,

109 2503 236 2544 Miser,
260 2504 333 2537 sine
353 2503 487 2543 amicis,

89 2626 136 2658 37)
157 2628 189 2651 Η.
208 2628 226 2653 1.
246 2627 272 2651 in
290 2627 374 2652 Editt.
394 2627 486 2656 1558.,
508 2626 582 2651 1562.
604 2627 669 2650 nota
688 2632 790 2658 marg.:
821 2626 936 2650 Fiducia
956 2626 1050 2649 famae.

87 2669 134 2699 38)
155 2669 303 2699 fatidicam]
322 2671 370 2694 Ed.
388 2670 461 2694 1558.
481 2670 577 2693 mendo
596 2671 683 2700 typog
695 2675 736 2693 r.:
764 2669 919 2694 vatidicaiu.

714 75 1110 112 INTERPRETATIO
1141 75 1365 112 HELENAE
1400 75 1650 112 EURIPIDIS.

2052 72 2126 107 954

1181 163 1322 210 Ubique
1340 170 1516 197 terrarum

1179 217 1385 249 Admovens
1402 217 1526 259 pedem
1544 215 1675 247 marini

1179 266 1362 309 Remisssa)
1383 279 1423 299 ex
1441 273 1534 299 terra
1555 266 1727 299 Troiana.

1129 314 1202 350 535
1230 319 1304 351 Hel.
1327 318 1373 350 At
1389 330 1452 361 ego
1468 319 1511 350 ad
1529 318 1645 350 sedem
1663 315 1767 349 huius
1785 313 1963 360 sepulchri
1980 314 2109 346 iterum

1179 368 1281 400 Vado
1298 394 1306 408 ‚
1360 375 1549 413 postquam
1591 368 1742 411 cognovi
1779 365 1904 400 charos
1940 375 2121 399 sermones

1539 417 1730 451 Theonoes
1741 445 1749 458 ‚

1180 469 1281 513 Quae
1299 469 1418 501 omnia
1435 469 1523 501 bene
1542 469 1623 507 scit;
1652 469 1737 502 dicit
1751 475 1869 502 autem

1177 519 1298 552 Meum
1316 520 1484 552 maritum
1504 519 1682 552 viventem
1701 520 1831 553 intueri
1847 520 1959 552 lucem
1972 545 1981 557 ‚

1179 569 1224 603 Et
1240 571 1468 614 navigantem
1486 571 1763 604 innumerabiles
1779 570 1944 603 traiectus
1962 578 2081 601 errare

1129 618 1203 654 540
1232 621 1308 654 Huc
1328 628 1361 654 et
1385 622 1486 661 illuc,
1522 634 1636 666 neque
1662 622 1927 654 inexercitatum
1954 621 2042 654 sieut
2066 630 2118 650 er-

1539 685 1644 706 roues

1178 722 1398 762 Venturum,
1443 725 1586 768 quando
1617 724 1820 767 pervenerit
1844 724 1886 755 ad
1916 723 2020 755 finem
2045 732 2117 752 ma-

1536 775 1666 808 lorum.

1177 823 1298 856 Unum
1314 836 1387 857 non
1406 825 1511 865 dixit,
1540 837 1625 858 num
1643 826 1760 860 salvus
1777 826 1822 859 sit
1838 831 2018 857 venturus.

1178 874 1252 918 Ego
1272 881 1388 908 autem
1410 876 1443 908 id
1462 877 1665 920 percontari
1680 877 1798 921 palam
1819 875 1938 915 nolui,

1178 925 1355 958 Delectata
1368 953 1376 965 ‚
1405 928 1501 972 quod
1521 940 1599 961 eum
1617 928 1755 961 salvum
1772 925 1861 960 mihi
1878 939 1950 961 esse
1970 925 2075 965 dixit,

1128 975 1201 1010 545
1229 975 1271 1009 Et
1289 989 1383 1010 nuuc
1400 991 1512 1022 prope
1531 976 1622 1011 hanc
1638 985 1769 1011 terram

1176 1027 1336 1060 Eiectum
1355 1030 1541 1073 naufragio
1563 1042 1640 1063 cum
1656 1030 1779 1074 paucis
1794 1029 1909 1063 sociis.

1179 1079 1323 1112 Utinam
1342 1080 1484 1121 venias,
1512 1093 1619 1126 quam
1638 1081 1857 1114 desideratus
1874 1079 2005 1113 venies.

1177 1131 1250 1173 Age
1268 1130 1346 1175 quis
1362 1138 1413 1164 est
1431 1131 1519 1165 iste?
1546 1144 1619 1164 non
1638 1145 1782 1176 possum
1799 1129 2023 1175 abscondi39)

1176 1181 1329 1225 Propter
1345 1182 1490 1216 insidias
1506 1183 1608 1227 impii
1630 1184 1693 1216 filii
1707 1183 1850 1223 Protei,

1126 1230 1200 1265 550
1228 1232 1309 1265 Non
1325 1239 1497 1279 tanquam
1518 1247 1608 1279 equa
1625 1247 1769 1268 currens
1780 1261 1788 1275 ‚
1816 1241 1876 1268 aut
1892 1232 2020 1266 mulier
2029 1231 2117 1265 Bac-

1536 1283 1632 1318 chica
1653 1285 1778 1319 insana

1174 1335 1386 1367 Admovebo
1405 1336 1528 1379 pedem
1548 1335 1754 1380 sepulchro3
1783 1337 1873 1370 truci

1177 1386 1353 1429 Adspectu
1374 1393 1424 1419 cst
1443 1387 1525 1427 iste,
1555 1388 1614 1432 qui
1636 1401 1691 1421 me
1709 1395 1859 1421 venatur
1875 1387 2059 1420 abducere.

1174 1437 1271 1469 Men.
1299 1436 1351 1468 Te
1367 1437 1593 1471 festinantem
1612 1440 1655 1471 ad
1675 1440 1869 1473 terribilem
1888 1439 2018 1471 fossam
2031 1462 2039 1474 ,

1173 1485 1219 1518 Et
1237 1488 1279 1519 ad
1298 1488 1481 1522 columnas
1500 1488 1677 1533 sepulchri
1694 1491 1729 1523 in
1747 1491 1818 1535 igni
1834 1491 1942 1523 factas
1958 1498 2059 1521 voco.

1124 1535 1198 1570 555
1242 1537 1367 1578 Mane,
1418 1552 1527 1585 quare
1561 1540 1674 1585 fugis?
1716 1548 1755 1575 ut
1791 1541 1978 1575 ostendens
2014 1545 2115 1571 tuum

1531 1604 1676 1636 corpus,

1173 1640 1365 1673 Terrorem
1384 1642 1486 1675 nobis
1505 1649 1538 1675 et
1556 1650 1737 1688 stuporem
1758 1644 1874 1678 offers.

1172 1693 1247 1725 Hel.
1275 1692 1421 1725 Afficior
1438 1693 1588 1734 iniuria,
1618 1707 1637 1727 o
1659 1695 1843 1736 mulieres,
1871 1706 1995 1728 arceor

1171 1741 1203 1774 A
1218 1741 1405 1787 sepulchro
1425 1744 1468 1776 ab
1484 1742 1551 1777 hoc
1568 1745 1645 1778 viro
1657 1773 1666 1785 ‚
1695 1753 1727 1778 et
1747 1759 1802 1779 me
1821 1747 1963 1791 rapiens
1980 1745 2055 1778 vult

1171 1793 1265 1826 Dare
1282 1796 1376 1838 regi,
1405 1795 1503 1828 cuius
1520 1797 1662 1840 nuptias
1680 1798 1796 1842 effugi.

1121 1843 1194 1878 560
1211 1847 1305 1879 HIen.
1327 1846 1406 1879 ὕοι]
1422 1859 1498 1879 sum
1517 1848 1585 1887 sur,
1613 1860 1729 1894 neque
1745 1849 1905 1882 minister
1923 1848 2113 1880 malorum.

1169 1898 1243 1930 Hel.
1260 1897 1370 1942 Atqui
1385 1898 1580 1931 deformem
1595 1906 1727 1933 vestem
1744 1899 1853 1934 babes
1868 1901 1959 1933 circa
1975 1910 2114 1943 corpus.

1169 1949 1266 1981 DIen.
1283 1948 1405 1982 Statue
1424 1949 1571 1982 celerem
1589 1952 1727 1994 pedem,
1751 1952 1918 1986 omittens
1935 1952 2114 1985 timorem.

1171 2000 1244 2032 Hel.
1272 1999 1384 2039 Sisto‚
1411 2007 1601 2046 postquam
1621 2003 1719 2046 attigi
1738 2002 1831 2036 hunc
1852 2005 1969 2037 locum
1979 2002 2038 2050 ⁴¹⁰).

1168 2050 1264 2083 Men.
1306 2050 1406 2095 Quae
1446 2063 1480 2085 es
1490 2051 1504 2084 ’ἒ
1549 2066 1656 2097 quam
1687 2060 1784 2087 tuam
1813 2057 1965 2100 speciem
1997 2055 2113 2096 video,

1540 2104 1693 2137 mulier?

1118 2148 1191 2183 565
1218 2153 1292 2186 Hel.
1322 2152 1379 2185 Tu
1405 2166 1488 2186 vero
1517 2155 1594 2199 quis
1620 2156 1680 2188 es‘?
1714 2169 1776 2201 ego
1805 2157 1897 2190 idem
1916 2158 2112 2203 interrogo,

1528 2207 1622 2250 quod
1644 2213 1691 2240 tu.

1164 2253 1261 2286 Men.
1289 2253 1482 2299 Nunquam
1503 2256 1575 2288 vidi
1594 2257 1802 2290 similiorem
1821 2269 1982 2303 corpore.

1165 2302 1197 2335 O
1233 2303 1310 2342 Dii;
1366 2318 1447 2338 nam
1486 2305 1550 2339 Dei
1588 2308 1797 2341 beneficium
1837 2317 1885 2342 est
1923 2323 2111 2354 agnoscere

1523 2371 1667 2392 (unicos.

1143 2444 1337 2471 38³)1narini
1362 2446 1454 2475 Remi]
1483 2447 1523 2471 sic
1548 2449 1632 2474 Editt.
1658 2450 1747 2476 1550*
1776 2450 1866 2480 1562.;

1182 2481 1231 2507 (z
1251 2481 1316 2503 text.
1337 2481 1395 2510 gr.)
1415 2481 1522 2505 marino
1542 2482 1634 2508 Remo.

1140 2520 1187 2552 39)
1207 2528 1260 2546 uon
1281 2529 1390 2552 possum
1411 2524 1558 2553 abscondi]
1573 2527 1613 2549 sie
1630 2527 1710 2553 mitt,
1726 2528 1817 2558 1558,
1842 2528 1934 2557 15132.;
1960 2531 2043 2554 Etim,
2060 2538 2103 2554 re-

1173 2558 1267 2620 3:301·
1300 2558 1428 2587 numquid
1460 2559 1550 2587 [Fix.:
1588 2563 1716 2592 numquid
1743 2562 1831 2592 sorte]
1852 2565 1970 2588 occultis
1998 2566 2105 2588 insidiis

1137 2633 1182 2663 40)
1202 2634 1272 2657 huuc
1292 2634 1395 2663 locum]
1413 2635 1455 2658 his
1475 2637 1500 2660 iu
1523 2642 1608 2668 marg.
1630 2639 1710 2661 Editt.
1726 2640 1814 2669 1558,
1838 2642 1912 2666 1562.
1934 2643 2041 2667 addItur
2064 2645 2106 2666 iu-

1170 2670 1428 2697 terpretamentum:
1456 2672 1632 2700 sepulchrum
1671 2673 1773 2697 Prote«.

1904 2452 1985 2477 Edita
2014 2457 2105 2476 recent
