2373 2980
100 62 196 96 1017
600 57 720 93 LXXI.

151 148 247 182 Ghor.
273 145 489 178 Communes
514 145 616 178 nobis
642 146 786 190 quidem
804 146 875 179 sint
897 147 1090 179 domorum

511 196 706 236 felicitates,

149 249 289 281 Tamen
306 246 412 279 etiam
432 247 619 280 dominam
636 260 708 281 esse
727 248 863 281 felicem

149 299 314 343 Optarim
333 304 367 330 et
383 296 574 331 Erechthei
589 299 775 334 familiam.

147 351 257 385 Xuth.
283 350 315 383 O
333 350 400 389 fili,
426 351 468 382 de
487 356 545 382 tua
562 350 770 384 inventione
787 349 884 383 Deus

98 400 172 436 570
196 402 285 435 Rem
304 407 398 434 recte
414 401 579 444 perfecit,
606 407 640 434 et
657 402 772 435 iunxit
789 408 821 434 te
838 398 943 438 mihi;

149 454 278 499 Tuque
308 453 463 487 vicissim
489 450 697 486 charissima
730 453 898 486 invenisti
930 450 1089 484 nesciens

518 511 634 537 antea.

134 557 204 591 'Ad
232 557 330 601 quod
349 562 467 589 autem
488 561 522 587 et
547 561 584 588 tu
600 555 767 589 incitatus
787 569 842 595 es,
870 562 903 588 et
927 555 1020 588 illius
1038 553 1086 586 rei

510 619 566 640 me
583 607 798 641 desiderium
818 605 936 646 habet,

147 659 341 703 Quomodo
359 665 397 691 tu
413 658 575 692 invenias
594 665 746 692 matrem
766 665 878 698 tuam,

149 710 194 743 Et
212 723 296 754 ego,
321 722 362 742 ex
380 722 448 755 qua
467 708 557 742 mihi
573 711 721 743 muliere
738 716 842 743 natus
859 709 916 743 sis.

97 760 172 798 575
191 759 507 803 „Tribuenteshoe
520 762 673 806 tempori
688 763 837 795 fortasse
854 759 1088 792 inveniemus.

148 814 281 847 Verum
293 813 499 858 relinquens
508 813 575 846 Dei
588 813 758 857 templum
776 818 809 844 et
821 818 920 845 tuum
932 809 1088 849 exilium⁷

148 863 308 898 Athenas
328 876 386 898 eas
407 877 485 898 cum
504 871 616 908 patre,

148 917 220 950 Ubi
238 923 271 949 te
289 916 447 960 locuples
464 928 611 959 regnum
631 921 792 959 expectat
806 914 929 958 patriS,

148 969 194 1002 Et
212 980 362 1011 magnae
380 979 483 1011 opes,
509 978 586 1006 „ne
604 979 745 1006 carens,
771 966 860 998 alter

97 1019 172 1054 580
205 1047 226 1060 ,,
238 1019 402 1052 Duorum
423 1018 580 1058 voceris,
612 1017 798 1062 ignobilis,
829 1022 863 1050 et
880 1014 986 1050 simul
1003 1026 1087 1057 pau—

514 1081 600 1113 per,

149 1122 247 1162 „Sed
264 1121 394 1155 nobilis
415 1127 449 1154 et
465 1121 574 1154 dives.

148 1172 286 1206 Taces?
314 1179 348 1205 et
365 1184 427 1205 cur
443 1172 480 1204 in
499 1179 632 1204 terram
651 1172 783 1204 defixos
807 1170 928 1203 oculos
944 1166 1076 1201 habes?

147 1224 202 1257 Ad
220 1224 449 1267 cogitandum
468 1235 646 1266 regressus
663 1235 716 1261 es,
744 1228 778 1254 et
794 1233 835 1253 ex
852 1220 988 1253 laetitia

148 1274 281 1308 Iterum
300 1280 457 1307 mutatus
473 1279 607 1307 metum
626 1273 740 1306 iniicis
759 1272 854 1317 patri
864 1271 923 1318 ⁶⁷).

130 1377 186 1418 67)¹
199 1377 323 1417 lonL'An
341 1381 400 1398 sum
418 1387 452 1391 —
472 1374 555 1405 patri.
576 1376 630 1402 (vs.
646 1371 834 1404 558-584.)]
862 1372 902 1396 sic
926 1371 975 1395 Ed.
999 1370 1090 1399 1562.;

166 1410 353 1475 Εάὶονιιῗῦῗέᾱ.
370 1443 445 1467 1558.
466 1440 571 1481 Χηῑ1ι’.]
599 1442 685 1465 Certe
703 1441 776 1465 lovis
796 1447 830 1464 ex
850 1441 907 1464 filio
927 1441 1009 1463 natus
1030 1445 1090 1462 sum

201 1513 291 1538 Xuth.
313 1511 375 1544 [Ed.
395 1513 468 1536 1558.
490 1478 729 1542 Itiiriifilsbuatenus
749 1509 796 1532 tihi
815 1510 954 1538 probatur.

200 1548 262 1572 1οη.
282 1546 345 1579 [Ed.
363 1547 437 1572 1558.
459 1544 553 1577 Xuth]
582 1545 664 1569 Certe
682 1544 790 1573 attingo
810 1544 864 1568 iam
883 1544 962 1573 ἰΙΙοε,
983 1541 1026 1572 qui
1046 1547 1089 1566 me

202 1616 291 1640 Xuth.
320 1615 360 1648 [in
380 1615 430 1639 Ed.
452 1581 714 1639 ¹558crelz2ui¹ilzmen
734 1611 835 1644 deest.]
867 1612 960 1636 Fidem
983 1611 1089 1634 habens

199 1685 261 1709 Ion.
282 1685 368 1708 Salve
387 1683 467 1713 mihi⁷
487 1650 612 1713 oligier.

200 1719 291 1744 Xutli.
311 1720 428 1744 Gratum
446 1718 596 1748 alloquium
615 1715 719 1746 accipio
738 1716 798 1740 hoc.

198 1754 261 1778 Ion.
280 1754 316 1777 Et
334 1753 467 1777 hodierna
487 1753 556 1776 dieS.

201 1789 292 1813 Xath.
314 1789 427 1811 Beatum
446 1794 489 1811 me
507 1787 581 1810 fecit.

199 1823 260 1846 Ion.
293 1823 315 1845 0
339 1823 424 1844 chara
447 1822 553 1849 mater,
583 1820 694 1842 tandem
721 1818 803 1841 etiam
831 1819 858 1840 et
882 1819 957 1840 tuum
991 1817 1089 1840 videbo

510 1849 635 1882 corpus‘.2

201 1891 278 1915 Nunc
296 1888 374 1920 cupio
395 1890 421 1913 te
439 1888 529 1919 magis
549 1893 628 1918 quam
654 1888 752 1917 antea,
780 1891 955 1916 quaecunque
981 1886 1090 1910 tandem

510 1922 550 1945 sis
571 1921 676 1945 videre.

200 1960 253 1984 Sed
273 1959 397 1983 fortasse
416 1959 524 1980 mortua
543 1963 590 1986 es⁷
610 1962 661 1979 nos
681 1961 748 1979 vero
769 1961 822 1978 non
844 1961 995 1984 possumus.

198 1995 284 2019 Cltor.
304 1994 466 2016 Communes
485 1991 591 2021 quidem
611 1991 752 2013 domorum
772 1989 927 2013 felicitates.

200 2029 254 2052 sed
274 2030 365 2051 tamen
385 2027 467 2050 etiam
486 2026 620 2049 dominam
641 2030 709 2054 erga.
727 2024 831 2047 liberos
852 2024 956 2047 felicem
977 2030 1041 2047 esse

201 2064 353 2093 Cuperem,
374 2063 401 2084 et
419 2061 515 2084 domus
536 2059 690 2083 Erechthei.

202 2098 293 2122 Xutlz.
314 2097 336 2120 0
355 2096 412 2125 fili,
432 2095 466 2118 ad
486 2097 558 2118 tuam
579 2094 684 2124 quidem
704 2093 890 2116 inventionem
910 2093 984 2116 Deus

198 2133 283 2156 Recte
302 2130 447 2158 iudicavit,
468 2131 495 2152 et
513 2129 649 2152 commisit
668 2128 730 2150 mihi
750 2129 787 2152 te.

198 2168 290 2196 Tuque
310 2164 433 2188 vicissim
453 2165 617 2187 charissima
638 2162 786 2190 invenisti,
808 2162 936 2185 nesciens
956 2163 1046 2185 antea.

199 2202 241 2225 Ad
261 2201 331 2231 quod
351 2205 417 2223 vero
442 2199 557 2222 affectus
578 2204 608 2221 cs
629 2198 718 2226 reete,
744 2197 778 2220 ad
797 2197 847 2220 hoc
867 2196 948 2220 etiam
968 2203 1010 2219 me
1034 2197 1088 2220 sert

511 2232 684 2260 desiderium,

199 2270 235 2293 Ut
255 2271 354 2301 tuque,
374 2275 389 2293 o
410 2269 462 2300 fili,
482 2269 598 2291 matrem
615 2265 743 2289 invenias
763 2265 847 2296 tuam,

201 2305 236 2327 Et
255 2310 325 2335 ego,
345 2311 377 2327 ex
398 2309 450 2333 qua
467 2302 530 2326 milii
549 2301 663 2325 muliere
680 2302 762 2323 natus
783 2300 831 2323 sis.

200 2339 327 2368 Temperi
346 2344 414 2361 vero
431 2337 631 2365 concedentes„
651 2336 775 2358 fortasse
793 2333 991 2356 invenerimus.

198 2374 304 2396 Verum
323 2373 483 2402 relinquens
504 2371 552 2395 Dei
570 2371 716 2400 templum,
736 2370 763 2392 et
782 2368 893 2392 exilium
915 2370 998 2398 tumn,

199 2409 323 2432 Athenas
342 2407 368 2437 i,
388 2406 565 2430 consentiens
585 2405 669 2435 patri,

200 2443 250 2466 Ubi
269 2443 297 2465 te
317 2443 424 2466 beatum
443 2440 550 2470 quidem
569 2441 708 2469 sceptrum
728 2439 855 2468 expectat
873 2437 972 2467 patris⁷

200 2477 234 2500 Et
254 2477 381 2507 ingentes
402 2475 524 2500 divitiae.
560 2474 653 2504 Neque
671 2474 789 2497 alterum
809 2474 937 2496 laborans

200 2512 242 2534 Ex
261 2512 366 2535 duobus
386 2509 532 2533 vocaberis
553 2508 700 2538 ignobilis,
720 2513 876 2537 pauperque
895 2506 983 2530 simul.

201 2547 253 2569 sed
272 2546 389 2571 nobilis,
410 2546 437 2567 et
457 2544 581 2572 locuples
600 2543 768 2565 facultatum.

199 2577 308 2604 Taces?
340 2580 402 2610 quid
434 2580 536 2602 terram
569 2583 668 2600 versus
702 2576 808 2600 oculum
841 2578 914 2599 tuum
940 2575 1086 2597 demissum

511 2608 615 2634 hahes?

200 2650 242 2672 Ad
260 2655 341 2673 curas
361 2654 427 2672 vero
445 2646 554 2670 venisti.
591 2646 631 2668 Ex
650 2645 748 2674 galidio
768 2651 833 2668 vero

198 2684 298 2708 lterum
317 2683 515 2713 commutatus,
534 2682 634 2704 metum
652 2679 752 2703 incutis
768 2679 850 2708 patri.

1110 2514 1114 2608 l

1109 2643 1111 2668 l

1108 2675 1111 2689 l

782 58 1180 95 INTERPRETATIO
1216 58 1342 94 IONIS
1376 59 1628 95 EURIPIDIS.

2043 56 2138 90 1018

1146 143 1221 179 585
1248 148 1321 179 Ion.
1347 146 1429 180 Non
1445 148 1568 180 eadem
1588 153 1638 180 est
1656 146 1852 190 ignominia

1195 198 1405 231 Absentium
1424 205 1457 231 et
1474 197 1726 242 praesentium.

1195 248 1270 292 Ego
1292 256 1384 283 certe
1400 256 1622 293 praesentem
1641 250 1823 283 fortunam
1840 249 2048 293 amplector,

1195 300 1338 333 Patrem
1359 307 1391 333 te
1410 301 1613 338 inxeniens;
1640 302 1700 334 sed
1720 300 1805 346 quid
1825 301 1990 344 cogitem,

1194 350 1300 384 Audi.
1354 352 1487 385 Dicunt
1503 352 1688 395 indigenas
1706 364 1778 385 esse

1144 398 1219 433 590
1241 400 1418 442 Athenas,
1442 416 1505 435 nec
1522 404 1665 436 allunde
1686 405 1878 435 adductum
1898 413 2020 445 genus.

1194 451 1248 485 Ad
1277 466 1364 498 quas
1395 454 1422 487 si
1448 466 1677 494 concesse1·o‚
1720 456 1809 486 dnos
1838 453 1983 486 morbos
2012 453 2134 482 112¹C1US

1554 506 1668 545 suero,

1194 555 1300 587 Patre
1319 555 1497 600 inquilino
1514 562 1618 589 natus
1630 583 1638 596 ‚
1657 563 1690 588 et
1707 553 1850 588 nothus.

1196 606 1238 638 Et
1264 604 1331 639 hoc
1356 604 1491 639 habens
1514 608 1709 650 probrum,
1741 607 1769 640 si
1787 618 1952 639 maneam
1977 599 2133 636 imbecil-

1553 656 1662 704 lis⁶⁸)‚

1193 707 1306 742 Nihili
1324 706 1434 742 homo
1451 709 1620 743 vocabor.

1143 759 1217 794 595
1246 760 1312 800 „Si
1330 773 1415 793 vero
1434 760 1470 793 in
1488 760 1606 804 primo
1624 759 1776 794 civitatis
1800 759 1926 792 ordine

1195 812 1363 857 „Aliquis
1381 824 1454 845 esse
1472 813 1686 845 contendam
1698 838 1706 851 ‚
1733 824 1750 844 a
1775 809 1998 844 tenuioribus

1193 863 1320 903 „Odio
1351 861 1582 902 hahehimur3
1628 863 1751 896 odiosa
1781 862 1877 895 enim
1905 865 1987 894 sunt
2014 864 2137 902 poten-

1563 915 1667 948 liora.

1193 965 1295 1010 „Qui
1313 972 1430 999 autem
1450 966 1537 999 boni
1553 972 1586 998 et
1607 966 1759 1009 ingeniis
1777 964 1985 998 excellentes

1195 1017 1381 1057 „Ti-cent,
1407 1028 1472 1049 nec
1490 1018 1535 1049 ad
1553 1017 1694 1060 negotia
1716 1021 1914 1061 properant

1144 1068 1217 1102 600
1242 1067 1347 1107 „Risi
1365 1065 1419 1101 his
1436 1080 1516 1107 eru,
1548 1074 1581 1100 et
1597 1068 1694 1101 stulti
1709 1078 1842 1100 nomen
1859 1064 2058 1100 nanciscar,

1196 1119 1298 1164 „Qui
1318 1131 1392 1151 non
1412 1119 1590 1164 quiescam
1612 1119 1646 1151 in
1671 1119 1812 1152 civitate
1835 1117 1940 1161 plena
1967 1112 2136 1150 sollicitu—

1556 1171 1638 1203 ‹linc
1648 1170 1706 1216 69).

1197 1220 1384 1261 „Rursum
1404 1222 1448 1253 ad
1463 1222 1678 1265 sapientium
1696 1228 1729 1254 et
1746 1219 1946 1264 regentium

1196 1272 1430 1312 „Ascendens
1448 1272 1678 1316 dignitatem,
1701 1273 1814 1316 magis
1832 1268 2051 1304 observabor

1196 1323 1394 1363 „Calculus
1411 1323 1560 1363 civium3
1592 1325 1641 1358 sic
1658 1325 1753 1357 enim
1771 1322 1838 1357 hoc
1855 1322 1944 1355 solet
1965 1319 2136 1356 accidere,

1563 1388 1583 1408 ο
1602 1383 1716 1420 pater,

1195 1423 1218 1458 5
1262 1425 1366 1470 „Qui
1398 1433 1527 1470 regunt
1556 1427 1773 1471 respublicas
1806 1433 1840 1459 et
1873 1429 1995 1459 tenent
2023 1419 2136 1463 digni-

1557 1484 1659 1518 tates,

1196 1554 1217 1567 ‚,
1228 1528 1318 1561 Sunt
1332 1527 1549 1563 infestissimi
1569 1529 1784 1575 aemulisw).

1195 1578 1350 1614 Veniens
1395 1593 1480 1614 vero
1531 1581 1567 1613 in
1611 1582 1759 1614 domum
1801 1580 1956 1613 alienam
1997 1575 2134 1608 advena

1558 1635 1708 1666 existens

1115 1394 1192 1469 lssO

1177 1748 1227 1775 68)
1247 1748 1408 1777 imbecillis]
1433 1749 1499 1772 haec
1519 1754 1571 1772 vox
1599 1749 1624 1771 in
1647 1754 1733 1777 marg.
1754 1749 1803 1773 Ed.
1825 1746 1898 1770 1562.
1919 1743 2084 1772 explicatur:
2111 1740 2138 1762 id

1213 1785 1273 1813 est,
1293 1783 1428 1812 privatus.

1176 1817 1226 1844 69)
1247 1819 1280 1841 Η.
1296 1817 1314 1841 1.
1336 1819 1362 1840 in
1378 1818 1426 1841 Ed.
1442 1817 1517 1841 1562.
1537 1820 1603 1841 nota
1622 1823 1726 1847 marg.:
1746 1817 1787 1840 Ad
1807 1813 2001 1844 rempublicam
2021 1817 2052 1834 se
2071 1815 2138 1833 con-

1212 1850 1302 1880 ferre,
1323 1851 1402 1880 quale
1422 1851 1466 1873 sit.

1177 1885 1224 1913 70)
1252 1885 1312 1909 lon.
1338 1885 1398 1907 Non
1418 1884 1514 1908 eadem
1530 1896 1565 1901 ——
1583 1885 1708 1908 aemulis.
1735 1881 1994 1913 (vs.5S5—606.)]
2023 1879 2063 1903 Sic
2089 1877 2137 1902 Ed·

1213 1919 1307 1949 1562.;
1327 1919 1377 1942 Ed.
1400 1918 1492 1942 1558.:

1246 1953 1308 1978 Ion.
1328 1953 1416 1983 „Non
1435 1958 1490 1976 una
1507 1954 1654 1984 eademque
1673 1953 1801 1978 molestia
1819 1954 1863 1977 est
1881 1956 1984 1981 rerum,

1247 1987 1439 2019 „Absentium
1459 1988 1485 2010 et
1504 1989 1702 2017 praesentium.

1244 2023 1305 2053 Ego
1324 2023 1400 2045 certe
1418 2022 1487 2045 hanc
1506 2023 1615 2052 quidem
1634 2023 1773 2047 fortunam
1792 2022 1953 2052 amplector,

1245 2057 1373 2080 Fratrem
1392 2057 1419 2079 te
1438 2056 1598 2088 inveniens3
1618 2058 1667 2080 sed
1686 2057 1719 2080 de
1739 2057 1835 2087 quibus
1854 2055 1983 2086 cogitem,

1245 2091 1325 2115 Audi.
1359 2091 1433 2114 Esse
1452 2091 1544 2115 dicunt
1563 2091 1724 2122 aborigines

1246 2126 1373 2156 Inclytas
1392 2125 1531 2157 Athenas,
1552 2132 1608 2150 non
1628 2126 1739 2149 aliunde
1758 2125 1904 2149 adductum
1924 2128 2021 2154 genus,

1246 2160 1289 2184 Ad
1308 2165 1376 2190 quas
1395 2166 1437 2183 me
1456 2160 1594 2184 conferam
1614 2161 1682 2184 duas
1702 2161 1778 2184 labes
1797 2161 1912 2189 habens,

1245 2195 1281 2218 Et
1300 2194 1389 2224 patris
1408 2194 1530 2226 advena,
1550 2196 1577 2218 et
1596 2195 1656 2225 ipse
1675 2195 1798 2218 existens
1818 2194 1938 2224 spui-ius.

1246 2230 1282 2252 Et
1300 2230 1350 2252 hoc
1368 2229 1496 2258 probrum
1516 2230 1635 2260 hahens,
1654 2229 1797 2253 imbecillis
1817 2229 1924 2259 quidem
1943 2228 2078 2257 existens,

1245 2263 1354 2287 Nullius
1372 2263 1453 2291 pretii
1474 2265 1501 2286 et
1520 2264 1585 2287 nihil
1606 2264 1730 2287 existens
1751 2265 1879 2287 vocabor.

1247 2298 1305 2329 „Si
1324 2303 1390 2320 vero
1409 2298 1443 2320 ad
1463 2298 1577 2326 primum
1597 2299 1719 2321 civitatis
1737 2297 1906 2320 contendens
1925 2296 2059 2325 ordinem,

1248 2331 1398 2362 „Conatus
1418 2337 1484 2353 vei-o
1503 2332 1603 2361 aliquis
1624 2338 1704 2361 esse⁷
1725 2337 1741 2354 a
1762 2331 1930 2355 tenuioribus

1246 2366 1342 2397 „Odio
1362 2365 1537 2391 habebimur:
1557 2365 1653 2388 odiosa
1673 2365 1744 2388 enim
1764 2365 1930 2394 potentiora.

1245 2400 1325 2432 „Qui
1344 2404 1410 2422 vero
1431 2399 1492 2421 boni
1512 2400 1538 2422 et
1558 2400 1698 2428 sapientes
1719 2400 1845 2422 volentes
1864 2406 1927 2423 esse

1246 2435 1392 2465 „Tacent‚
1412 2439 1500 2462 neque
1521 2434 1689 2456 contendunt
1709 2434 1742 2457 ad
1762 2435 1967 2465 rempublicam,

1245 2487 1262 2501 n
1275 2469 1370 2491 Risum
1390 2467 1462 2490 inter
1481 2467 1556 2496 ipsos
1578 2470 1604 2491 et
1623 2469 1769 2491 stultitiam
1789 2469 1903 2498 capiam,

1246 2503 1333 2533 „Non
1353 2501 1496 2531 quiescens
1514 2502 1540 2524 in
1561 2501 1673 2525 civitate
1694 2503 1800 2526 timoris
1819 2503 1906 2532 plena.

1244 2538 1391 2568 „Rursum
1411 2537 1439 2558 et
1458 2536 1645 2565 prudentium,
1666 2538 1693 2560 et
1713 2537 1847 2560 utentium
1868 2537 2007 2566 republica

1245 2571 1313 2603 „Ad
1333 2570 1494 2600 dignitatem
1511 2577 1675 2601 essingensi,
1697 2572 1759 2600 plus
1778 2573 1951 2595 ollservabor

1246 2623 1264 2637 3,
1274 2605 1403 2629 calculis.
1442 2605 1486 2628 Sic
1505 2605 1576 2628 enim
1598 2606 1680 2635 haec,
1700 2612 1714 2629 o
1736 2607 1835 2635 pater,
1856 2607 1932 2630 fiunt.

1246 2657 1265 2672 7,
1276 2639 1327 2669 Qui
1344 2639 1470 2663 civitates
1488 2640 1606 2667 habent,
1627 2641 1654 2663 et
1673 2641 1736 2663 sunt
1757 2641 1783 2663 in
1806 2640 1950 2670 dignitate,

1239 2674 1334 2706 „Suis
1355 2673 1471 2698 aemulis
1491 2675 1557 2698 sunt
1575 2673 1765 2700 inimicissimi.
