2373 2980
191 112 264 148 143
767 104 890 142 PfflL.
922 102 1037 141 MEL.
1069 101 1273 139 SCRIPTA
1309 104 1647 142 PHILOLOGICA.

191 203 224 230 et
247 197 336 230 bene
360 195 499 228 dicendi
517 200 550 226 et
569 195 657 226 bene
687 191 869 225 iudicandi
898 191 972 225 sive
1003 190 1180 225 sentiendi

189 248 408 291 exemplum,
437 245 533 278 cuius
549 244 686 276 fabulas
702 242 732 276 si
755 242 943 286 diligenter
966 242 1181 289 discusseris,

187 310 261 331 non
286 298 492 331 oscitantem
519 300 552 327 et
572 294 718 326 minime
743 293 997 326 dormitantem
1023 290 1181 337 philoso-

188 347 339 393 phorum
356 345 566 390 sapientiam
584 344 724 378 dixeris.
779 344 890 388 Operi
905 342 988 377 huic
1004 356 1022 376 a
1049 355 1086 376 re
1107 342 1180 389 βα-

186 394 520 444 τραχομυομαχίαν
547 408 680 429 nomen
705 395 853 437 indidit,
888 396 983 440 quod
1007 394 1180 439 significat

186 460 353 482 ranarum
380 453 413 480 et
438 446 595 480 muritnn
619 459 789 492 pugnam.
857 442 1055 492 Βάτραχος
1084 444 1178 478 enim

185 511 332 537 ranam,
359 500 432 541 μῦς
453 509 613 537 murem,
647 497 749 543 μα’χη
772 509 928 542 pugnam
953 496 1097 530 Graecis
1120 496 1179 528 de-

184 556 296 583 notat.
349 548 501 581 Volebat
520 555 638 582 autem
657 555 762 593 poeta
779 547 846 581 hoc
863 553 1072 592 argumento
1093 548 1177 578 ado-

184 600 395 634 lescentibus
426 600 547 632 odium
579 600 764 633 turbarum
789 605 823 632 et
845 599 1060 632 seditionum
1088 597 1178 630 inse-

183 663 273 685 rere.
326 650 371 683 Et
390 652 486 695 quod
502 651 645 684 tandem
666 650 813 683 vincunt
836 661 944 682 ranae
970 647 1101 681 auxilio
1126 647 1178 679 di-

184 703 288 741 vino,
318 714 359 734 eo
381 702 618 745 significatur,
655 701 691 734 in
715 707 821 744 caput
842 701 1053 744 plerumque
1077 704 1178 730 auto-

183 763 262 787 rum
281 752 465 786 seditionis
484 753 574 785 verti
590 751 784 796 periculum
797 777 806 790 ‚
834 751 931 796 quod
954 749 1032 782 aliis
1055 747 1195 781 molie--

182 805 326 837 bantur.

287 867 320 888 v.
345 853 416 899 1.³)
445 849 668 898 Ἀρχόμενος
690 849 855 899 πρῶτον]
891 850 1036 884 Invocat
1059 849 1178 883 Musa-

183 918 263 939 rum
282 911 442 943 coetum,
476 901 544 936 lioc
561 910 631 943 est,
656 903 777 937 Musas
802 902 1005 941 universas,
1040 907 1080 934 ut
1103 913 1177 933 rem

183 957 297 989 levem
317 968 356 987 ac
370 955 543 987 ludicram
560 954 762 997 graviorem
787 953 1074 997 atrocioremque
1097 952 1177 984 red-

183 1008 255 1040 dat.
332 1003 465 1052 χορόν]
496 1005 640 1050 quidam
661 1017 678 1036 a
695 1002 814 1050 χαρὰ,
842 1004 878 1035 id
901 1010 971 1043 est,
1007 1002 1176 1046 gaudium

184 1065 217 1090 et
236 1056 390 1095 laetitia,
419 1057 615 1095 deducunt,
644 1056 740 1100 quod
759 1053 887 1087 chorus
904 1054 1027 1098 gaudii
1051 1058 1085 1085 et
1108 1053 1179 1085 lae-

184 1108 281 1141 titiae
300 1113 420 1140 coetus
437 1107 492 1140 sit.

286 1180 320 1200 v.
342 1169 378 1201 2.
418 1165 543 1200 ἐλθεῖν
575 1166 623 1203 εἷς
653 1162 743 1208 ἐμὸν
769 1160 876 1210 ἦτορ]
911 1161 1036 1196 Subire
1058 1173 1177 1193 meum

184 1231 256 1252 cor.
283 1214 374 1263 ἦτορ
395 1217 575 1262 quoddam
596 1216 802 1249 intestinum
819 1215 883 1248 sub
900 1214 1005 1246 corde
1021 1212 1179 1256 situm4)‚

184 1276 309 1303 autore
331 1268 475 1301 Polluce
485 1267 528 1314 5).

286 1340 319 1362 v.
338 1327 373 1361 5.
402 1324 459 1361 ἐπὶ
482 1322 641 1373 γούνασι
662 1325 781 1371 θῆκα]
816 1324 986 1358 Genubus
1011 1321 1179 1367 imposui,

183 1378 249 1413 hoc
268 1385 337 1418 est,
364 1378 517 1412 scribere
534 1376 683 1410 institui.

285 1450 318 1471 v.
336 1437 370 1471 4.
397 1435 505 1482 δῆριν
524 1432 751 1482 ἀπειρεσίην]
778 1433 996 1478 Propositio.
1075 1433 1180 1466 πολε-

183 1486 384 1535 μόκλονον]
426 1487 603 1521 Notabilis
645 1492 696 1520 est
743 1481 967 1532 ἐτυμολογία
1009 1482 1178 1515 nominis.

183 1537 340 1583 πόλεμος
379 1550 396 1571 a
432 1535 547 1572 πολλὰ
587 1535 651 1572 καὶ
693 1534 847 1571 ὀλέσθαι
863 1560 872 1574 ,
926 1534 1029 1580 quasi
1068 1533 1180 1566 multa

183 1591 347 1636 perdens.

286 1662 319 1682 v.
348 1648 382 1681 7.
431 1645 619 1696 γηγενέων
647 1642 821 1692 ἀνδρῶν]
861 1643 1102 1689 Amplificatio
1135 1643 1179 1675 ab

184 1700 346 1744 exemplo
373 1698 579 1742 Gigantum.

286 1771 320 1792 v.
342 1757 378 1791 9.
415 1759 489 1801 μῦς
514 1752 615 1801 ποτὲ]
648 1753 817 1789 Narratio
844 1759 879 1786 et
904 1752 1133 1797 amplificatio
1160 1765 1178 1785 a

184 1808 447 1844 circumstantia
460 1834 469 1847 ,
497 1807 594 1852 quod
612 1806 714 1850 fingit
730 1816 868 1838 murem
887 1804 1048 1848 effugisse
1062 1804 1179 1838 felem.

286 1881 319 1902 v.
332 1868 390 1902 10.
407 1865 609 1913 προςέθηκε
624 1864 782 1913 γένειον]
802 1864 950 1898 inseruit
967 1870 1127 1897 mentum
1135 1863 1179 1910 ⁶).

183 1918 420 1957 ὑποτύπωσις
439 1916 630 1951 rhetorica.

288 1992 321 2013 v.
345 1979 405 2013 11.
447 1975 608 2022 κατεῖδε]
650 1975 739 2008 vidit
755 2002 765 2016 ,
812 1974 1006 2020 conspexit.
1084 1970 1179 2009 κατὰ

183 2030 329 2065 Graecis
346 2030 383 2062 in
402 2028 660 2072 compositione
684 2039 761 2059 eam
786 2027 858 2059 fere
883 2024 1177 2070 significationem

184 2080 310 2119 habet,
339 2092 445 2126 quam
471 2080 523 2112 ‹lis
540 2078 767 2111 Latinorum.

220 2199 250 2227 3)
270 2199 327 2222 Hos
347 2202 475 2220 versuum
495 2200 624 2218 numeros
642 2201 676 2217 ex
694 2191 843 2216 Hermanni
863 2191 912 2215 Ed.
934 2191 1053 2220 operum
1068 2190 1178 2214 Homeri

255 2233 360 2262 (Lura,
382 2230 521 2254 Tauclinit.
544 2228 616 2252 1825.
636 2228 674 2255 8.)
703 2227 755 2250 iam
783 2231 869 2255 supra
898 2232 922 2255 p.
938 2225 984 2248 121
1000 2231 1041 2254 sq.
1068 2226 1133 2248 nota
1146 2222 1177 2254 ss)

256 2267 405 2290 memorata
425 2263 632 2293 adscripsimus.
667 2262 734 2284 Illae
749 2258 1038 2284 Editt.1566-1622.
1058 2259 1178 2281 numeris

256 2306 383 2323 versuum
397 2300 499 2322 carent.
521 2298 567 2327 [ln
582 2297 630 2321 Ed.
642 2296 748 2320 witeb.
771 2295 860 2323 1556.,
880 2299 948 2323 quae
968 2293 1057 2316 solnm
1075 2294 1178 2316 textum

255 2340 383 2364 graecum
408 2333 545 2363 continet,
585 2330 688 2354 decimo
715 2329 811 2360 cuique
836 2327 930 2352 versui
955 2327 1109 2357 adscriptus
1136 2330 1179 2350 est

254 2368 408 2395 numerus]

221 2411 251 2437 4]
271 2409 367 2437 situm]
387 2408 426 2431 sic
445 2407 528 2431 Editt.
550 2407 635 2437 1621.‚
660 2406 752 2435 1622.;
778 2404 863 2430 Editt.
886 2403 970 2429 1566..
992 2403 1082 2429 1570..
1104 2402 1179 2427 1607.

257 2443 358 2466 statim.

221 2485 252 2511 5)
272 2483 370 2507 Pollux
391 2483 416 2505 in
434 2482 575 2506 onomast.
594 2483 689 2510 li1›.ll,
710 2482 767 2506 170.
792 2481 870 2513 (vol.
886 2480 904 2503 l.
925 2487 950 2512 p:
970 2478 1025 2502 117.
1046 2478 1094 2502 Ed.
1110 2478 1178 2501 Diu-

255 2517 327 2541 dni-f.
347 2516 422 2546 Lips.
445 2517 517 2540 1824.
536 2517 576 2543 8.)
596 2517 663 2540 lianc
688 2516 742 2539 vim
769 2521 822 2539 non
847 2514 907 2537 voci
933 2513 1014 2544 ἦτορ,
1044 2512 1094 2535 sed
1119 2512 1180 2536 voci

255 2552 288 2575 ab
309 2551 357 2574 illa
374 2550 516 2574 derivatae
536 2544 618 2580 ἦτρον
637 2550 749 2579 tribuit;
774 2549 839 2573 dicit
858 2548 929 2572 enim
948 2548 972 2570 li.
993 2548 1025 2571 l.:
1052 2544 1089 2570 Τὸ
1109 2545 1179 2576 μέν-

257 2593 297 2609 τοι
316 2581 438 2616 ὑπό-τόν
458 2581 590 2616 &nasathi
615 2583 671 2607 πᾶν
696 2582 761 2615 ἄχρι
784 2582 839 2607 τῶν
863 2578 934 2613 ὑπὲρ
960 2579 1052 2605 αἰδοῖα
1078 2576 1179 2612 τριχώ-

256 2626 344 2648 σεων,
370 2617 454 2649 ἦτρόν
476 2625 501 2642 τε
521 2617 566 2641 καὶ
586 2615 783 2650 ἶπογάστριον.

221 2663 253 2690 6)
273 2663 407 2690 mentum]
428 2661 467 2685 sic
486 2664 560 2685 recte
580 2664 626 2690 (z
642 2662 718 2685 Hom.
735 2659 855 2691 γένειον)
876 2659 958 2682 Editt.
980 2658 1067 2686 1566..
1087 2657 1179 2688 1570.;

257 2697 339 2721 Editt.
361 2696 554 2720 1607-1622.
575 2702 669 2720 errore
689 2696 817 2726 typogn:
843 2694 949 2716 metum.

1337 204 1369 225 v.
1391 192 1450 227 12.
1478 189 1755 238 λιμνόχαριςΊΠ
1782 194 1828 238 τῇ
1843 189 1955 238 λίμνῃ
1968 190 2135 239 χαίρων,
2161 199 2230 226 sta-

1235 253 1306 286 gno
1325 243 1483 287 gaudens
1495 269 1504 283 ‚
1532 255 1622 288 quae
1638 243 1768 287 palude
1786 243 1995 277 oblectatur.
2175 239 2179 241 ’

1337 314 1370 335 v.
1388 302 1450 336 13.
1486 303 1597 345 ξεῖνε,
1637 299 1693 341 τίς
1717 299 1794 350 εἷς]
1827 302 1999 347 Vulgaria
2025 300 2112 335 haec
2135 308 2230 343 sunt,

1235 364 1325 398 quae
1344 352 1473 386 Graeci
1494 352 1630 397 ἄτεχνα
1650 359 1797 393 vocant,
1834 354 1930 398 quod
1955 354 2054 387 nullo
2079 353 2228 386 artificio

1234 409 1408 437 constent.

1338 476 1371 496 v.
1392 460 1452 496 15.
1479 462 1509 496 εἰ
1525 461 1599 509 γάρ
1618 463 1673 507 σε]
1700 462 1863 497 Primum
1880 460 1937 496 hic
1960 463 2072 497 discas
2090 475 2164 497 non
2179 469 2230 496 te-

1233 525 1348 553 mere,
1392 514 1452 546 sed
1487 524 1567 545 cum
1600 513 1737 547 delectu
1768 514 1950 548 faciendos
1981 526 2053 547 esse
2085 514 2229 548 amicos.

1232 563 1370 596 Deinde
1387 562 1592 597 observabis
1608 576 1785 598 summam
1802 562 2083 610 hospitalitatem
2099 570 2134 598 et
2151 576 2229 598 mu-

1231 614 1448 647 nificentiam
1468 620 1641 649 veterum.

1334 686 1367 707 v.
1388 673 1447 707 17.
1482 671 1555 717 εἰμὶ
1570 671 1606 708 δ’
1625 672 1712 720 ἐγώ]
1739 675 1771 706 Α
1789 675 1973 722 maiestate
1998 673 2119 718 regni,
2148 679 2183 706 et
2208 685 2228 706 a

1231 724 1418 757 nativitate
1439 730 1473 756 et
1489 724 1723 758 diuturnitate
1742 725 1895 770 imperii.
1954 725 2048 759 Nam
2073 736 2228 770 quorum

1232 775 1382 819 imperia
1403 775 1562 808 modesta
1587 782 1688 816 sunt,
1721 777 1844 809 eadem
1867 777 1968 809 firma
1997 782 2031 808 et
2055 781 2228 819 perpetua

1232 832 1326 860 sunt.
1401 823 1666 873 Φυσίγναθος]
1694 825 1767 861 ἀπὸ
1785 830 1854 862 τοῦ
1871 829 2000 874 φυσᾶν
2014 824 2119 872 τὰςε)
2135 822 2230 874 γνά-

1234 876 1346 915 θους,
1376 877 1474 921 quod
1492 876 1591 909 inflet
1614 877 1787 911 maxillas.

1336 948 1368 969 v.
1386 935 1444 970 19.
1457 933 1757 982 ‘dequedozioffl
1771 939 1816 982 τῇ
1832 933 2117 982 βασιλίσσῃ’τοῦ
2133 933 2227 970 ὕδα-

1231 999 1312 1027 τος,
1339 984 1407 1019 hoc
1425 992 1495 1027 est,
1523 987 1666 1030 reginae
1684 999 1873 1033 aquarum.

1334 1058 1367 1079 v.
1388 1046 1449 1081 20.
1477 1044 1626 1091 μιχθεὶς
1647 1045 1686 1082 ἐν
1712 1042 1894 1093 φιλότητι]
1923 1046 1999 1079 Hoc
2013 1057 2098 1080 sane
2115 1045 2226 1078 modo

1233 1101 1337 1128 autor
1362 1094 1419 1129 hic
1449 1097 1656 1131 concubitus
1680 1097 1811 1142 passim
1837 1110 1901 1131 suo
1925 1098 1963 1131 in
1987 1097 2144 1129 carmine
2166 1096 2227 1129 de-

1233 1146 1366 1180 scribit.
1427 1146 1561 1180 Habuit
1585 1148 1679 1180 enim
1705 1148 1837 1193 ubique
1863 1149 2041 1182 rationem
2066 1147 2226 1184 aurium;

1232 1208 1348 1242 neque
1367 1197 1459 1230 ullus
1483 1204 1535 1231 est
1558 1205 1767 1242 poetarum,
1803 1199 1864 1244 qui
1889 1199 2063 1233 modestia
2078 1197 2229 1231 Homeri

1232 1248 1278 1281 sit
1297 1247 1410 1292 prior.
1744 1256 1746 1259 ’

1335 1321 1368 1341 v.
1386 1305 1448 1343 25.
1481 1305 1584 1342 τίπτε
1603 1306 1726 1356 γένος]
1758 1308 1958 1353 Responsio
1984 1315 2034 1343 est
2057 1319 2229 1352 arrogan-
2251 1338 2253 1340 .

1232 1357 1360 1391 tissimi
1392 1356 1641 1402 Psicharpacis
1683 1359 1855 1399 musculi,
1909 1359 2007 1393 cuius
2052 1359 2228 1398 oratione,

1233 1409 1537 1454 quemadmodum
1559 1409 1708 1443 Plautus
1731 1410 2064 1454 Pyrgopolinicem,
2092 1410 2228 1442 Teren-

1232 1459 1302 1492 tius
1320 1457 1545 1493 Thrasonem
1555 1459 1586 1506 9)
1605 1461 1721 1492 finxit:
1757 1460 1804 1492 ita
1822 1460 1999 1493 Homerus
2024 1459 2098 1493 eius
2125 1471 2228 1503 gene-

1232 1510 1281 1544 ris
1297 1511 1424 1544 fastum
1438 1537 1447 1551 ,
1475 1511 1717 1554 arrogantiam
1736 1517 1770 1543 et
1785 1511 1991 1543 violentiam
2012 1510 2049 1543 in
2067 1510 2228 1544 muribus

1233 1562 1440 1600 adumbrat;
1467 1568 1658 1606 propterea
1677 1562 1814 1595 decoris
1838 1561 1931 1594 ratio
1957 1568 1990 1594 et
2015 1560 2227 1595 oeconomia

1233 1624 1356 1657 argum
1363 1613 1434 1646 enti
1443 1613 1673 1658 postulabat,
1700 1619 1740 1646 ut
1754 1613 1874 1646 statim
1889 1624 1969 1646 suas
1983 1612 2106 1647 laudes
2116 1612 2226 1657 >pleno

1234 1676 1295 1697 ore
1321 1667 1409 1698 mus*
1426 1670 1579 1698 caneret.
1638 1663 1679 1696 In
1700 1664 1797 1697 ranis
1822 1670 1941 1697 autem
1967 1669 2073 1708 poeta
2091 1663 2227 1696 medio-

1234 1716 1346 1749 crium
1363 1714 1552 1749 hominum
1569 1715 1811 1748 conditionem
1829 1715 2031 1748 adumbrat.

1338 1789 1370 1809 v.
1387 1774 1448 1811 24.
1483 1771 1690 1822 Ψιχάρπαξ]
1717 1773 1891 1808 micarum
1911 1780 2093 1818 raptorem
2111 1778 2225 1808 sonat.

1232 1825 1353 1874 ψίχαν
1370 1827 1463 1859 enim
1481 1827 1630 1866 micam,
1657 1824 1809 1873 ἅρπαγα
1826 1837 1991 1870 rapacem
2010 1830 2151 1858 vocant.

1336 1898 1369 1919 v.
1393 1886 1462 1920 28.Ε
1507 1881 1813 1931 Τρωξάρταοωᾘ
1855 1879 2121 1929 τρωξοὶρτηςιῐ)
2153 1879 2226 1918 ἀπὸ
2252 1896 2258 1900 ·

1232 1938 1300 1971 τοῦ
1315 1933 1473 1983 τρώγειν
1489 1933 1556 1970 τὸν
1571 1934 1704 1981 ἄρτον,
1731 1935 1827 1980 quod
1844 1940 1946 1967 voret
1963 1945 2105 1978 panem.

1335 2008 1369 2029 v.
1385 1994 1446 2030 29.
1473 1990 1707 2040 Λειχομύλη]
1736 1990 1809 2028 ἀπὸ
1826 1995 1894 2028 τοῦ
1912 1990 2043 2039 λείχειν
2065 1990 2132 2032 τὰς
2152 1988 2226 2037 μύ-

1233 2049 1317 2090 λας,
1346 2044 1413 2079 hoc
1440 2051 1509 2085 est,
1545 2044 1619 2089 21¹²)
1643 2044 1843 2077 lambendis
1860 2044 1975 2077 molis.
2055 2045 2224 2089 Πτερνο-

1268 2196 1298 2224 7)
1319 2192 1504 2234 λιμννόχαριςῌ
1530 2192 1572 2216 sic
1597 2191 1682 2217 Editt.
1702 2191 1910 2221 1566—1622.;
1947 2191 1995 2216 Ed.
2015 2192 2106 2216 Herm.
2125 2191 2224 2225 λιμνο-

1320 2238 1336 2253 α
1358 2237 1394 2259 ης.

1265 2237 1376 2311 8)χτιξς]
1401 2277 1543 2316 sicxrecte
1567 2277 1649 2300 Editt.
1673 2276 1762 2306 1566.,
1799 2275 1890 2303 15704
1927 2273 2010 2301 mitt.
2032 2275 2223 2302 1607—1622.

1301 2314 1385 2338 male:
1412 2319 1482 2338 τους,

1267 2366 1298 2394 9)
1318 2359 1547 2395 Pyrgopolinices
1567 2363 1609 2385 est
1634 2367 1732 2385 nomen
1758 2367 1893 2390 personae
1917 2360 2063 2390 primariae
2088 2360 2115 2384 in
2134 2360 2226 2385 Plauti

1302 2398 1442 2423 comoedia
1461 2396 1567 2427 „Miles
1582 2393 1751 2426 gloriosus”
1770 2396 1918 2426 inscripta3
1938 2396 2043 2420 Thraso
2055 2397 2145 2419 autem
2159 2401 2223 2425 per-

1301 2438 1386 2456 sonae
1405 2432 1432 2455 in
1453 2431 1573 2454 Terentii
1594 2430 1734 2454 Eunucho.

1269 2485 1315 2512 10)
1337 2485 1412 2506 lianc
1430 2481 1754 2511 Batrachomyomachiae
1774 2487 1885 2511 vocem,
1917 2480 1952 2505 ad
1976 2486 2056 2511 quam
2074 2481 2124 2505 hoc
2141 2472 2223 2505 scho-

1303 2518 1358 2542 lion
1377 2517 1513 2547 pertinet.
1539 2516 1563 2539 ei
1582 2516 1641 2545 ipse
1660 2515 1783 2545 praefixi.

1271 2572 1316 2598 11)
1335 2566 1501 2601 τρωξάρτης]
1522 2567 1562 2592 sic
1575 2568 1650 2590 recte
1661 2567 1744 2592 Editt.
1758 2566 1946 2590 1607-1622.
1965 2567 1990 2590 h.
2005 2567 2022 2591 l.
2042 2568 2069 2590 et
2088 2566 2117 2590 in
2131 2567 2224 2596 textu;

1302 2604 1385 2628 Editt.
1398 2603 1486 2634 1566„
1506 2602 1580 2626 1570.
1600 2601 1627 2624 in
1644 2602 1694 2625 hoc
1710 2602 1814 2625 scholio
1834 2601 1904 2625 male
1919 2598 2082 2633 τροξάρτης,
2104 2601 2132 2625 in
2147 2602 2223 2625 textu

1301 2640 1392 2662 autem
1410 2639 1484 2662 recte
1502 2633 1662 2668 τρωξάρτης.

1269 2690 1316 2720 ¹2)
1334 2691 1365 2717 a]
1385 2689 1410 2712 in
1432 2688 1515 2712 Editt.
1538 2687 1628 2717 1621„
1650 2687 1723 2712 1622.
1744 2686 1877 2712 omissum
1897 2688 1947 2711 est.

2158 107 2234 144 144
