2373 2980
204 86 278 122 195
776 86 897 119 I’Hll..

203 172 454 211 tributionem,
482 178 515 204 et
544 177 801 203 commemorat
828 170 1003 215 duplicem
1034 184 1105 205 esse
1128 184 1183 204 ra-

204 223 337 255 tionem
364 223 415 255 rei
448 221 630 254 familiaris
662 221 866 263 augendae,
900 221 1046 254 alteram
1070 220 1183 256 hone—

203 280 313 312 stam,
345 286 421 306 cum
453 273 592 309 labore,
626 270 797 304 industria
833 278 865 304 et
891 272 1071 316 diligentia
1108 285 1181 306 rem

204 324 368 357 facimus:
400 324 545 354 alteram
581 327 739 363 turpem,
772 334 848 355 cum
872 335 935 366 per
959 323 1125 356 iniuriam
1151 330 1185 356 et

203 375 313 407 scelus
338 373 563 405 cumulantur
588 384 682 415 opes.
745 372 790 405 Et
815 373 894 418 quia
923 374 957 406 in
983 374 1080 406 omni
1105 386 1184 406 ora-

204 425 300 457 tioue
326 436 365 455 cx
391 423 507 467 aliqua
535 423 738 461 occasione,
764 435 804 455 ex
827 424 918 456 sacto
943 425 1083 469 aliquo,
1103 436 1184 456 nar-

203 474 358 506 rationes
389 471 601 511 trabuntur,
641 473 796 506 Hesiodo
826 475 930 506 etiam
962 475 1182 508 occasionem

204 525 398 568 praebuere
430 524 548 556 fratris
572 523 735 557 iniuriae.
789 523 911 570 ltaque
936 537 952 556 a
984 526 1104 559 litibus
1129 537 1184 557 or-

203 575 309 608 ditur.
363 574 431 607 Sed
455 580 493 607 ut
516 574 706 617 gratiorem
734 575 839 607 faciat
865 575 1083 615 orationem,
1111 588 1184 608 uon

204 626 288 658 dicit
311 625 536 669 simpliciter,
558 625 645 658 alios
662 637 723 669 per
742 626 908 659 iniuriam
929 639 967 658 ac
985 627 1063 660 lites
1080 638 1186 671 quae-

202 689 281 709 rere
313 676 520 720 pecuniam,
555 676 642 708 alios
678 676 849 709 industria
883 689 921 708 ac
956 678 1096 716 labore,
1126 678 1184 710 sed

204 739 336 760 nomen
376 727 444 759 litis
485 727 664 759 transtulit
702 727 806 770 etiam
841 740 903 771 per
938 726 1184 772 metaphoram

205 779 249 810 ad
259 777 305 823 ⁸²⁰)
324 775 508 810 honestam
527 784 659 816 artem,
678 784 712 810 et
726 778 901 822 duplicem
920 779 1184 811 contentionem

205 841 277 862 esse
308 828 411 867 dicit,
446 828 593 860 alteram
627 828 919 872 vituperandam,
957 830 1104 862 alteram
1136 829 1186 862 di-

204 893 309 923 gnam
334 879 454 916 laude,
479 879 539 911 ubi
570 879 697 924 aliquis
717 881 906 912 contendat
929 893 1007 913 cum
1033 880 1110 913 aliis
1134 880 1187 911 in-

206 930 352 964 dustria.
414 930 507 962 Haec
532 930 783 973 paronomasia
809 931 920 963 multo
947 931 1186 964 venustiorem

206 981 405 1014 orationem
436 980 530 1013 facit.
589 980 700 1024 Saepe
730 981 823 1013 enim
852 983 894 1013 ad
919 982 1053 1014 vicinas
1077 981 1187 1013 virtu-

205 1039 256 1065 tes
284 1031 431 1063 nomina
458 1030 626 1063 vitiorum
654 1032 918 1070 transferimus,
942 1039 1003 1064 aut
1029 1039 1187 1070 econtra,

205 1089 244 1115 ut
266 1094 344 1115 cum
368 1094 433 1125 pro
457 1081 602 1115 sordido
623 1082 795 1125 frugalem
821 1082 988 1121 dicimus,
1015 1094 1080 1125 pro
1106 1093 1188 1125 pro-

205 1133 287 1177 digo
314 1132 495 1165 liberalem
517 1138 581 1165 etc.
635 1132 834 1165 Submonet
859 1139 976 1165 autem
996 1131 1063 1165 hoc
1082 1138 1186 1176 poeta

204 1197 270 1217 nos
287 1184 323 1216 in
343 1183 441 1215 omni
457 1195 582 1226 genere
600 1183 751 1223 laboris,
773 1196 846 1216 non
871 1190 1008 1216 tantum
1033 1183 1185 1216 aliorum

205 1234 373 1278 exemplis
406 1234 567 1273 accendi,
603 1235 662 1267 sed
694 1234 800 1266 etiam
839 1235 966 1268 iuvari.
1033 1233 1187 1279 Ideoque

203 1284 297 1318 hanc
325 1284 589 1318 contentionem
625 1291 810 1328 tantopere
839 1285 987 1328 probat,
1023 1285 1127 1330 quia,
1159 1284 1187 1318 si

203 1337 297 1370 solus
322 1335 456 1380 aliquid
485 1347 585 1378 agas,
611 1337 677 1368 erit
700 1331 822 1368 infelix
841 1337 962 1376 labor,
987 1335 1187 1381 frequentia

203 1394 321 1421 autem
349 1386 459 1419 iuvat.
512 1386 627 1425 Sicut,
652 1387 681 1420 si
708 1387 786 1432 quis
807 1387 901 1420 solus
924 1388 1067 1430 pingat,
1097 1398 1188 1419 nun-

203 1451 311 1482 quam
339 1438 473 1470 efficere
498 1443 635 1469 tantum
657 1437 808 1480 poterit,
832 1444 1005 1482 quantum
1024 1438 1188 1477 efficeret,

203 1489 231 1522 si
250 1489 402 1522 aliorum
421 1487 590 1531 exemplis
607 1487 848 1521 adiuvarettlr.
902 1487 986 1521 Inde
1004 1494 1087 1520 nata
1106 1494 1187 1520 sunt

202 1541 286 1573 ista:
346 1539 447 1571 Unus
478 1538 533 1570 vir
563 1538 680 1571 nullus
714 1538 836 1585 virm).
896 1538 942 1571 Et
971 1539 1058 1572 illud
1093 1540 1185 1583 apud

202 1590 398 1623 Homerum
419 1588 548 1622 Iliados
563 1589 644 1631 23²)
667 1586 752 1624 Σύν
778 1603 816 1623 τε
836 1586 899 1624 δύ’
921 1587 1106 1635 ἐρχομένω
1123 1596 1187 1623 etc.

201 1641 247 1673 Et
272 1640 448 1685 Ciceroffi)
473 1640 595 1673 scribit
617 1640 784 1673 discendo
812 1638 1011 1686 συζήτησιν
1035 1641 1089 1672 vel
1116 1641 1186 1684 pri-

201 1704 277 1725 mas
311 1697 427 1735 partes
466 1697 606 1729 tenere,
640 1689 708 1724 hoc
750 1698 819 1730 est,
856 1689 987 1724 habere
1019 1692 1188 1736 aliquem,

203 1743 345 1788 quicum
373 1742 553 1781 conseras,
579 1742 622 1774 de
650 1742 777 1786 quibus
802 1742 906 1775 rebus
923 1742 1028 1782 velis,
1054 1749 1087 1775 et
1110 1755 1188 1775 ver-

201 1793 272 1827 sari
289 1793 324 1825 in
343 1794 497 1837 quadam
514 1793 712 1837 frequentia
733 1793 964 1833 discentium,
983 1794 1042 1826 ubi
1061 1805 1079 1825 a
1097 1794 1187 1826 rnul-

201 1845 244 1878 tis
262 1845 304 1877 de
330 1843 438 1876 variis
462 1843 566 1876 rebus
588 1843 774 1875 admoneri
803 1843 927 1886 possis,
981 1844 1078 1876 Sicut
1101 1844 1186 1876 Ovi-

202 1896 281 1929 dius
306 1894 355 1927 ait
382 1895 424 1927 de
447 1893 584 1926 Ponto:

288 1962 406 1991 Scilicet
428 1961 551 1999 ingeniis
574 1961 671 1998 aliqua
694 1967 738 1989 est
761 1961 914 1989 concordia
936 1960 1050 1997 iunctis,

369 2011 407 2039 Et
430 2016 526 2038 servat
551 2011 637 2038 studii
660 2010 782 2039 foedera
805 2011 927 2049 quisque
951 2010 1060 2049 suiv).

284 2061 385 2099 thue
407 2060 480 2088 meis
502 2060 631 2088 numeris
657 2066 706 2088 tua
729 2060 777 2088 dat
800 2061 934 2089 facundia
957 2070 1075 2097 nervos,

371 2111 420 2140 Sic
442 2111 519 2139 redit
540 2120 557 2138 a
580 2111 661 2140 nobis
682 2112 713 2139 in
735 2118 784 2140 tua
808 2113 896 2141 verba
918 2111 1058 2151 nimi-25).

302 2183 335 2204 v.
360 2168 419 2204 15.
476 2169 586 2208 Οὖτις
615 2166 684 2214 τήν
720 2183 762 2217 γε
794 2172 893 2217 φιλεῖ
930 2169 1066 2215 βροτὸς
1099 2168 1185 2216 etc.]

202 2221 316 2255 Sentit
348 2222 420 2253 fato
454 2221 610 2265 quodam
645 2221 814 2253 concitari
850 2220 1012 2253 homines
1047 2221 1089 2253 ad
1119 2218 1186 2253 hoc

236 2343 283 2375 20)
303 2343 348 2375 ad]
372 2345 420 2368 Ed.
441 2345 513 2369 1511.
535 2347 561 2369 Β.
583 2351 679 2368 errore
697 2348 823 2375 typogr.:
843 2351 882 2368 ac.

235 2386 283 2417 21)
303 2387 343 2409 De
367 2388 416 2411 hoc
433 2388 578 2417 proverbio
604 2389 675 2412 conf.
698 2388 804 2411 Erasini
824 2389 909 2415 Adae.
930 2388 992 2411 chii.
1015 2388 1033 2413 Ι.
1061 2391 1130 2411 cent.
1150 2389 1184 2412 V.
1212 2389 1214 2392 ’

270 2426 347 2450 prov.
367 2421 410 2446 40.

236 2461 283 2492 22)
302 2462 404 2486 iliados
422 2464 460 2491 aa]
486 2463 527 2486 sic
554 2465 629 2486 recte
648 2470 742 2487 omnes
763 2464 846 2488 Editt.
866 2464 947 2489 illae.
974 2466 1082 2493 praeter
1103 2465 1184 2488 Edit«.

273 2497 346 2520 1541.
372 2497 421 2525 R,
447 2497 536 2521 1557..
564 2503 632 2526 quae
657 2499 770 2521 liabent:
796 2499 826 2522 ΙΙ.
848 2499 1020 2530 η.“ᾈ1,ι··,-ζίῑιιτ
1047 2499 1116 2522 enim
1142 2500 1185 2522 hic

271 2536 372 2554 versus
391 2532 468 2554 Rom.
487 2531 517 2554 ll.
538 2531 573 2553 X.
590 2531 650 2555 22⁴.

235 2573 283 2600 2³)
304 2574 359 2596 Cic.
378 2573 413 2596 ad
431 2573 526 2597 Famil.
547 2573 622 2603 xw,
641 2574 682 2597 21.

235 2615 284 2643 24)
304 2615 384 2641 uvid.
402 2615 491 2646 Epist.
510 2621 544 2639 ex
563 2615 649 2639 Ponto
669 2616 699 2640 11.
719 2617 743 2638 5.
764 2617 805 2639 529.
826 2617 867 2640 60.

235 2657 284 2686 ²5)
302 2658 366 2682 thid.
389 2658 424 2687 ιι,
441 2659 467 2687 5,
486 2658 527 2682 69.
547 2658 589 2682 πο.

936 86 1046 120 MEL.
1080 85 1278 119 SCRIPTA
1314 86 1652 121 PHILOLOGICA.

2145 90 2218 124 196

1238 184 1347 213 genus
1373 173 1655 205 contentionum.
1706 171 1821 206 Nemo
1838 174 1931 206 enim
1950 181 2020 213 est,
2045 174 2105 219 qui
2123 182 2219 208 amat

1238 223 1467 263 iniustitiam,
1490 223 1568 256 licet
1591 229 1624 255 et
1641 222 1733 255 ratio
1757 224 1942 264 reclamet,
1966 231 2084 257 tamen
2103 225 2220 270 sequi-

1389 274 1564 307 Viderunt
1597 273 1765 306 nimirum
1799 276 1989 318 prudentes
2015 275 2102 316 viri,
2133 276 2219 321 quid

1238 331 1326 358 esset
1354 324 1387 356 iu
1415 331 1540 357 natura
1568 322 1734 358 bominis.
1796 325 1916 369 Quare
1939 332 1971 358 et
1994 326 2097 359 Plato
2126 332 2219 359 recte

1239 375 1424 415 iudicavit,
1451 388 1528 408 cum
1551 375 1598 407 ait
1614 375 1790 407 rationem
1814 376 1972 419 aurigam
1992 389 2086 417 esse,
2110 389 2220 422 equos

1239 438 1310 458 esse
1335 426 1499 465 affectus,
1522 427 1580 471 qui
1606 432 1638 458 et
1664 438 1805 459 currum
1831 432 1864 458 et
1889 427 2048 470 aurigam
2064 428 2220 472 rapiunt.

1339 497 1371 517 v.
1401 484 1458 517 17.
1514 482 1595 524 Νὺξ
1610 484 1749 531 ἐρεβενι
1762 483 1816 532 ὴ]
1842 485 1910 518 Per
1930 492 2068 518 noctem
2087 487 2220 519 incom-

1239 532 1513 578 prehensibilem
1539 537 1718 579 quandam
1753 537 1997 569 aeternitatem
2024 548 2142 570 rerum
2168 537 2220 570 in-

1239 585 1373 627 telligit.

1341 656 1373 676 v.
1397 644 1457 677 20.
1512 641 1733 688 ἀπάλαμνον
1747 644 1814 692 96)]
1850 645 1997 678 inertem
2038 645 2222 689 significat,

1240 694 1338 738 quasi
1373 694 1484 726 dicas:
1517 694 1592 727 sine
1625 708 1756 735 manu,
1795 702 1855 729 aut
1885 696 1946 741 qui
1975 708 2101 730 manus
2132 695 2223 729 nulli

1241 744 1340 787 operi
1366 746 1544 791 admoxjet.
1604 743 1754 791 παλάμη
1777 748 1870 779 enim
1897 758 2042 779 manum
2072 753 2106 779 et
2133 758 2223 790 opus

1240 794 1354 838 ipsum
1381 796 1474 838 apud
1494 795 1650 829 Graecos
1674 797 1858 840 significat.

1343 866 1376 886 v.
1399 854 1461 888 27.
1508 850 1555 889 Ὦ
1582 854 1730 901 Πέρση,
1762 854 1808 891 σύ
1832 854 1872 891 δὲ
1899 859 2018 892 ταῦτα
2047 859 2117 903 τεᾷ
2135 853 2222 902 etc.]

1241 903 1395 936 Subiecit
1412 902 1713 938 exhortationem:
1740 906 1835 951 Ergo
1856 914 1893 941 tu
1911 909 2122 952 amplectere
2139 918 2224 940 con-

1240 955 1434 987 tentionem
1458 953 1720 997 honestiorem,
1744 970 1817 990 non
1836 958 1930 990 illam
1956 965 2108 1003 turpem.
2160 956 2224 991 Est

1242 1017 1325 1037 vero
1359 1019 1486 1049 magna
1521 1008 1747 1052 simplicitas,
1775 1015 1904 1053 'magna
1937 1010 2092 1043 suavitas
2117 1005 2222 1041 liuius

1240 1055 1328 1095 loci,
1355 1062 1388 1088 et
1409 1056 1457 1090 sic
1482 1058 1560 1091 finis
1583 1066 1633 1092 est
1657 1057 1824 1093 honestae
1849 1060 2105 1099 contentionis,
2127 1069 2223 1091 nunc

1241 1111 1380 1149 turpem
1404 1108 1581 1142 describit.
1632 1110 1678 1142 Et
1708 1111 1789 1155 quia
1815 1112 1948 1144 malum
1985 1108 2223 1144 contentionis

1241 1168 1350 1199 genus
1366 1164 1435 1197 est,
1463 1165 1497 1190 et
1515 1165 1617 1203 turpe
1635 1161 1736 1192 alteri
1761 1162 1918 1194 invidere
1930 1188 1940 1201 ‚
1965 1162 2129 1195 omnibus
2147 1172 2223 1192 mo-

1241 1206 1294 1239 dis
1323 1208 1527 1250 fugiendum
1565 1222 1637 1243 esse
1671 1218 1812 1250 monet,
1852 1213 1972 1244 addita
2005 1210 2224 1244 dehortatio-

1241 1257 1361 1303 ne‘·'·⁷)‚
1384 1265 1424 1291 ut
1447 1259 1546 1304 ne²⁸)
1573 1260 1609 1292 in
1633 1267 1787 1293 mentem
1813 1262 1956 1306 quidem
1976 1262 2096 1295 veniat
2121 1260 2225 1293 fratri

1241 1308 1330 1341 velle
1355 1309 1391 1341 in
1417 1310 1495 1342 foro
1521 1311 1650 1350 rixari,
1682 1318 1713 1344 et
1739 1312 1840 1346 malis
1873 1313 2008 1347 artibus
2045 1313 2225 1346 ditescere.

1240 1359 1347 1392 Ratio
1372 1366 1442 1399 est,
1468 1362 1564 1405 quod
1588 1361 1775 1394 infeliciter
1791 1369 1952 1397 versatur
1974 1364 2065 1397 circa
2083 1362 2224 1396 concio-

1242 1422 1304 1442 nes
1334 1411 1511 1450 forenses,
1545 1412 1599 1444 cui
1629 1412 1776 1456 siugulis
1806 1414 2026 1458 temporibus
2058 1414 2112 1447 sui
2140 1424 2224 1457 pro-

1242 1466 1367 1494 ventus
1397 1473 1471 1494 non
1502 1463 1698 1501 adfuerint;
1741 1460 1918 1498 nam'lioc
1949 1462 2086 1511 ὡραῖος
2117 1463 2225 1507 signi-

1241 1512 1330 1545 ficat.

1343 1583 1375 1604 v.
1402 1570 1461 1604 33.
1518 1568 1593 1607 ’1ὀῦ
1616 1585 1655 1606 κε
1671 1570 1941 1618 κορεσσάμενος
1964 1571 2106 1621 νείκεα]
2130 1573 2223 1607 Con-

1242 1621 1350 1654 cessio
1384 1621 1520 1655 ironica
1546 1630 1611 1656 est:
1654 1624 1808 1668 Quando
1833 1624 1963 1658 ditatus
1991 1637 2026 1659 es
2049 1631 2084 1658 et
2114 1625 2226 1658 abun-

1242 1673 1304 1705 das
1326 1672 1394 1704 iam
1420 1685 1457 1705 re
1485 1674 1673 1714 familiari,
1709 1686 1773 1706 nec
1796 1675 1935 1709 animus
1959 1688 1978 1708 a
2004 1676 2100 1709 malo
2123 1688 2226 1709 revo-

1242 1723 1313 1755 cari
1347 1730 1481 1767 potest,
1516 1737 1596 1768 age,
1629 1737 1692 1769 per
1716 1738 1772 1758 me
1802 1725 1938 1765 licebit,
1970 1727 2083 1769 litiges
2115 1738 2224 1771 quam

1242 1775 1303 1806 diu
1335 1775 1441 1808 voles.
1516 1776 1561 1808 Et
1595 1788 1812 1821 quamquam
1843 1777 1968 1810 melius
1998 1784 2049 1809 est
2086 1777 2224 1816 litigare

1241 1837 1348 1868 quam
1380 1837 1525 1867 rapere,
1550 1833 1670 1856 tamen
1701 1836 1839 1856 mecum
1864 1825 2002 1867 litigare
2028 1835 2101 1856 non
2126 1829 2226 1868 pote·

1242 1874 1308 1913 ris,
1332 1886 1411 1907 cum
1439 1875 1481 1907 de
1504 1887 1583 1907 meo
1607 1872 1697 1907 nihil
1721 1874 1873 1918 amplius
1900 1886 2025 1918 rapere
2045 1874 2156 1919 possis
2166 1873 2225 1920 ²⁹),

1242 1931 1273 1957 et
1298 1937 1353 1958 res
1379 1925 1448 1957 iam
1475 1925 1520 1958 sit
1543 1931 1730 1959 transacta.

1345 1998 1377 2018 v.
1405 1984 1465 2019 36.
1519 1984 1585 2019 αἵτ’
1619 1985 1658 2020 ἐκ
1689 1981 1775 2024 Διός
1808 1986 1898 2020 εἰσιν
1938 1983 2116 2032 ἄρισται]
2173 1982 2225 2016 Ita

1242 2036 1335 2068 enim
1360 2036 1577 2080 scripserunt
1597 2036 1772 2081 sapientes
1798 2037 1887 2076 viri,
1913 2048 1985 2070 esse
2010 2035 2138 2068 animis
2160 2046 2225 2067 no—

1241 2087 1321 2120 stris
1346 2088 1505 2120 innatam
1527 2087 1703 2120 rationem
1726 2088 1829 2133 aequi
1855 2094 1889 2119 et
1909 2086 2006 2120 honi.

1238 286 1330 307 liittr-

1344 2167 1376 2187 κ’.
1404 2153 1464 2187 39.
1518 2153 1776 2202 Δωροφάγους
1789 2152 1856 2201 30)]
1888 2153 2115 2193 Donivoros‚
2156 2152 2224 2185 ele-

1240 2217 1326 2248 gans
1352 2203 1533 2248 epitheton
1561 2212 1622 2238 est.
1684 2205 1795 2238 Vocat
1818 2211 1933 2238 autem
1960 2216 2058 2248 reges
2089 2203 2224 2248 praese-

1274 2356 1322 2383 26)
1347 2352 1529 2386 ἀπάλαμνον]
1565 2355 1605 2377 sic
1633 2354 1698 2377 ittae
1722 2354 1807 2377 Editt.
1837 2359 1948 2380 omues:
1982 2353 2064 2376 Editt.
2092 2352 2222 2385 nrunck„

1309 2390 1412 2420 Gaist‘.,
1432 2389 1551 2420 Goettt,
1571 2389 1656 2413 Diihn.
1676 2385 1836 2419 ἀπάλαμον.

1272 2433 1321 2461 27)
1343 2430 1546 2463 dehortatione]
1574 2431 1613 2455 sic
1631 2431 1713 2455 Editt.
1735 2432 1827 2456 1532..
1854 2432 1928 2455 1511.
1945 2432 1990 2460 B„
2016 2429 2108 2461 1562.‚
2136 2427 2222 2461 1564,

1308 2467 1399 2494 1569.,
1422 2467 1513 2495 1581„
1535 2466 1622 2495 1591.;
1641 2466 1725 2489 Editt.
1748 2466 1821 2489 1541.
1842 2466 1889 2496 R,
1910 2465 2000 2495 1557„
2021 2464 2115 2496 ¹601„
2136 2463 2222 2493 1623..

1308 2501 1381 2524 1662.
1404 2500 1567 2523 hortatione.

1271 2541 1589 2601 εε)6ιόι1ιιε]1ἒέξιῑαῑα.
1607 2542 1691 2573 1532„
1713 2542 1907 2572 ¹562-1591.;
1926 2541 2009 2566 editt.
2028 2541 2113 2572 1541„
2135 2539 2220 2571 1552,

1382 2590 1416 2594 —
1493 2595 1498 2600 .
1519 2583 1561 2600 ne.

1271 2618 1319 2652 29)
1337 2617 1513 2651 possisJEd.
1534 2619 1608 2645 1541.
1628 2620 1657 2644 B.
1677 2625 1773 2643 errore
1791 2620 1920 2649 typogn:
1938 2619 2034 2648 possit.

1271 2662 1320 2693 3⁰)
1340 2659 1549 2695 Δωροφάγους]
1568 2662 1614 2685 Ed.
1636 2662 1710 2687 1532.
1730 2662 1815 2686 male:
1835 2659 2029 2694 Δοροφιίγους.
