2373 2980
194 110 265 146 851

245 196 328 237 Ino,
345 197 579 242 Agavenque‚
605 209 696 242 quae
718 209 774 230 me
789 196 941 231 Echioni
957 200 1108 244 peperit,

194 248 269 283 230
292 248 338 281 Et
350 249 539 281 Actaeonis
556 255 708 281 matrem
724 248 918 283 Autonoen
942 251 1042 289 dico;

244 300 289 333 Et
308 300 400 343 ipsas
415 300 539 333 ferreis
558 299 805 344 constringens
823 301 860 334 in
879 302 1042 343 vinculis,

246 350 390 384 Cessare
406 351 532 383 faciam
553 351 596 384 ab
615 350 673 383 illa
690 351 855 396 improba
872 351 1116 388 bacchatione.

243 401 376 434 Dicunt
392 414 476 435 vero
489 429 498 442 ,
524 401 621 447 quod
639 402 784 447 quidam
804 404 941 437 venerit
959 402 1087 450 hospes

245 452 441 496 Impostor,
464 453 768 500 praestigiator‘ffl)
787 467 828 487 ex
844 454 971 500 Lydia,

195 502 270 540 235
295 503 405 536 Flava
424 510 457 537 et
474 505 563 537 bene
583 506 733 537 odorata
752 518 867 547 coma,

246 555 389 589 Habens
406 556 526 599 nigras
542 555 691 589 Veneris
707 558 838 600 gratias
858 557 896 590 in
913 558 1035 598 oculis,

247 606 318 651 Qui
335 606 408 640 dies
425 613 617 652 noctesque
636 615 868 642 conversatur
884 608 965 650 illis,

248 658 424 692 Sacrificia
446 658 597 692 offerens
614 656 785 691 Bacchica
804 660 941 704 puellis.

248 709 354 754 Quod
373 709 401 743 si
421 721 501 742 eum
518 709 610 742 intra
628 707 720 742 hanc
737 711 883 744 domum
905 722 1045 755 cepero,

197 759 272 796 240
296 760 440 794 Cessare
465 761 591 794 faciam
610 773 627 793 a
647 763 848 806 quassando
866 760 1026 807 thyrsos,
1053 767 1086 794 et
1103 770 1185 793 con—

614 813 780 845 cutiendo

250 862 400 903 comas,
428 863 599 896 cervicem
619 875 637 896 a
655 875 804 907 corpore
823 875 955 897 secans.

248 913 383 947 Dicunt
400 912 494 947 hunc
513 926 584 948 esse
602 913 816 958 Dionysium
835 914 965 954 Deum,

250 965 321 1009 Qui
340 965 423 998 olim
445 965 483 997 in
497 965 632 997 femore
650 963 742 998 lovis
761 965 898 998 insutus
913 964 1037 998 fuerit:

249 1016 341 1049 Sane
358 1016 386 1049 is
400 1016 505 1060 periit
523 1015 687 1048 incendio
704 1016 876 1048 fulmineo

199 1065 273 1102 245
296 1067 376 1100 Una
400 1080 478 1100 cum
496 1074 629 1107 matre,
655 1067 738 1112 quia
762 1067 902 1100 divinas
925 1065 1068 1110 nuptias
1093 1077 1187 1098 com-

614 1124 733 1150 menta
756 1124 817 1152 est.

248 1169 342 1203 Num
373 1167 460 1202 haec
493 1181 568 1202 non
603 1170 711 1212 digna
745 1175 827 1203 sunt
860 1180 964 1202 saeva
989 1167 1187 1212 strangula-

610 1220 721 1260 tione,

248 1271 435 1315 Hospitem
455 1271 593 1304 afficere
609 1284 674 1304 nos
691 1277 791 1303 tanta
807 1268 1048 1302 contumelia?

249 1322 317 1356 Sed
335 1334 412 1355 ecce
432 1322 528 1355 aliud
546 1322 770 1355 mirandum:
795 1321 911 1365 ipsum
931 1326 1050 1353 vatem

249 1373 427 1407 Tiresiam
446 1374 482 1406 in
498 1374 606 1407 variis
626 1373 778 1418 pellibus
795 1370 1029 1405 hinnulorum
1047 1371 1166 1411 video,

197 1423 272 1462 250
296 1425 341 1458 Et
354 1431 493 1470 patrem
512 1437 609 1458 meae
626 1425 751 1458 matris
768 1424 869 1457 valde
887 1423 1036 1456 ridicule

248 1477 376 1510 Ferula
395 1475 640 1509 bacchantem.
692 1474 881 1519 Improbo,
904 1480 1019 1518 pater,

248 1528 471 1562 Senectutem
489 1534 642 1560 vestram
661 1527 803 1560 intuens
822 1525 1045 1559 delirantem.

248 1579 331 1614 Non
350 1579 492 1613 abiicies
510 1577 706 1612 hederam?
733 1590 808 1611 non
827 1577 975 1610 liberam

247 1631 398 1664 Manum
416 1630 573 1664 dimittes
591 1642 609 1662 a
635 1628 758 1674 thyrso
770 1656 779 1670 ‚
802 1635 904 1673 pater
922 1639 1023 1661 meae
1037 1625 1187 1659 matris?

196 1680 271 1720 255
297 1682 354 1715 Tu
371 1680 438 1715 hoc
455 1683 485 1715 ei
500 1681 723 1726 persuasisti,
748 1679 914 1713 Tiresia?
938 1678 1033 1713 hunc
1050 1684 1088 1712 tu
1109 1677 1162 1710 vis

246 1734 390 1768 Novum
410 1733 526 1767 Deum
544 1733 675 1765 inferre
691 1730 910 1771 hominibus,

249 1785 405 1830 Captans
437 1786 636 1818 mercedem
673 1795 853 1816 novorum
888 1780 1121 1826 auguriorum
1155 1785 1187 1812 et

610 1834 874 1867 divinationum
889 1833 905 1865 ?

250 1887 357 1932 Quod
374 1887 442 1920 nisi
465 1893 498 1919 te
515 1898 601 1919 cana
622 1892 781 1919 senectus
800 1885 980 1923 liberaret,

249 1938 397 1971 Vinctus
415 1939 552 1971 sederes
569 1937 707 1971 medius
723 1937 816 1970 inter
829 1933 1001 1973 Bacchas,

198 1990 273 2028 260
311 1988 542 2022 Introducens
563 2000 662 2022 sacra
696 1988 916 2032 perniciosa;
949 1983 1187 2026 „mulieribus

610 2039 704 2073 enim

251 2092 436 2137 „Quando
451 2091 539 2124 fiunt
555 2091 700 2135 nuptiae
718 2091 755 2123 in
773 2088 938 2122 convivio
957 2086 1155 2125 vinolento‚

249 2143 319 2185 „ln
338 2143 510 2177 eiusmodi
527 2142 635 2176 sacris
650 2140 741 2175 nihil
759 2141 836 2175 sani
853 2152 925 2174 esse
945 2139 1035 2172 dico.

250 2197 346 2231 chor.
381 2194 414 2228 Ο
434 2192 581 2238 hospes,
617 2206 691 2227 non
717 2192 849 2226 vereris
874 2191 969 2225 Deos
987 2200 1051 2235 per
1075 2187 1186 2233 pieta-

620 2252 706 2284 tem,

248 2296 294 2330 Et
313 2297 488 2330 Cadmum
507 2296 742 2330 seminantem
761 2294 975 2338 terrigenam
993 2288 1170 2335 segetem?

197 2346 273 2385 265
311 2348 471 2393 Cumque
498 2354 536 2381 tu
559 2348 605 2381 sis
629 2345 799 2380 Echionis
823 2345 934 2385 filius,
972 2342 1187 2376 contumelia

607 2404 687 2432 tuos
707 2398 862 2431 maiores
880 2393 1012 2429 afficis?

253 2452 327 2485 Tir.
352 2450 472 2491 „Cum
489 2449 630 2494 sapiens
649 2449 776 2495 aliquis
792 2455 916 2481 nactus
943 2451 992 2480 est
1012 2444 1187 2479 sermonis

252 2501 402 2542 „Bonas
429 2502 650 2541 occasiones,
678 2513 752 2533 non
777 2506 828 2533 est
849 2500 881 2532 ei
908 2499 1059 2532 arduum
1086 2507 1187 2540 prae·

610 2552 702 2585 clare
719 2552 847 2584 dicere.

235 2686 282 2717 20]
309 2685 520 2716 praestigiator]
549 2684 589 2707 sic
616 2682 661 2715 (=
685 2685 750 2708 text.
777 2682 833 2716 gr.)
860 2683 943 2709 Editt.
971 2683 1062 2714 1562,
1091 2684 1188 2713 Barn.3

269 2722 318 2746 Ed,
343 2722 416 2745 ¹558.
436 2723 462 2743 et
483 2718 686 2749 praestigiator.

781 111 902 147 PHlL.
932 113 1045 148 MEL.
1081 114 1283 150 SCRIPTA
1312 114 1649 149 PHILOLOGICA.

2146 116 2228 155 ’852

1289 201 1347 236 Tu
1379 201 1523 248 quidem
1558 197 1668 233 habes
1702 198 1860 243 linguam
1894 201 2086 236 volubilem
2112 209 2152 236 ut
2175 203 2229 236 vir

1654 262 1813 294 sapiens:

1289 302 1429 336 Tamen
1445 301 1482 334 in
1501 308 1561 335 tua
1580 301 1743 334 oratione
1761 299 1851 335 nihil
1870 303 1946 336 sani
1964 304 2074 339 inest.⁴

1237 354 1312 389 270
1354 352 1503 394 „Homo
1538 353 1659 393 ferox,
1701 357 1846 397 potens,
1889 355 1978 402 etffl)
2014 356 2084 402 qui*
2112 356 2228 391 dicere

1648 410 1778 448 potest,

1290 453 1358 495 „Si
1372 466 1448 487 non
1465 460 1516 488 est
1537 455 1695 500 sapiens,
1723 454 1944 499 perniciosus
1962 463 2013 490 est
2031 457 2127 494 civis.

1290 505 1355 539 Hic
1373 517 1456 538 vero
1472 518 1587 540 novus
1603 506 1699 539 Deus
1710 533 1719 546 ‚
1745 519 1849 552 quem
1869 512 1906 540 tu
1923 508 2073 549 derides,

1289 556 1372 590 Non
1387 569 1515 602 queam
1536 558 1653 591 dicere
1672 557 1955 601 magnitudinem
1969 586 1978 599 ,
2002 564 2157 605 quantus

1288 607 1359 640 Per
1377 608 1565 641 Graeciam
1591 609 1636 642 sit
1658 608 1809 642 futurus.
1862 608 1944 642 Duo
1963 611 2079 651 enim,
2104 622 2125 643 o
2142 612 2229 644 ado-

1656 659 1802 699 lescens,

1237 707 1313 745 275
1338 709 1534 753 Praecipua
1554 716 1636 743 sunt
1654 710 1747 743 inter
1763 707 1946 751 homines,
1971 710 2076 745 Ceres
2094 712 2183 753 Dea,

1290 760 1422 806 (Terra
1442 767 1560 794 autem
1580 762 1647 808 est)
1667 767 1700 793 et
1717 767 1843 804 potus,
1866 768 1994 795 vocato
2009 775 2117 805 vero,
2141 775 2230 809 quo-

1655 813 1764 844 modo
1783 812 1848 846 vis.

1289 860 1367 905 Ipsa
1385 861 1479 895 enim
1498 868 1591 895 terra
1611 862 1710 896 siccis
1727 862 1789 895 alit
1806 861 1986 902 homines;

1290 913 1357 946 Sed
1376 919 1533 957 praestat
1551 913 1769 947 contrarium
1788 915 1941 948 Semeles
1958 914 2062 955 filius,

1292 964 1363 1008 Qui
1381 976 1471 997 uvae
1494 964 1679 998 humidam
1701 966 1884 1009 potionem
1908 966 2044 999 invenit
2063 971 2097 998 et
2113 964 2231 998 attulit

1240 1014 1316 1049 280
1341 1014 1573 1049 Hominibus:
1599 1042 1619 1055 „
1631 1027 1722 1061 quae
1738 1017 1838 1049 sedat
1852 1014 2059 1050 hominibus

1293 1065 1541 1106 „Moestitias,
1569 1068 1712 1111 quando
1731 1067 1925 1111 implentur
1944 1068 2041 1101 fluxu
2055 1068 2154 1105 vitis;

1293 1116 1368 1157 „Et
1391 1128 1455 1160 per
1479 1129 1646 1150 somnum
1673 1117 1891 1151 oblivionem
1917 1119 2116 1159 malorum,
2138 1128 2229 1163 quae

1653 1168 1814 1211 quotidie
1831 1170 2008 1209 accidunt,

1292 1217 1414 1259 ,‚Dat‚
1442 1229 1506 1251 nec
1526 1223 1577 1251 est
1596 1217 1691 1251 aliud
1709 1217 1944 1263 pharmacum
1966 1231 2133 1253 curarum
2159 1219 2231 1252 effi-

1652 1271 1768 1304 cacius
1779 1270 1836 1314 22).

1292 1318 1324 1354 Is
1343 1332 1438 1353 nunc
1454 1320 1543 1353 libat
1559 1319 1636 1354 Diis
1648 1347 1657 1360 ,
1687 1333 1764 1354 cum
1784 1322 1828 1354 sit
1846 1321 1955 1362 Deus,

1241 1369 1317 1408 285
1342 1372 1390 1405 Ut
1408 1370 1571 1405 homines
1589 1370 1744 1404 habeant
1761 1373 1855 1405 bona
1875 1378 2025 1417 propter
2040 1372 2169 1416 ipsum.

1291 1422 1441 1456 Derides
1458 1434 1536 1455 eum
1550 1449 1558 1461 ‚
1584 1424 1681 1467 quod
1696 1423 1834 1457 insutus
1850 1424 1894 1456 sit
1907 1423 2002 1456 Iovis

1291 1474 1456 1511 Femori;
1500 1474 1635 1506 docebo
1672 1480 1724 1513 te,
1764 1486 1872 1519 quam
1913 1472 1981 1507 hoc
2014 1483 2050 1506 se
2083 1469 2230 1516 pulchre

1648 1522 1788 1557 habeat.

1291 1576 1489 1621 Postquam
1509 1576 1624 1619 ipsum
1642 1576 1762 1619 rapuit
1779 1587 1819 1607 ex
1836 1575 1916 1618 igne
1929 1573 2104 1608 fulmineo

1291 1626 1446 1671 Iupiter,
1473 1632 1506 1659 et
1522 1626 1558 1658 in
1577 1626 1774 1671 Olympum
1794 1626 1893 1659 duxit
1917 1626 2091 1659 infantem
2111 1635 2232 1658 recen-

1652 1683 1736 1717 tem,

1240 1729 1315 1765 290
1342 1728 1430 1761 luno
1449 1729 1563 1761 voluit
1578 1741 1658 1762 eum
1678 1728 1805 1761 eiicere
1825 1728 1867 1760 de
1888 1727 1999 1761 coelo.

1290 1779 1425 1825 Iupiter
1443 1786 1559 1813 autem
1584 1780 1722 1812 invenit
1744 1779 1964 1812 contrarium
1988 1776 2176 1812 consilium
2192 1783 2232 1811 ut

1649 1830 1759 1870 Deus,

1292 1882 1478 1927 Rumpens
1495 1889 1631 1927 partem
1651 1880 1904 1915 circumdantis
1918 1886 2051 1913 terram

1291 1932 1455 1967 Aetheris
1468 1961 1476 1974 ,
1499 1934 1547 1967 ibi
1565 1933 1770 1972 collocavit,
1797 1933 1885 1965 dans
1900 1931 2101 1975 depositum
2118 1928 2212 1965 hunc

1290 1985 1491 2030 Dionysum
1510 1992 1657 2030 propter
1674 1984 1767 2017 rixas
1782 1982 1945 2021 Iunonis;
1975 1988 2097 2027 postea

1240 2035 1316 2073 295
1348 2036 1520 2071 Homines
1554 2037 1677 2070 dicunt
1704 2047 1784 2068 eum
1811 2034 2006 2068 enutritum
2031 2034 2069 2067 in
2096 2034 2230 2066 femore

1220 2095 1237 2107 ·
1652 2086 1758 2126 Iovis,

1291 2139 1433 2173 Nomen
1452 2144 1729 2172 transmutantes
1742 2164 1750 2177 ‚
1779 2137 1875 2182 quod
1893 2135 1989 2168 Deae
2002 2134 2100 2168 Deus

1289 2189 1419 2224 Iunoni
1444 2190 1528 2222 olim
1548 2191 1684 2223 dederit
1703 2188 1882 2227 obsidem,
1907 2187 1989 2219 inde
2012 2197 2230 2231 componen-

1655 2247 1706 2272 tes
1722 2251 1866 2272 nomen.

1291 2290 1422 2332 „Vates
1437 2303 1523 2324 vero
1542 2293 1626 2326 deus
1642 2289 1699 2323 hic
1720 2296 1767 2323 est
1782 2303 1789 2328 ς
1807 2289 1937 2323 etenim
1957 2289 2031 2333 ipsa
2042 2285 2227 2322 bacchatio

1293 2342 1369 2384 „Et
1408 2342 1483 2387 ipsa
1518 2343 1657 2377 insania
1692 2353 1859 2385 magnam
1895 2340 2115 2373 vaticinandi
2154 2339 2227 2372 vim

1647 2390 1766 2427 habeb

1240 2446 1315 2481 300
1353 2445 1542 2490 „Quando
1567 2445 1662 2478 enim
1686 2443 1744 2477 hic
1768 2445 1852 2477 deus
1876 2443 1914 2476 in
1939 2455 2068 2487 corpus
2091 2440 2228 2475 venerit

1654 2496 1879 2534 immodicus,

1275 2631 1321 2663 21)
1342 2632 1455 2661 potens,
1477 2627 1514 2660 et]
1541 2629 1580 2652 sic
1601 2629 1647 2660 (=
1667 2631 1732 2654 text.
1752 2628 1809 2660 gr.)
1839 2628 1886 2652 Ed.
1914 2628 2007 2659 1558.;
2036 2627 2084 2652 Ed.
2107 2626 2180 2651 1562.
2199 2627 2227 2650 et

1310 2668 1418 2696 potens,

1276 2717 1323 2748 22)
1348 2717 1378 2740 u.
1399 2716 1415 2738 1.
1435 2715 1462 2739 iu
1482 2715 1563 2739 Editt.
1583 2716 1667 2746 1558„
1691 2716 1764 2740 ¹562.
1785 2717 1848 2739 nota
1867 2720 1968 2745 marga
1988 2715 2053 2738 Vini
2074 2721 2148 2739 usus.
