2373 2980
103 67 177 103 969
576 64 680 98 LXX.
740 63 1136 100 INTERPRETATIO
1173 63 1396 98 HELENAE
1432 61 1681 98 EURIPIDIS.
2076 68 2150 103 970

1144 1834 1240 1869 3095
1268 1835 1314 1868 Et
1332 1836 1488 1869 iniiciam
1507 1844 1672 1871 cruentos
1690 1850 1825 1881 ungues
1843 1838 1941 1881 genis
1960 1839 1995 1871 in
2016 1845 2105 1871 cute.

1189 1887 1358 1931 Magnum
1378 1895 1557 1921 certamen
1575 1895 1636 1923 est.
1691 1888 1804 1922 Video
1822 1891 1893 1922 duo
1910 1897 2110 1923 momenta:

153 155 228 188 Hel.
257 152 438 191 Menelae,
467 151 562 196 quod
581 152 625 184 ad
644 152 817 196 virginem
837 151 983 192 attinet,
1011 152 1099 186 salvi
1204 152 1278 183 Hel.
1312 150 1379 183 Sed
1407 149 1564 183 dicemus
1590 161 1662 181 non
1689 162 1761 183 esse
1787 153 2079 186 consuetudinem
2113 155 2146 187 in

524 215 657 236 sumus.
1566 200 1713 234 Graecia
1728 228 1736 242 ‚

155 256 238 289 lnde
259 259 402 299 oportet
417 259 450 286 te
468 253 700 287 deliberando
1204 251 1338 294 Tegcre
1356 258 1448 285 terra
1471 264 1548 292 eos,
1577 252 1638 297 qui
1653 252 1688 284 in
1705 252 1796 285 mari
1814 259 1895 286 sunt
1913 255 2059 289 mortui.

105 307 202 341 1040
228 305 440 350 Excogitare
460 317 649 338 commuue
666 305 853 339 consilium
869 305 1003 339 salutis.
1202 304 1296 336 Men.
1329 303 1426 336 Bene
1451 301 1518 336 boc
1542 304 1729 345 emendas,
1771 304 1899 337 deinde
1934 317 1998 349 ego
2032 313 2147 339 tecum

152 360 248 393 Meni.
277 357 371 390 Audi
387 368 497 389 nuuc:
527 362 565 389 tu
579 356 641 389 diu
658 357 755 390 fuisti
773 356 808 388 in
825 353 890 389 hac
907 357 1014 390 domo
1027 383 1035 395 ,
1562 355 1740 398 navigabo
1752 382 1760 395 ,

152 410 198 443 Et
215 413 422 443 conversata
441 420 476 440 es
493 419 571 440 cuin
587 408 729 441 famulis
748 408 850 450 regis,
1206 403 1247 436 Et
1267 404 1371 437 simul
1390 405 1574 448 imponam
1595 412 1759 439 ornatum
1782 407 1816 438 in
1836 405 1927 439 lianc
1947 409 2079 442 navim.

152 463 227 496 Hel,
257 461 376 506 Quare
394 457 461 491 hoc
479 458 621 491 dixisti?
656 459 760 493 affers
776 471 873 503 spem
888 484 897 498 ‚
1155 454 1252 488 1075
1279 457 1353 489 Hel.
1383 456 1534 500 Oportet
1556 462 1588 489 te
1607 458 1725 491 adesse
1743 458 1778 490 in
1800 458 1924 501 primis
1937 485 1945 497 ,
1974 466 2006 491 et
2024 466 2102 493 tuos

152 513 264 558 Quasi
283 510 419 556 aliquid
434 509 520 543 honi
538 510 696 544 facturus
713 510 759 544 Sis
776 508 933 553 nobisssss)
954 509 988 541 in
1004 521 1098 542 com-
1204 505 1326 539 Socios
1353 507 1611 551 navigationis,
1654 509 1713 553 qui
1740 509 1866 554 reliqui
1893 516 1974 543 sunt
1999 523 2038 543 ex
2062 523 2149 543 nau-

516 573 634 596 mune.
1567 559 1691 601 fregio,

103 613 201 649 1045
227 615 323 649 Men.
352 613 573 647 Pel-suadeas
590 624 702 646 unum
730 625 770 645 ex
798 611 885 649 illis,
922 611 983 656 qui
1012 623 1098 655 qua-
1202 609 1297 640 sslen.
1326 608 1361 641 Si
1380 607 1603 652 prehendero
1624 610 1741 642 navim
1764 611 1798 642 in
1818 608 1995 650 anchora,

511 663 620 707 drigis
1203 658 1318 691 Stabit
1336 659 1391 691 vir
1407 659 1503 692 iuxta
1524 659 1639 692 virum
1659 668 1828 695 armatus.

150 717 346 755 praesum²
374 722 413 749 ut
431 715 534 748 nobis
553 716 611 747 det
632 726 787 747 currum,
1203 710 1276 742 Hel.
1298 709 1452 754 Oportet
1471 710 1591 743 omnia
1613 711 1676 743 ista
1695 713 1912 756 gubernare3
1942 719 2078 746 tantum
2097 726 2149 747 se-

151 769 225 801 Hel.
253 766 500 804 Persuadeb0;
528 767 587 799 sed
608 766 789 810 quomodo
806 763 999 807 fugiemus,
1566 762 1672 794 cundi

151 819 222 863 Qui
257 831 379 852 sumus
414 816 570 862 imperiti
609 817 768 850 locorum
805 822 838 848 et
875 821 988 847 terrae
1018 813 1096 845 bar-
1154 811 1250 844 1080
1277 811 1399 845 Flatus
1415 813 1484 846 sint
1504 812 1602 851 velo,
1632 819 1665 845 et
1683 813 1782 846 navis
1801 825 1934 847 cursus.

518 866 685 900 bar-icae?
1201 863 1296 896 Men.
1325 862 1427 896 Fiant
1447 861 1552 899 11:20oe
1582 862 1640 895 Dii
1658 864 1780 896 finient
1801 877 1899 898 meos
1919 865 2069 898 labores.

149 920 279 954 Dixisti
297 932 371 953 rem
389 918 656 963 impossibilem.
716 919 812 952 Men.
841 916 914 960 Age
934 917 1040 961 quid,
1068 916 1095 949 si
1201 913 1268 946 Sed
1298 926 1337 947 ex
1362 928 1433 960 quo
1460 915 1546 948 dicis
1570 921 1602 947 te
1627 915 1822 954 audivisse,
1863 917 1957 961 quod
1986 923 2148 950 mortuus

516 969 711 1003 occultatus
728 969 763 1001 in
781 970 889 1001 domo
901 994 910 1007 ,
1121 961 1124 978 ⁴
1563 966 1626 999 sim
1639 966 1654 998 1>

101 1021 200 1055 1050
223 1020 440 1063 ¹interficiam
456 1017 524 1053 hoc
543 1020 680 1064 bicipiti
697 1020 815 1064 gladio
833 1018 977 1064 regem?
1120 1017 1122 1056 j
1199 1017 1273 1049 Hel.
1302 1015 1354 1049 Ex
1376 1023 1428 1056 te,
1458 1017 1512 1049 dic
1530 1023 1561 1049 te
1579 1017 1693 1050 solum
1714 1018 1862 1052 evasisse
1882 1019 1992 1051 fatum
2005 1046 2013 1058 ,

148 1073 223 1106 Hel.
252 1072 335 1106 Non
355 1077 556 1116 pateretur,
584 1083 700 1117 neque
719 1077 850 1105 taceret
1200 1067 1436 1111 navigantem
1469 1080 1546 1100 cum
1582 1068 1654 1100 filio
1682 1069 1803 1108 Atrei,
1851 1076 1884 1102 et
1908 1070 2035 1104 vidisse
2065 1084 2146 1104 euin

149 1124 260 1156 Soror
278 1123 510 1156 occidendum
531 1135 604 1156 esse
624 1123 784 1156 fratrem.
1120 1128 1121 1142 ¹
1559 1119 1662 1152 mori.

147 1176 245 1208 Men.
279 1174 390 1219 Atqui
425 1185 499 1206 non
534 1171 706 1207 habemus
733 1185 883 1212 navem,
925 1184 992 1217 qua
1023 1184 1093 1205 scr-
1151 1169 1247 1203 1085
1274 1171 1371 1204 Men.
1407 1170 1510 1203 Certe
1536 1168 1623 1203 haec
1647 1171 1798 1202 lacerata
1826 1177 1859 1203 et
1884 1183 2043 1215 pannosa
2071 1185 2146 1205 cor-

507 1236 632 1257 veniur
1558 1222 1655 1266 poris
1680 1222 1888 1255 vestimenta

145 1275 354 1319 Fugientes;
378 1287 475 1308 mare
493 1273 600 1308 habet
616 1288 746 1316 meam,
765 1287 873 1321 quam
892 1287 955 1319 ego
972 1273 1091 1308 habui.
1197 1272 1458 1305 Testimonium
1481 1274 1615 1306 dabunt
1633 1274 1674 1305 de
1690 1273 1840 1307 nauticis
1857 1274 2056 1309 ruderibus.

99 1326 197 1361 1055
225 1329 299 1361 Hel.
327 1327 439 1366 Audi,
467 1326 496 1360 si
514 1327 603 1359 sorte
625 1328 754 1360 mulier
778 1327 912 1372 aliquid
937 1328 1092 1371 pruden-
1197 1325 1271 1357 Hel.
1300 1324 1513 1368 Opportune
1534 1325 1646 1361 venit;
1675 1325 1773 1368 prius
1792 1324 1998 1369 importune
2017 1328 2087 1359 sere
2112 1335 2144 1360 te

508 1384 561 1409 ter
583 1377 689 1411 dicat.
1556 1376 1782 1420 perdidisset;

145 1428 205 1461 Vis
221 1428 290 1461 dici
309 1434 470 1462 mortuus
488 1428 624 1468 verbis,
653 1441 731 1462 cum
750 1440 823 1461 non
840 1428 885 1462 sis
903 1435 1064 1461 mortuus
1077 1428 1090 1460 ’ἶ
1116 1439 1118 1464 ῑ
1196 1423 1283 1457 Illud
1302 1426 1433 1458 malum
1454 1428 1601 1460 fumasse
1619 1428 1707 1459 bene
1727 1428 1838 1461 cadet.

144 1481 240 1521 Men.
271 1479 406 1513 Malum
426 1492 551 1518 omen,
579 1481 640 1513 sed
668 1486 805 1519 tamen,
839 1479 866 1512 si
892 1479 977 1525 quid
1003 1480 1088 1512 lucri
1116 1493 1117 1526 ᾗ
1194 1477 1290 1509 Men.
1336 1477 1463 1510 Utrum
1508 1490 1562 1510 me
1600 1485 1714 1511 tecum
1752 1478 1788 1510 in
1823 1479 1968 1511 domum
2007 1479 2142 1523 ingredi

501 1536 569 1570 est,
598 1537 637 1564 ut
655 1529 722 1564 hoc
742 1531 899 1570 dicatur,
1115 1532 1117 1567 Ξ
1556 1536 1718 1573 oportet,

143 1581 295 1615 Paratus
329 1594 428 1620 sum,
469 1587 507 1614 ut
539 1582 655 1625 patiar
681 1595 736 1615 me
763 1582 879 1616 verbis
907 1588 1087 1615 mortuum
1114 1570 1116 1607 l
1146 1578 1242 1611 1090
1261 1577 1315 1611 An
1334 1580 1519 1625 tranquilli
1538 1582 1724 1614 sedeamus
1745 1581 1789 1613 ad
1806 1579 2033 1625 sepulchrum
2050 1580 2141 1615 hoc?

501 1632 589 1672 dici,
618 1645 696 1666 cum
716 1646 789 1666 non
806 1633 870 1666 sim
890 1640 1065 1667 mortuus,
1114 1637 1115 1674 ζ
1193 1631 1266 1663 Hel.
1286 1630 1434 1664 Maneas
1453 1629 1527 1669 l1ic;
1556 1644 1636 1665 nam
1658 1632 1684 1666 si
1704 1632 1799 1664 volet
1816 1632 1852 1664 in
1871 1639 1903 1665 te
1921 1633 2141 1678 delinquere,

141 1686 216 1718 Hel.
244 1683 399 1717 Moveho
417 1683 698 1718 misericordiam
715 1685 882 1718 muliebri
1112 1686 1115 1732 j
1187 1680 1260 1713 Hoc
1279 1680 1503 1726 sepulchrum
1524 1683 1688 1717 liberabit
1706 1690 1758 1723 te,
1787 1690 1819 1716 et
1838 1690 1917 1717 tuus
1935 1685 2038 1718 ensis.

93 1735 191 1769 1060
225 1735 391 1768 Tonsura
417 1741 450 1768 et
475 1736 792 1770 lamentationibus
816 1737 910 1780 apud
935 1736 1084 1780 impium
1112 1741 1114 1756 ²
1191 1731 1266 1776 Ego
1287 1734 1418 1767 v<idem
1434 1735 1603 1775 domum,
1629 1735 1831 1779 pl‘ssfi‘cidam
1851 1737 2017 1780 ΕΘΡῘΠΟὸ,

506 1799 638 1831 regem,
1110 1780 1113 1864 l
1188 1783 1233 1816 Et
1249 1785 1396 1818 mutabo
1417 1787 1586 1820 candidas
1603 1792 1715 1819 vestes
1732 1786 1861 1830 nigris,

1110 1869 1112 1882 Ι

138 1839 234 1872 Men.
263 1839 371 1883 Quod
386 1850 442 1872 res
458 1837 518 1871 illa
539 1839 735 1872 remedium
754 1836 859 1871 habet
877 1838 998 1872 salutis
1008 1837 1022 1871 ᾖ)

137 1891 212 1923 Hel.
241 1889 429 1923 Vetustum
446 1902 584 1923 morem
605 1891 850 1934 praetendam.

140 1941 323 1975 Mortuum
344 1948 376 1974 te
394 1941 430 1973 in
449 1941 539 1974 mari
558 1954 669 1975 vacuo
688 1939 877 1986 sepulchro
1109 1967 1110 1980 3
1188 1938 1259 1971 Aut
1277 1946 1417 1983 oportet
1433 1953 1488 1973 me
1507 1940 1619 1979 mori,
1646 1940 1673 1974 si
1702 1939 1921 1985 deprehensa
1947 1942 2047 1974 fuero
2074 1941 2134 1974 ali-

137 1992 314 2036 Sepelire,
341 1998 380 2025 ut
396 1990 485 2024 mihi
504 1993 709 2036 permittat,
738 1999 857 2037 petam
879 2004 897 2024 a
918 2003 1009 2035 rege.
1549 1991 1634 2037 quid
1657 1990 1876 2031 machinari,

90 2042 185 2077 1065
213 2045 308 2077 Men.
337 2043 407 2076 Fac
425 2055 505 2077 eum
532 2044 761 2085 concessisse,
798 2045 980 2089 quomodo
1007 2043 1081 2077 sine
1187 2040 1259 2074 Aut
1275 2041 1372 2075 abire
1391 2042 1426 2074 in
1445 2043 1598 2087 patriam
1612 2070 1620 2083 ,
1649 2050 1683 2076 et
1700 2055 1841 2076 servare
1858 2050 1958 2077 tuum
1979 2056 2118 2088 corpus.

496 2096 579 2127 navi
1187 2091 1218 2125 Ο
1233 2095 1436 2126 veneranda
1449 2121 1457 2134 ‚
1486 2106 1577 2140 quae
1595 2095 1685 2128 iaces
1704 2094 1738 2127 in
1760 2095 1849 2128 lecto
1866 2094 1958 2128 Iovis
1970 2122 1978 2135 ,

135 2145 379 2186 Servabimur,
406 2146 614 2190 sepelientes
632 2159 748 2179 meum
770 2159 897 2191 eorpus
914 2146 950 2178 in
968 2158 1079 2178 vacuo
1105 2159 1107 2192 J
1138 2143 1233 2177 1100
1262 2142 1371 2185 Iuno,
1409 2147 1499 2180 duos
1523 2145 1672 2179 miseros
1701 2143 1864 2180 homines
1890 2158 2009 2179 recrea
2038 2158 2056 2179 a
2081 2147 2129 2179 la-

492 2195 680 2241 sepulchro
692 2197 707 2228 1?
1105 2197 1106 2202 ’
1541 2196 1699 2230 boribus.

131 2250 206 2282 Hel.
235 2247 368 2282 lubebo
386 2248 505 2282 navim
524 2250 629 2289 dare,
656 2249 693 2281 in
710 2261 816 2294 quani
833 2260 965 2292 ponam
1103 2271 1104 2274 η
1182 2245 1340 2280 Petimus
1353 2273 1362 2287 ,
1390 2253 1483 2279 recta
1502 2246 1647 2281 brachia
1667 2249 1709 2280 ad
1731 2248 1867 2281 coelum

130 2299 308 2332 Ornatum
327 2301 370 2333 ad
387 2307 483 2334 tuam
500 2301 720 2345 sepulturam
738 2299 773 2332 in
792 2297 936 2332 brachia
955 2298 1075 2332 maris.
1101 2303 1103 2334 3
1181 2295 1369 2337 iacientes,
1398 2298 1457 2331 ubi
1476 2296 1616 2332 habitas
1632 2299 1669 2331 in
1688 2299 1785 2331 varia
1803 2300 1884 2332 sede
1903 2305 2102 2337 astrorum,

128 2351 225 2384 Men.
269 2351 386 2395 Quam
416 2352 504 2385 bene
538 2350 606 2385 boc
637 2351 772 2385 dixisti!
816 2357 956 2394 praeter
987 2350 1072 2383 illud
1099 2371 1101 2394 ,³
1177 2348 1220 2381 Et
1238 2355 1296 2389 tu,
1325 2361 1415 2394 quae
1436 2356 1622 2383 consecuta
1642 2362 1677 2383 es
1697 2350 1834 2383 laudem
1854 2348 2128 2395 pulchritudinis

479 2415 610 2443 unum,
637 2405 665 2437 si
684 2404 721 2436 in
741 2409 833 2435 terra
852 2402 1071 2446 sepulturam
1097 2400 1100 2451 ff
1537 2402 1625 2435 meis
1643 2401 1796 2445 nuptiis,

77 2452 175 2487 1070
201 2452 332 2486 Facere
350 2459 381 2486 te
400 2452 509 2493 iubet,
531 2453 621 2487 nihil
639 2454 775 2489 iuvabit
792 2465 856 2487 nos
874 2460 953 2487 tuus
971 2466 1070 2497 prae-
1176 2449 1295 2483 Venus
1307 2477 1315 2491 ‚
1343 2450 1412 2483 filia
1431 2450 1585 2492 Diones,
1613 2464 1656 2484 ne
1674 2465 1731 2484 me
1753 2454 1891 2496 perdas.

487 2510 612 2540 textus,
1094 2533 1095 2548 ἶ
1125 2500 1221 2535 1105
1250 2501 1341 2535 Satis
1358 2502 1501 2542 damni,
1529 2516 1600 2549 quo
1619 2516 1675 2536 me
1693 2501 1862 2538 hactenus
1880 2504 2046 2543 affecisti,

1170 2553 1313 2587 Nomen
1333 2554 1507 2598 praebens
1524 2556 1618 2599 apud
1636 2556 1827 2596 barbaros,
1856 2569 1928 2589 non
1947 2567 2087 2599 corpus.

105 2642 153 2669 63)
175 2641 267 2668 nobis]
286 2640 328 2664 sic
352 2642 399 2670 (ε
419 2640 510 2670 Eurip.
531 2640 601 2672 νῷν)
627 2640 710 2666 Editt.
733 2640 804 2663 1552.
827 2641 852 2662 et
873 2641 1003 2665 recena:
1042 2640 1065 2663 ιἰι
1168 2604 1253 2689 lslne
1266 2616 1323 2662 m?
1342 2617 1453 2645 morl,
1481 2618 1509 2639 Sl
1528 2619 1580 2664 st
1599 2619 1653 2640 ¹118
1673 2608 1872 2665 occi-dere,-
1901 2658 1914 2671 Δ)

138 2677 187 2700 Ed.
209 2676 281 2701 1562.
302 2676 388 2700 deest.
514 2673 518 2678 ’
1089 2688 1091 2697 ,
1185 2668 1207 2689 11
1226 2663 1352 2701 patria.
1406 2656 1478 2690 Cur
1496 2670 1531 2690 es
1549 2659 1771 2704 inexplebllis
1790 2659 1910 2692 malls&
