2373 2980
536 591 709 631 PHIL.
758 591 916 632 ΜΕΙΛ.
956 588 1539 633 lN'rERPRE'rA'rlo
1581 595 1949 638 EURIPIDIS

738 663 1086 707 HERCULIS
1130 663 1501 705 FURENTIS.

282 590 464 631 LXXII.

99 796 217 852 Huius
239 823 406 861 tragoediae
426 824 628 860 interpretatio
652 824 740 850 latina
754 822 949 851 Melanthonis
965 823 1079 859 integra
1101 823 1129 849 in
1154 823 1247 850 altera
1264 820 1442 861 Xylanclri
1455 822 1592 852 Editione
1608 823 1701 854 1562.
1726 827 1902 863 praebetur,
1925 836 1942 854 a
1957 837 2013 864 qua
2036 829 2128 856 inter-

98 867 223 904 pretatio
244 867 349 904 prioris
371 866 424 894 Ed.
451 864 543 894 1558.
568 865 684 902 differt,
715 865 794 892 cuius
819 866 860 892 rei
884 875 997 893 causam
1022 864 1176 901 Xylander
1199 866 1227 892 in
1258 865 1440 902 praefatione
1469 867 1589 894 alterius
1612 868 1754 895 Editionis
1778 870 1912 906 exposuit
1936 869 2018 905 (vide
2043 880 2129 907 supra

98 908 205 946 p.285
220 907 289 948 sq.).
350 906 389 936 Ut
413 909 505 936 lector
530 914 682 944 utramque
705 908 768 944 ipse
793 907 940 943 conferat,
964 908 1197 944 interpretationi
1220 908 1415 935 Melanthonis
1440 910 1586 946 genuinae
1609 905 1688 937 islam
1712 911 1814 948 prioris
1837 911 1979 939 Editionis
2002 913 2030 939 in
2056 914 2129 940 notis

98 952 202 979 criticis
224 951 376 987 subiunxi,
403 956 433 978 et
456 955 612 987 praeterea
634 950 785 978 Editiones
808 951 986 978 recentiores
1008 948 1184 985 Barna-osi,
1214 948 1417 986 Musgravse·
1438 956 1467 979 et
1491 949 1593 979 Fi.t·1'z’
1614 962 1677 979 cum
1700 954 1732 980 iis
1757 954 1875 981 contuli.
1900 969 1939 974 —
1983 954 2127 983 Versuum

97 1002 248 1029 numeros,
271 992 452 1030 stropharum
476 993 648 1029 partitiones
673 998 703 1020 et
724 993 794 1020 alias
817 993 955 1030 quasdam
977 993 1179 1030 inscriptiones
1205 1002 1241 1020 ex
1264 993 1319 1020 Ed.
1336 993 1456 1022 Barnes.
1480 994 1580 1021 addidi
1603 995 1680 1023 intra
1703 996 1821 1023 uncinos
1844 996 1978 1025 inclusas.

572 1202 931 1237 EURIPIDIS
986 1200 1335 1235 HERCULES
1387 1202 1658 1238 FURENS

634 1269 855 1298 PHlLIPPO
894 1267 1227 1297 MELANTHONE
1278 1267 1600 1299 INTERPRETE.

407 1378 784 1422 Arg11mentum1).

196 1443 365 1476 Hercules
393 1455 541 1476 uxorem
568 1445 698 1477 ducens
713 1444 743 1489 2)
770 1444 953 1487 Megaram
977 1444 1084 1476 filiam

95 1494 277 1533 Creontis,
312 1494 480 1540 liberosss)
496 1507 537 1527 ex
564 1507 603 1527 ea
627 1495 851 1538 procreavit,
883 1495 1011 1540 quibus
1032 1506 1086 1526 re-

93 1545 184 1579 lictis
200 1543 354 1590 Thebis,
383 1545 456 1589 ipse
481 1546 659 1590 profectus
676 1552 727 1579 est
745 1545 882 1589 Argos,
909 1553 948 1578 ut
972 1552 1087 1578 certa-

93 1597 190 1630 mina
223 1597 267 1630 ab
301 1594 504 1641 Eurystheo
537 1597 720 1641 proposita
753 1598 952 1630 conficeret.
1021 1596 1085 1629 Su-

1141 1344 1271 1387 peratis
1288 1352 1405 1378 autem
1425 1348 1602 1387 omnihus,
1621 1350 1762 1381 tandem
1784 1351 1828 1382 ad
1845 1349 1976 1383 inferos
1986 1351 2127 1383 descen-

1141 1395 1206 1426 dit:
1250 1402 1283 1427 et
1308 1408 1385 1429 cum
1409 1398 1516 1441 longo
1545 1399 1593 1431 ihi
1618 1406 1778 1445 tempore
1803 1407 1962 1435 moratus
1994 1401 2127 1441 suisset,

1140 1443 1315 1485 homines,
1332 1449 1393 1493 qui
1412 1449 1599 1490 vivebant,
1617 1458 1799 1485 mortuum
1817 1465 1889 1486 esse
1911 1465 1990 1486 eum
2011 1452 2126 1486 existi-

1141 1505 1341 1531 maxorunt.
1395 1498 1558 1534 Thebani
1575 1514 1659 1535 vcro
1678 1504 1852 1536 seditione
1869 1510 2047 1536 commota
2068 1504 2127 1536 ad-

1140 1560 1259 1581 versus
1283 1549 1533 1599 Creontenfl),
1560 1552 1694 1598 Lycum
1727 1567 1767 1588 ex
1791 1554 1934 1589 Euboea
1973 1556 2125 1588 adduxe—

1139 1600 1275 1645 1·uut⁵).

865 1723 1096 1757 Personae
1131 1726 1327 1761 fabulae.

499 1798 715 1844 Amphitryo

501 1850 647 1894 Megara

503 1901 619 1946 Lycus

503 1951 566 1984 Iris

1441 1804 1570 1849 Lyssa,
1599 1808 1632 1840 id
1653 1815 1722 1848 est,
1751 1809 1943 1853 Rabies⁶⁸)

1445 1856 1599 1891 Nuntius

1442 1906 1611 1942 Hercules

1440 1956 1599 1993 Theseus

750 1999 889 2035 Chorus
907 2007 1044 2034 constat
1061 2013 1101 2034 ex
1119 2000 1301 2038 Thebanis
1316 2006 1469 2042 senibus.

820 2060 1008 2093 Praefatur
1026 2067 1143 2094 autern
1161 2062 1389 2110 Amphitryo.

123 2227 151 2253 1)
170 2226 245 2250 Haec
265 2225 368 2249 veteris
388 2225 562 2255 argumenti,
582 2225 653 2255 quod
673 2231 774 2252 graece
794 2225 820 2248 in
839 2225 932 2255 Eurip.
953 2227 1001 2249 Ed.
1023 2228 1075 2251 Ba-

155 2260 198 2283 sil.
214 2261 286 2284 155¹.
300 2260 419 2290 legitur,
439 2259 631 2288 interpretatio
646 2260 830 2283 Melanthonis
846 2260 873 2282 in
887 2261 971 2286 Editt.
990 2262 1075 2289 1558,

158 2295 231 2318 1562.
252 2294 400 2317 exhibetur.
438 2294 588 2317 Barnesius
607 2294 720 2317 eandem
740 2293 848 2324 (paucis
868 2296 994 2325 mutatis)
1015 2303 1073 2319 cum

153 2330 230 2352 textu
249 2334 349 2359 graeco
369 2328 497 2357 repetiit,
522 2328 549 2351 in
575 2328 634 2351 eius
654 2328 707 2351 fine
734 2330 824 2351 autem
850 2329 948 2352 haecce
975 2336 1074 2357 graece

153 2364 180 2386 et
199 2363 286 2386 latine
303 2362 420 2385 addidit:
442 2361 492 2391 Qui
513 2362 586 2391 [scil.
606 2363 716 2392 Lycus]
735 2369 794 2386 cum
814 2363 940 2386 Herculis
960 2364 1072 2390 liberos,

153 2403 266 2421 uxorem
293 2398 450 2426 patremque
469 2397 529 2419 neci
557 2397 669 2420 tradere
695 2397 882 2424 decrevisset,
908 2398 998 2421 subito
1026 2399 1072 2422 ille

153 2432 352 2461 superveniens
373 2431 477 2459 Lycum
502 2431 655 2454 obtruncat.
698 2432 767 2455 Hinc
785 2437 802 2454 a
820 2432 922 2455 Iunone
941 2433 975 2455 ad
994 2432 1072 2456 insa-

151 2466 224 2489 niam
242 2465 373 2489 redactus
391 2470 503 2488 uxorem
518 2470 595 2488 suam
615 2466 642 2488 et
660 2465 762 2489 liberos
780 2466 840 2495 ipse
858 2466 922 2489 teus
942 2466 1070 2497 confecit,

152 2500 224 2530 patri
252 2505 317 2523 vero
346 2504 442 2522 manus
468 2499 522 2522 iam
548 2499 697 2523 iniecturus
715 2506 733 2523 a
750 2500 878 2523 Minerva
904 2501 1002 2529 lapidis
1021 2507 1070 2524 so-

151 2534 335 2564 phronisteris
355 2533 479 2556 coniectu
502 2533 617 2562 sopitur.
663 2535 727 2557 Mox
745 2534 778 2557 ad
805 2541 836 2558 se
855 2535 964 2558 rediens
984 2536 1069 2558 mise-

150 2568 263 2592 randum
282 2567 309 2591 in
324 2567 430 2591 modum
446 2573 524 2589 suum
538 2567 588 2590 hoc
605 2567 711 2591 facinus
731 2569 823 2599 luget,
843 2569 982 2599 lucemque
995 2569 1068 2599 odit3

152 2609 212 2626 cum
225 2603 345 2626 Theseus
363 2600 513 2625 adveniens
533 2600 609 2624 inum
628 2602 734 2625 solatur
748 2604 776 2626 et
789 2602 949 2633 expiaturus
963 2603 1068 2626 demum

149 2637 272 2660 Athenas
292 2636 372 2660 ducit¹

118 2678 148 2709 2)
168 2685 279 2702 uxorem
298 2679 415 2706 ducens]
435 2678 475 2701 sic
494 2678 542 2702 Ed.
563 2677 656 2707 1562.;
674 2678 723 2701 Ed.
747 2678 818 2702 1558.
839 2685 896 2702 cun·
916 2679 1048 2702 duxisset.

1163 2245 1191 2277 3)
1212 2245 1329 2279 liberos]
1349 2247 1388 2271 sic
1408 2248 1457 2271 Ed.
1479 2249 1570 2279 1562.;
1590 2250 1639 2273 Ed.
1661 2250 1736 2275 1558.
1755 2251 1836 2276 filios.

1162 2296 1191 2328 4)
1212 2298 1308 2328 quibus
1329 2299 1435 2322 relictis
1458 2299 1556 2323 Thebis
1574 2313 1609 2317 —
1627 2301 1798 2334 Creontem‚]
1818 2302 1858 2327 sic
1876 2303 1925 2328 Ed.
1946 2304 2037 2331 15622
2069 2307 2115 2330 Ed.

1196 2333 1286 2356 1558:
1309 2333 1478 2363 Relinquens
1498 2340 1564 2357 vero
1584 2335 1633 2358 hos
1651 2336 1767 2365 Thebis,
1787 2337 1846 2367 ipse
1866 2338 1957 2366 Argos
1976 2340 2115 2368 profectus

1196 2368 1255 2393 est,
1281 2368 1437 2396 Eurystheo
1464 2369 1616 2392 certamina
1641 2371 1841 2395 elaboraturus.
1898 2373 2022 2397 Omnium
2048 2381 2115 2398 vero

1193 2401 1319 2429 supertor
1338 2401 1446 2427 factus,
1466 2406 1604 2431 postremo
1623 2405 1657 2427 ad
1671 2405 1796 2428 Plutonis
1811 2406 1961 2431 descendit.
1998 2408 2033 2431 Et
2053 2408 2114 2431 lon-

1193 2441 1255 2464 gum
1273 2435 1331 2458 illic
1348 2437 1471 2458 moratus
1490 2438 1615 2468 tempus,
1635 2439 1787 2467 optuionem
1806 2440 1918 2470 reliquit
1933 2442 2004 2471 apud
2023 2442 2112 2465 vivos.

1192 2469 1263 2497 quod
1289 2471 1366 2493 esset
1393 2472 1526 2496 mortuus.
1570 2472 1737 2496 seditionem
1755 2480 1822 2498 vero
1847 2474 1978 2499 hahentes
1997 2476 2111 2499 'thebaei

1191 2502 1327 2526 adversus
1347 2503 1496 2534 principem
1517 2505 1674 2539 Creontem,

1156 2549 1186 2582 5)
1205 2552 1398 2585 adduxerunt.]
1418 2554 1458 2577 sic
1476 2555 1525 2579 Ed.
1548 2556 1638 2586 15⁶2.;
1657 2557 1707 2581 Ed.
1730 2558 1804 2582 1558.
1823 2559 1998 2582 reduxeruut.

1155 2608 1203 2639 521)
1230 2611 1340 2640 Lyssa‚
1367 2611 1393 2635 id
1412 2613 1471 2641 est,
1498 2612 1611 2645 Rabies]
1637 2615 1679 2638 sic
1698 2616 1746 2639 Ed.
1766 2617 1855 2646 1562.;
1881 2618 1977 2640 Barna
2005 2617 2107 2646 Lsssa.

1190 2644 1215 2667 id
1241 2646 1300 2672 est,
1328 2646 1429 2670 Rabies
1457 2647 1502 2671 vel
1524 2648 1624 2675 Furia:
1651 2650 1733 2675 Editt.
1757 2652 1846 2677 1553..
1873 2653 1976 2680 Musgr.
2003 2653 2028 2673 et
2049 2651 2105 2674 Fix.

1187 2679 1286 2702 habent
1305 2680 1393 2704 solum
1414 2687 1524 2705 nomeu:
1546 2682 1647 2712 Lyssa.
