2373 2980
237 108 331 142 1083

238 194 312 228 360
338 191 518 225 Liberavit
534 191 646 223 leone.

288 243 416 276 Tectus
433 248 549 275 autem
568 246 619 274 est
634 240 798 272 incendio

288 294 477 338 Torquens
495 298 599 335 caput
619 291 749 323 ssavum
769 290 806 322 in
824 296 962 334 tergum

288 343 454 377 Terribili
471 343 560 375 rictu
577 340 776 386 bestiaeffi).

532 425 844 473 [Anti-strophe
872 422 926 472 1.]

288 496 331 528 Et
348 492 636 537 montivagorum
654 504 694 525 ac
713 491 903 536 agrestium

238 545 311 582 365
337 545 598 579 Centaurorum
619 555 728 586 genus
747 543 833 576 olim

288 595 499 629 Vulneravit
516 594 678 627 letalibus
700 593 789 633 telis,

287 646 502 680 Interficiens
518 644 720 677 volucribus
742 643 887 687 sagittis.

288 697 397 732 Novit
414 695 480 729 hoc
496 696 653 735 Peneus,
679 695 739 740 qui
754 692 921 738 pulchros
936 694 1084 727 vortices
1103 692 1218 732 habet,

290 749 333 781 Et
349 749 454 791 longa
471 758 679 790 camporum
696 745 827 778 sterilia
847 757 944 784 arva,

239 800 312 833 370
339 797 384 831 Et
400 798 550 831 ancillae
568 798 611 830 ad
632 796 770 829 Pelium
788 802 960 835 montem,

287 849 333 882 Et
350 849 409 894 qui
428 861 538 892 prope
559 847 747 880 Homolam
764 845 926 879 habitant

288 900 383 932 Inter
401 900 506 943 pinus
518 925 525 938 ‚
551 900 643 930 unde
662 909 788 930 manus

287 952 476 983 Armantes
488 975 497 987 ,
522 955 654 981 terram
670 946 923 980 Thessalorum

286 1001 456 1046 Equitatn
473 999 679 1035 domabant,

238 1051 311 1085 375
336 1051 381 1084 Et
397 1049 586 1083 habentem
605 1059 751 1081 aureum
769 1052 874 1090 caput

289 1103 437 1135 Cervam
457 1100 688 1137 maculosam,

287 1150 548 1185 Praedatricem
566 1150 785 1194 sylvestrem,

287 1203 460 1236 Occidens
471 1227 480 1240 ‚
504 1199 744 1244 spectaculum
760 1195 998 1232 venatorium‚

286 1252 495 1295 Dianamffl)
513 1249 728 1293 delectat-⁶³⁸).

270 1405 317 1432 36)
338 1405 423 1429 Char.
449 1402 603 1442 Lug-u-hrem
620 1411 654 1416 —
672 1397 785 1423 bestiae.
814 1398 868 1425 (vs.
890 1392 1077 1424 348-363.)]
1104 1392 1144 1416 sic
1166 1391 1215 1416 Ed.

305 1436 716 1498 ¹52}drlffl(¹failil’iirgn'lugubrem
735 1465 840 1496 quidem
860 1462 934 1488 felici

338 1506 472 1531 cantione
489 1502 587 1527 accinit
604 1501 738 1527 Phoebus,

338 1540 455 1564 Pulchre
473 1538 615 1561 sonantem
635 1535 766 1558 citharam

339 1574 458 1598 Pulsans
474 1572 578 1601 plectro
597 1574 689 1592 aureo.

338 1609 395 1639 Ego
416 1612 500 1635 vero,
520 1605 563 1635 qul
583 1604 632 1626 suh
650 1604 726 1625 terra
745 1600 949 1629 inferorumque
969 1598 1003 1621 ad
1021 1597 1167 1628 caliginem

337 1641 481 1665 Profectus
503 1640 562 1667 est,
580 1637 665 1661 filium
684 1636 742 1658 sive
759 1634 833 1658 lovis
851 1634 938 1664 ipsum
958 1633 1062 1662 dixero,

338 1676 402 1700 Sive
421 1671 629 1703 Amphitryonis
649 1669 741 1699 filium,

337 1710 486 1733 celebrare
503 1705 651 1730 secundum
669 1703 758 1727 series
774 1702 899 1726 laborum

337 1742 492 1767 nonorifica
508 1739 666 1763 laudatione
686 1738 757 1761 volo.

338 1777 487 1808 „Fortium
506 1774 575 1797 enim
595 1773 712 1795 virtutes
731 1772 855 1794 laborum

338 1810 481 1841 „Mortuis
500 1809 583 1831 decus
602 1808 675 1829 sunt.

336 1845 453 1868 Primum
473 1843 577 1872 quidem
595 1840 668 1863 lovis
695 1839 805 1868 sylvam

337 1878 472 1902 vacuavit
492 1877 579 1900 leone.

337 1914 424 1936 Flava
443 1911 513 1940 pelle
532 1914 599 1932 vero
619 1906 732 1931 amictus
750 1906 802 1934 est,

336 1947 450 1970 Flavum
468 1945 548 1973 caput
566 1948 625 1965 cum
644 1942 672 1964 in
690 1943 796 1970 tergum
814 1937 978 1961 retorsisset

337 1981 424 2003 vasto
442 1979 512 2001 rictu
530 1977 644 2000 belluae.

271 2030 317 2062 ³7)
344 2026 471 2059 Dianam]
507 2026 547 2049 sic
570 2025 619 2048 Ed.
642 2023 733 2050 1562.;
770 2022 820 2046 Ed.
844 2021 928 2044 Basil.
950 2021 1022 2044 1551.
1048 2021 1073 2045 h.
1092 2021 1110 2044 l.
1135 2021 1216 2043 hahet

304 2064 444 2088 lectionem
465 2058 549 2084 Οἰνόα
568 2056 636 2089 τίν’,
661 2058 695 2081 ad
715 2061 793 2086 quain
814 2057 922 2084 spectat
940 2055 1079 2083 Xylandri
1097 2056 1215 2078 annota-

304 2100 341 2122 tio
361 2098 387 2120 in
407 2102 492 2124 marg.
514 2094 562 2117 Ed.
578 2093 651 2116 1562.
672 2092 696 2113 h.
716 2091 733 2112 l.
752 2089 905 2118 adscripta:
924 2086 1046 2119 „omnim
1068 2094 1119 2112 vox
1139 2095 1216 2111 men-

307 2134 390 2161 dosa;
425 2131 497 2153 alter
521 2127 588 2157 legit
611 2124 701 2150 Οἰνία.
732 2124 841 2147 Oeneus
874 2129 921 2145 rex
953 2122 1004 2145 fuit
1030 2120 1216 2147 Aetolorum.¹’

307 2168 383 2190 Hanc
412 2165 557 2187 lectionem
588 2159 714 2189 exprimit
744 2158 792 2181 Ed.
822 2157 910 2180 1558.:
949 2156 1043 2180 Oenea
1073 2157 1215 2186 quendam.

306 2201 389 2223 Editt.
414 2199 515 2221 recent.
546 2195 671 2219 exhibent
703 2190 835 2216 Οἰνωᾶτιν
867 2202 899 2207 -
933 2190 1104 2214 Oinoatidein
1138 2189 1168 2222 [i.
1193 2197 1216 2215 e.

306 2234 437 2263 Dianam,
458 2237 526 2261 quae
545 2230 572 2253 iu
593 2229 700 2256 Οευοὲ,
719 2225 779 2256 agri
798 2224 896 2255 Argivi
915 2226 998 2252 urhe,
1019 2223 1139 2255 colitur}

273 2285 318 2315 38)
338 2285 373 2307 Et
392 2282 611 2308 montivagorum
628 2291 661 2295 —
679 2277 807 2300 delectat.
827 2277 883 2303 (vs.
901 2274 1088 2303 364—379.)]
1112 2275 1151 2298 sic
1169 2275 1217 2299 Ed.

309 2318 400 2345 1562.;
422 2317 470 2340 Ed.
492 2314 583 2337 1558.:

337 2353 372 2375 Et
391 2349 598 2374 monticulorum
617 2345 696 2377 [prm
717 2341 935 2373 monticolarum]
953 2343 1105 2374 agrestium

342 2386 541 2409 Centaurorum
561 2382 683 2405 sobolem
702 2379 765 2402 olim

341 2417 507 2442 Vulneravit
524 2417 639 2439 arcubus
658 2413 780 2436 cruentis

343 2451 512 2476 interficiens
530 2449 613 2474 alatis
632 2447 737 2471 iaculis.

343 2486 478 2511 Conscius
496 2486 541 2507 est
558 2483 680 2508 Peneus,
700 2481 745 2510 qui
763 2480 892 2510 pulchros
908 2481 989 2503 habet
1008 2480 1143 2510 gurgites,

341 2522 490 2548 Longaque
507 2523 575 2541 arva
592 2521 747 2545 camporum
765 2514 883 2544 sterilia,

343 2556 377 2579 Et
395 2552 496 2577 Peliaci
514 2551 629 2580 incolae,

342 2588 486 2617 Vicinique
506 2586 634 2608 uomoles
650 2583 805 2606 habitantes

342 2623 418 2645 Inter
435 2620 545 2649 piceas,
563 2618 634 2641 unde
652 2622 747 2640 manus

342 2656 491 2680 Armantes
509 2655 613 2676 terram
631 2651 824 2675 Thessalorum

341 2687 557 2719 Equitatiouibus
575 2686 728 2709 vastabant.

776 102 895 139 PHIL.
930 104 1043 140 MEL.
1078 104 1278 140 SCRIPTA
1312 104 1645 140 PfflLOLOGch.

1242 894 1246 952 ιι

1239 1474 1243 1634 l

1267 1666 1342 1701 405
1366 1668 1520 1702 Atlantis
1536 1670 1684 1702 domum
1703 1668 1886 1700 accedens:

2155 111 2250 145 1084

1611 188 1818 237 [Stropke
1843 193 1904 241 2.]

1271 258 1345 292 380
1369 257 1415 292 Et
1434 257 1590 291 ascendit
1607 258 1834 303 quadrigam,

1319 308 1365 341 Et
1380 308 1487 341 frenis
1507 309 1645 341 domuit
1666 320 1775 354 equos

1322 358 1504 392 Diomedis
1516 384 1524 397 ‚
1549 358 1610 403 qui
1627 360 1672 392 ad
1686 359 1804 393 letalia
1821 362 2003 405 praesepia

1321 409 1402 442 Sine
1420 408 1528 442 frenis
1544 410 1735 453 raptabant

1272 458 1345 493 385
1374 460 1547 492 Cruentos
1566 459 1661 493 cibos
1687 461 1783 504 genis
1797 487 1806 500 ,
1830 461 1967 504 gaudiis
1983 460 2003 477 *⁵
2020 461 2168 506 virosw)
2186 474 2249 494 vo—

1456 510 1635 549 rantibus,
1656 523 1814 544 mensam
1837 511 2013 545 difficilem
2031 513 2249 556 praebentes.

1323 557 1438 592 Trans
1456 567 1603 603 argento
1621 561 1787 594 fluentem
1806 568 1924 595 autem

1324 607 1480 642 Hebrum
1498 610 1637 643 traiecit
1654 623 1712 644 eos
1729 612 1766 644 in
1783 612 1893 652 littus,

1321 657 1506 693 Laborans
1522 660 1617 694 iussu
1631 662 1724 705 regis
1743 661 1939 707 Mycenaei.

1321 709 1426 752 Apud
1445 708 1512 743 hoc
1531 711 1628 745 littus
1647 712 1839 752 Deliacum,

1271 758 1346 792 390
1370 760 1425 793 Ad
1441 767 1562 805 portas
1575 762 1724 802 Anauri,

1323 809 1483 854 Cygnum
1501 810 1682 856 hospitum
1702 813 1965 846 interfectorem

1322 860 1481 894 Perdidit
1497 862 1574 895 telis
1590 862 1894 908 Amphanaeasw)

1323 910 1568 946 Habitatorem
1588 912 1838 958 inhospitalem
1848 914 1906 958 ¹¹¹).

1563 997 1873 1044 [Antistrophe
1898 995 1954 1043 2.]

1319 1061 1366 1094 Et
1385 1063 1429 1094 ad
1446 1063 1581 1107 puellas
1596 1064 1746 1098 musicas

1270 1110 1343 1145 395
1365 1112 1473 1146 Venit
1487 1113 1524 1146 in
1543 1115 1658 1147 aulam
1676 1113 1896 1158 Hesperiam,

1320 1161 1365 1195 Et
1380 1163 1424 1196 ab
1445 1164 1560 1197 aureis
1578 1164 1686 1198 ramis
1705 1176 1812 1208 poma
1830 1165 2001 1197 ferentem

1321 1213 1489 1247 Fructum
1509 1227 1618 1248 manu
1635 1216 1875 1258 decerpturus,

1322 1263 1486 1297 Dracone
1502 1266 1650 1298 rubente
1668 1272 1781 1309 tergo,

1320 1314 1391 1358 Qui
1406 1315 1523 1348 locum
1541 1316 1755 1350 inaccessum
1775 1315 1906 1348 circum

1318 1364 1428 1398 Vario
1445 1365 1521 1409 giro
1540 1367 1759 1399 custodiebat

1270 1415 1343 1450 400
1365 1414 1563 1450 Interfecto.
1615 1417 1660 1450 Et
1676 1416 1784 1449 maris

1319 1465 1443 1499 Sinum
1462 1467 1639 1510 ingressus
1655 1474 1706 1500 est
1717 1494 1726 1507 ,
1747 1465 1956 1499 mortalibus

1318 1517 1481 1551 Miserias
1497 1518 1628 1551 faciens
1646 1518 1764 1551 remis.

1316 1566 1362 1599 Et
1377 1569 1441 1600 sub
1458 1568 1612 1601 mediam

1317 1617 1443 1650 Sedem
1461 1619 1571 1662 agitat
1585 1630 1712 1651 manus

2364 1148 2369 1204 Ξ

2366 1218 2369 1280 ἱ

2363 1288 2371 1339 l

1372 1817 1408 1840 Et
1425 1821 1539 1840 aureum
1556 1818 1637 1846 caput
1655 1816 1798 1839 habentem

1369 1850 1520 1880 Capream,
1538 1851 1616 1874 vario
1635 1850 1718 1874 dorso
1739 1847 1899 1878 praeditam,

1369 1884 1552 1908 vastatricem
1571 1887 1742 1911 venatorum,

1368 1917 1556 1948 Interficiens‚
1575 1918 1748 1941 venatorium
1767 1914 1960 1946 spectaculum,

1372 1952 1465 1975 Oenea
1484 1952 1617 1982 quendam
1636 1952 1780 1975 exhilarat.

1300 2002 1348 2029 39)
1369 2000 1456 2033 viros]
1476 2003 1525 2026 Ed.
1547 2002 1621 2027 1562.
1642 2002 1737 2025 mendo
1756 2003 1885 2030 typong
1906 1998 1996 2021 vivos.

1301 2052 1349 2079 40)
1376 2051 1578 2084 Amphanaeas]
1602 2052 1663 2075 huic
1687 2051 1789 2075 nomini
1814 2050 1841 2073 in
1865 2054 1951 2079 marg.
1974 2048 2024 2073 Ed.
2046 2047 2118 2071 ¹562.
2144 2045 2249 2070 adiecta

1336 2088 1379 2108 est
1404 2088 1563 2111 annotatio:
1599 2103 1617 2119 ‚‚
1628 2086 1698 2116 Quid
1717 2086 1754 2109 sit
1778 2085 1844 2114 hoc,
1872 2083 1989 2107 nondum
2013 2078 2175 2110 assequor.'¹
2199 2081 2248 2104 Μ.

1339 2120 1413 2145 1558.
1433 2121 1602 2151 ampliareis3
1621 2122 1718 2144 Bam:
1739 2120 1930 2148 Amphanaeae
1947 2116 2083 2147 reqiom's.

1302 2171 1350 2196 41)
1376 2173 1410 2195 Et
1427 2172 1551 2194 ascendit
1568 2184 1601 2188 —
1619 2170 1821 2200 inhospitalem.
1848 2168 1903 2199 (vs.
1924 2165 2110 2196 aso—39³.)]
2135 2165 2173 2189 sie
2199 2165 2247 2189 Ed.

1339 2204 1430 2233 1562.;
1450 2206 1497 2228 Ed
1514 2206 1606 2229 1558:
2152 2221 2155 2223 .

1371 2239 1579 2268 Quadrigasque
1597 2238 1731 2268 ascendit,

1371 2275 1407 2297 Et
1425 2274 1511 2296 frenis
1530 2274 1632 2297 domuit
1651 2278 1735 2301 equos

1371 2308 1528 2337 Diomedis,
1546 2313 1616 2337 quae
1633 2305 1756 2330 cruentis
1776 2303 1952 2334 praesepibus

1370 2341 1528 2365 Effrenatae
1546 2341 1724 2369 dilaniabant,

1373 2376 1508 2400 Cruentos
1528 2375 1602 2398 cibos
1621 2374 1680 2397 suis
1699 2373 1828 2401 maxillis,

1373 2410 1476 2440 Pugnis
1494 2409 1623 2432 clamosis
1641 2407 1828 2436 inhospitales.

1373 2445 1461 2467 Trans
1481 2449 1546 2467 vero
1564 2443 1756 2472 argentilluum

1374 2479 1491 2502 Hebrum
1510 2477 1635 2505 traiecit,
1655 2477 1775 2499 lahorem

1375 2514 1519 2536 Mecaeneo
1537 2511 1617 2543 [prot
1637 2507 1801 2539 Mycenaeo]
1822 2510 1951 2532 laborans
1971 2508 2095 2538 domium

1374 2548 1408 2570 Et
1427 2546 1562 2569 Pellaeum
1578 2545 1668 2573 littus,

1373 2580 1475 2604 Anauri
1490 2580 1565 2603 iuxta
1581 2579 1679 2602 hostia.

1373 2616 1495 2644 Cycnum
1512 2619 1598 2641 vero,
1617 2613 1750 2642 hospitum
1777 2613 1991 2641 interfectoren,

1375 2648 1489 2678 sagittis
1506 2647 1645 2671 interfecit
1662 2648 1827 2676 amphareis.

1374 2682 1558 2706 nabitatorem
1575 2681 1755 2705 inhumanum.
