2373 2980
195 106 287 140 1031

191 192 264 225 880
291 191 375 225 Esse
393 191 552 234 ingratos
567 190 769 234 proditores
790 191 961 225 lectorum
971 191 1028 238 Μ),

243 242 275 275 O
292 249 425 286 septem
445 239 658 274 chordarum
679 253 808 275 canens
1209 259 1211 282 i

242 293 372 326 vocem
393 290 568 332 citharae,
596 298 629 324 et
646 305 736 337 quae
754 294 939 327 nocturnis
1210 306 1211 342 χ

243 344 418 377 Cornibus
463 343 668 376 inanimatis
687 367 692 370 -
711 351 842 377 sonant
883 346 975 378 clare
1019 352 1185 380 sonantes
1210 355 1212 377 ὲ

605 391 759 438 hymnos
777 395 901 429 Musae
913 423 921 436 ,
1211 386 1213 434 ἓ

196 443 269 481 885
295 444 397 484 Tibi,
428 456 447 476 o
465 443 514 477 fili
530 443 711 485 Latonae,
740 444 1055 491 reprehensionem

249 496 322 528 Hoc
341 495 395 528 die
419 495 546 528 dicam.

247 547 382 580 Venisti
400 544 488 579 mihi
507 547 710 581 auricomus

248 598 404 637 Lucens,
433 598 578 642 quando
596 598 631 630 in
652 599 748 632 sinus

249 649 380 682 Crocea
398 648 482 681 solia
493 647 523 667 ⁹²
532 648 564 692 a)
583 649 814 693 decerpebant
830 677 838 690 ‚

199 702 272 737 890
300 700 348 733 Ut
366 699 541 732 variarem
561 700 678 734 aureis
694 701 849 735 floribus.

249 749 479 784 prehendens
494 763 579 783 vero
597 751 685 785 albis
706 752 794 784 volis

252 801 463 835 Manuun1⁹2
473 801 524 847 b),
551 801 588 833 in
606 803 699 835 antri
718 803 846 836 cubilia

252 853 472 887 Clamantem
495 864 571 892 me,
600 866 620 886 o
638 860 769 893 mater,
799 865 928 897 magno
948 853 1100 885 clamore
1217 833 1219 883 i

251 905 346 938 Deus
364 903 581 937 concubinus
1218 895 1220 929 ἰ

201 955 274 991 895
302 955 464 989 Ducebas
488 954 714 998 impudenter

253 1007 382 1040 Veneri
400 1005 610 1049 gratificans.

253 1058 327 1102 Ego
346 1056 465 1090 infelix
481 1055 582 1099 pario
606 1054 669 1087 tibi

252 1109 380 1142 Filium
392 1133 400 1147 ‚
429 1118 533 1152 quern
552 1111 649 1138 metu
664 1104 787 1137 matris

254 1161 305 1193 Ad
324 1166 465 1192 antrum
487 1156 679 1201 proiiciens
696 1162 796 1188 tuum
811 1181 819 1194 ,

204 1214 277 1246 900
305 1211 373 1244 Ubi
392 1222 447 1242 me
465 1208 534 1242 tuis
554 1207 652 1241 lectis
668 1206 834 1240 miseram
1220 1199 1222 1242 4¹

253 1261 397 1296 iunxisti
423 1260 599 1293 miseram.
1221 1265 1223 1302 ᾗ

258 1314 333 1347 Heu
352 1310 456 1349 mihi;
485 1322 579 1344 nunc
603 1309 709 1353 periit
1221 1305 1223 1315 ¹

255 1366 388 1397 Avibus
405 1364 563 1405 direptus
581 1372 657 1394 esca
1222 1364 1224 1406 }

256 1417 356 1449 Meus
375 1414 466 1447 filius
485 1419 519 1445 et
537 1410 683 1456 tuusffl).
1222 1416 1225 1421 ·

239 1530 287 1557 92)
307 1528 390 1552 Cher.
420 1527 452 1550 Et
471 1532 521 1557 ego
541 1537 574 1542 -—
593 1525 734 1548 lectorum.
763 1520 818 1552 (vs.
841 1520 892 1544 857
908 1532 941 1537 —
954 1519 1054 1547 880.)]
1084 1518 1122 1542 sic
1148 1519 1196 1543 Ed.
1223 1536 1225 1552 ὲ

278 1562 368 1591 1562.;
392 1562 440 1584 Ed.
459 1560 548 1585 1558:

310 1596 394 1620 Chor.
414 1596 448 1618 Et
466 1600 534 1625 ego,
553 1594 636 1617 chara
654 1591 779 1621 domina,
803 1588 988 1613 calamitatem
1006 1588 1070 1611 volo

309 1629 478 1658 participans
498 1629 583 1659 hanc,
608 1628 655 1650 aut
673 1626 759 1655 mori,
785 1625 832 1647 aut
850 1623 948 1646 vivere
968 1623 1092 1646 honeste.

309 1665 371 1689 Cre.
391 1663 413 1687 0
431 1663 536 1691 anima,
562 1660 696 1691 quomodo
715 1655 835 1682 tacebo?
863 1656 994 1687 quomodo
1014 1662 1081 1680 vero

310 1697 457 1728 lllegitima
474 1696 612 1726 perferam
631 1690 750 1718 cubilia?

310 1733 443 1756 Pudorem
459 1736 527 1754 vero
547 1729 679 1760 quomodo
697 1723 814 1751 exuam?
1016 1757 1020 1762 Ι

311 1766 387 1795 Quod
406 1765 478 1789 enim
499 1764 622 1793 prohihet
640 1761 859 1791 impedimentum
879 1765 920 1783 me
939 1755 1078 1788 amplius?

309 1801 351 1824 Ad
370 1799 439 1830 quod
458 1800 596 1822 certamen
616 1797 740 1826 ponimur
758 1795 870 1818 virtutis
879 1791 892 1817 ’ἐ

310 1835 405 1858 Nonne
423 1833 538 1856 maritus
558 1829 682 1855 nostrum
701 1829 826 1859 proditor
845 1829 934 1851 factus
955 1823 1018 1850 est?

311 1868 410 1891 Privor
429 1872 495 1890 vero
515 1867 609 1895 domo,
637 1864 733 1894 privor
750 1862 856 1886 liberis.

311 1902 409 1925 Nullae
427 1906 494 1924 vero
513 1901 578 1923 sunt
596 1905 677 1928 speS‚
705 1902 775 1927 quas
795 1897 920 1919 statuere

312 1935 430 1965 Cupiens
449 1935 525 1957 recte
542 1938 595 1956 non
615 1931 689 1962 potui

312 1970 417 1993 Tacens
436 1968 562 1997 nuptias,
586 1966 674 1989 silens
693 1966 789 1995 partus
807 1964 961 1987 luctuosos.

311 2004 415 2026 Verum
435 2002 510 2025 Iovis
526 2006 580 2024 non
600 2000 786 2023 desider-osum
806 1998 950 2027 temptum‚

312 2038 347 2061 Et
366 2042 434 2066 quae
452 2036 579 2065 templum
601 2035 681 2057 habet
700 2038 784 2062 supra
804 2037 863 2054 mea
883 2037 952 2054 saxa
971 2031 1072 2055 Deam.

315 2073 457 2099 Lacusque
475 2070 573 2099 aquosi
591 2067 758 2091 Tritoniadis

315 2107 428 2129 Sacrum
447 2103 541 2132 littus,
575 2107 629 2125 non
648 2101 764 2130 amplius
782 2100 875 2123 celabo
896 2100 1008 2126 lectum,

623 2135 780 2165 pectoribus

317 2174 438 2197 Abluens
456 2170 553 2194 melius
575 2171 687 2194 habebo.

317 2207 431 2231 stillant
448 2205 565 2235 pupulae
583 2203 734 2233 lachrymis
753 2208 838 2226 meae.

316 2241 414 2265 Anima
430 2244 498 2262 vero
517 2239 607 2264 dolet.
631 2238 746 2261 insidias
766 2242 848 2266 passa
1228 2232 1230 2256 ἰ

317 2277 352 2299 Et
371 2275 404 2298 ab
421 2273 590 2303 horninibus,
616 2274 642 2296 et
661 2277 678 2295 a
696 2271 773 2301 Diis,

320 2312 394 2338 Quos
413 2307 555 2331 ostendam

319 2344 463 2366 Lectorum
482 2340 638 2370 proditores
658 2339 794 2369 ingratos

252 2385 320 2415 92³)
340 2385 421 2413 folia]
446 2383 487 2407 sic
507 2381 554 2413 (=
573 2381 666 2411 Eurip.
686 2380 806 2408 πέταλα)
833 2380 914 2404 Editt.
932 2380 1005 2405 1558.
1029 2384 1055 2403 et
1075 2382 1203 2407 reg-eutr:

286 2420 335 2443 Ed.
352 2419 425 2442 1562.
446 2418 501 2443 fila.

252 2459 326 2492 92¹³)
346 2461 486 2488 Mannum]
511 2459 551 2482 sic
575 2460 622 2486 (=
640 2458 731 2488 Eurip.
758 2456 872 2488 χειρῶν)
898 2456 982 2481 Editt.
1008 2457 1080 2481 1558.
1107 2461 1130 2479 et
1159 2463 1204 2478 re-

290 2497 389 2524 eentt.;
416 2494 465 2518 Ed.
483 2493 556 2517 1562.
575 2494 692 2516 Manum.

255 2540 302 2570 93)
323 2540 344 2563 0
363 2538 467 2566 septem
485 2547 517 2551 ——
536 2538 605 2557 tuus.
625 2533 680 2564 (vs,
694 2534 742 2557 881
755 2535 886 2561 -904.)]
907 2534 945 2555 sic
966 2533 1012 2557 Ed.
1038 2533 1126 2559 1562,;
1161 2533 1205 2555 [ιι.

292 2573 383 2597 1558,τ

327 2607 349 2631 0
369 2606 473 2635 septem
493 2603 689 2633 phthongorum
710 2607 813 2625 canens

326 2639 455 2664 citharae
474 2643 584 2664 vocem,
611 2641 732 2665 quaeque
751 2636 855 2659 rustica

325 2675 437 2698 Cornua
449 2670 647 2702 perinanimata
659 2671 773 2693 resonat
783 2671 922 2693 Musarum
938 2670 1054 2698 hymnos
1072 2675 1206 2693 sonoros:
1231 2672 1232 2679 ¹

326 2709 378 2739 Te,
404 2713 418 2730 o
437 2707 560 2731 Latonae
578 2705 632 2733 fili,

1042 2099 1166 2127 quoniam
1186 2103 1201 2120 a

768 106 890 140 pun„
926 106 1038 141 mm„
1072 107 1273 142 sCRtP'rA
1305 90 1639 140 Pfflmmfflcii.

2134 112 2150 143 1
2157 110 2230 145 032

1208 195 1209 202 ¹
1236 191 1309 229 905
1338 192 1395 225 Tu
1412 191 1555 224 interim
1576 189 1709 224 cithara
1731 192 1861 236 clangis

1287 243 1465 275 Paeanam
1489 253 1629 275 canens.

1288 293 1365 326 Heu
1379 300 1431 333 te,
1457 293 1567 325 filium
1585 291 1763 334 Latonae,
1791 295 1973 340 alloquor,

1290 344 1359 389 Qui
1380 343 1521 377 oracula
1545 343 1682 377 sortiris

1289 395 1328 428 In
1347 395 1463 428 aureis
1479 395 1620 428 sedibus
1637 401 1670 427 et

1211 441 1214 487 ξ
1240 447 1313 480 910
1340 446 1473 478 Terrae
1494 446 1619 479 mediis
1637 445 1797 485 sedibus,

1290 496 1372 529 Tibi
1389 509 1511 530 vocem
1530 497 1567 529 in
1585 509 1707 530 aurem
1726 498 1860 530 sonabo
1876 511 1880 530 :

1291 547 1323 580 O
1342 549 1503 592 improbe
1520 548 1747 588 concubitor‚

1293 599 1363 643 Qui
1380 612 1460 632 meo
1477 600 1620 645 quidem
1638 599 1768 632 marito
1788 597 1905 634 Xutho

1292 650 1344 683 De
1363 657 1396 683 te
1411 663 1484 683 non
1503 651 1593 684 bene
1610 651 1737 683 merito

1216 747 1217 753 ἵ
1244 700 1316 734 915
1344 701 1474 735 Filium
1492 701 1692 748 tribuis94);

1295 752 1396 787 Meus
1417 766 1500 786 vero
1517 760 1549 786 et
1565 760 1645 787 tuus
1662 752 1754 786 filius
1772 753 1913 795 ignotus

1295 804 1406 837 Periit
1424 805 1589 849 abreptus
1606 817 1623 837 a
1645 804 1866 842 volucribus,
1895 802 2057 846 proprias

1294 855 1471 889 Fasciolas
1488 857 1610 889 matris
1627 856 1803 888 amittens.

1296 906 1383 940 Odit
1401 913 1434 940 te
1453 906 1579 947 Delus,
1608 913 1639 939 et
1660 906 1750 940 lauri

1247 957 1321 992 920
1349 957 1528 992 Rubentes
1546 958 1638 991 rami
1657 956 1848 995 auricomi,

1301 1008 1367 1040 Ubi
1385 1010 1523 1051 peperit
1541 1009 1681 1042 divinos
1698 1014 1819 1052 partus

1297 1058 1436 1090 Latona
1449 1085 1457 1097 ‚
1483 1060 1612 1092 divinis
1629 1059 1793 1092 manibus
1811 1070 1870 1091 eos
1887 1064 2021 1090 tenens.

1299 1111 1395 1144 Ghor.
1424 1109 1502 1143 Heu
1519 1122 1669 1154 magnus
1685 1107 1870 1143 thesaurus
1879 1107 1924 1153 95)
1943 1113 2085 1151 apertus
2102 1113 2153 1139 est

1298 1160 1500 1200 Malorum,
1541 1167 1689 1205 propter
1722 1171 1812 1205 quae
1838 1159 1916 1204 quis
1941 1158 2077 1192 emittat
2102 1154 2240 1201 lachry-

1654 1210 1793 1253 mas96).

1351 1286 1394 1309 Ad
1413 1286 1483 1308 hunc
1502 1285 1570 1308 diem
1592 1285 1721 1308 incusabo
1733 1301 1739 1307 .

1352 1319 1462 1343 Venisti
1481 1319 1546 1342 mihi
1563 1325 1630 1342 auro
1650 1318 1776 1342 caesarie

1352 1353 1509 1381 Renidens,
1534 1353 1641 1382 quando
1660 1353 1687 1376 in
1710 1353 1786 1376 sinus

1353 1388 1460 1411 Crocea
1478 1387 1545 1410 folia
1565 1387 1684 1410 texturis
1704 1387 1853 1410 meteham.

1353 1422 1390 1445 Ut
1407 1422 1547 1445 variarent
1566 1422 1692 1445 aureolo.

1353 1455 1430 1479 Albis
1450 1461 1518 1478 vero
1535 1455 1683 1479 inhaerens
1704 1455 1775 1478 volis

1353 1491 1498 1520 Mannum⁷
1523 1490 1551 1512 in
1569 1489 1643 1512 antri
1661 1489 1761 1513 cubilia

1353 1524 1540 1549 Clamantem,
1566 1529 1581 1546 o
1600 1525 1704 1552 mater,
1729 1529 1772 1546 me
1789 1522 1910 1546 clamore

1354 1558 1426 1581 Deus
1446 1557 1610 1580 concubinus

1353 1592 1477 1615 Ducebas
1497 1598 1545 1621 per
1563 1591 1772 1621 impudentiam.

1354 1625 1458 1649 Veneri
1476 1626 1645 1656 gratificans.

1354 1660 1435 1683 Pario
1456 1665 1522 1683 vero
1541 1660 1636 1683 infelix
1655 1659 1703 1683 tihi

1355 1694 1470 1724 Filium,
1498 1700 1575 1724 quem
1595 1701 1627 1717 ex
1646 1694 1746 1717 timore
1765 1691 1861 1716 matris

1354 1728 1394 1752 Ad
1415 1728 1503 1751 cubile
1520 1728 1668 1758 proiiciens
1687 1730 1778 1756 tuum,

1355 1762 1405 1786 Ubi
1424 1769 1466 1785 me
1485 1762 1567 1786 lectis
1585 1763 1716 1786 miseram
1736 1761 1847 1786 miseris

1355 1797 1498 1825 copulasti
1518 1797 1656 1822 miseram.

1355 1831 1405 1854 flet
1424 1831 1504 1859 mihi3
1531 1833 1557 1854 et
1576 1837 1646 1853 nunc
1665 1830 1736 1860 perit

1354 1864 1458 1888 Avibus
1480 1864 1603 1893 direptus
1624 1870 1687 1887 esca

1355 1898 1443 1921 Filius
1463 1899 1542 1929 mihi,
1567 1900 1595 1921 et
1614 1900 1677 1921 tuus
1696 1898 1801 1922 infelix,

1285 1943 1334 1970 94)
1352 1940 1466 1969 tribuis]
1486 1940 1527 1964 sic
1545 1940 1594 1964 Ed.
1611 1940 1701 1970 1562.·‚
1734 1940 1792 1964 Fix.
1815 1940 1861 1971 (=
1881 1944 1946 1965 text.
1968 1940 2023 1972 gr.)
2044 1941 2069 1965 in
2093 1941 2178 1965 aedes
2197 1941 2245 1964 de-

1322 1975 1408 1999 ducis.

1287 2018 1334 2044 95]
1354 2016 1516 2044 thesaurus]
1536 2015 1674 2039 Ed.1562.
1692 2015 1789 2039 mendo
1810 2017 1935 2046 (γραεξι-,ε
1962 2017 2118 2041 theusarus.

1287 2059 1334 2090 96)
1353 2060 1392 2082 Tu
1410 2058 1519 2081 interim
1532 2071 1567 2075 ——
1579 2058 1748 2088 lachrymas.
1768 2057 1824 2089 (vs,
1837 2059 2026 2088 905—924.]]
2044 2059 2246 2083 sicEd.1562.:

1357 2129 1395 2151 'l'u
1412 2126 1523 2150 interim
1541 2126 1647 2150 cithara
1666 2127 1822 2157 obstrepis,

1356 2162 1482 2185 Paeanas
1501 2162 1616 2184 cantans

1358 2196 1432 2225 Ohe;
1457 2195 1541 2219 filium
1562 2195 1687 2219 Latonae
1705 2195 1819 2226 loquor,

1358 2229 1410 2258 Qui
1429 2229 1672 2252 oracula-sortiris

1357 2263 1399 2286 Ad
1418 2268 1518 2286 aureas
1537 2263 1635 2293 sede8‚
1661 2264 1688 2286 et

1358 2298 1463 2321 Terrae
1482 2297 1586 2320 medias
1606 2297 1702 2327 sedeS,

1359 2332 1388 2355 ln
1406 2337 1499 2354 aurem
1517 2336 1612 2354 vocem
1630 2331 1762 2355 clamabo.

1359 2366 1403 2394 lo,
1427 2365 1499 2389 male
1517 2365 1632 2395 marite,

1359 2399 1411 2429 Qui
1428 2404 1488 2422 meo
1506 2399 1613 2429 quidem
1630 2405 1752 2430 sponso,

1359 2433 1440 2458 Nullo
1458 2433 1535 2463 prius
1554 2433 1684 2457 beneficio
1703 2434 1835 2461 affectus,

1360 2467 1460 2491 Filium
1478 2467 1507 2490 in
1526 2467 1632 2491 domum
1651 2468 1782 2493 collocas.

1360 2503 1438 2526 Meus
1457 2506 1525 2525 vero
1544 2501 1634 2533 filius,
1662 2504 1688 2525 et
1707 2504 1787 2527 tuuS.
1814 2504 1962 2526 obscurus.

1359 2537 1400 2559 Ab
1417 2534 1514 2559 avibus
1532 2535 1603 2565 perit
1621 2536 1787 2560 dilaniatus.
1813 2538 1936 2567 proprias

1358 2569 1474 2594 Fascias
1493 2569 1589 2593 matris
1608 2573 1777 2599 permutans,

1359 2603 1421 2628 Odit
1440 2605 1467 2626 te
1484 2603 1546 2632 ipsa
1563 2604 1663 2634 Delus,
1682 2605 1709 2628 et
1730 2605 1801 2628 lauri

1359 2638 1461 2661 Ramos
1478 2637 1553 2660 iuxta
1573 2639 1673 2661 rubros
1694 2638 1837 2669 crinitum,

1359 2671 1409 2694 Ubi
1428 2676 1534 2694 sacram
1555 2672 1804 2696 obstetricationem
1823 2673 1968 2702 parturivit

1359 2706 1465 2729 Latona
1483 2705 1630 2729 lovialilms
1649 2707 1677 2729 te
1694 2707 1828 2731 manibus.
