2373 2980
258 116 305 150 71
840 109 962 145 PHlL.
998 107 1113 143 MEL.
1144 107 1345 143 SCRIPTA
1379 106 1715 142 PHILOLOGICA.
2241 115 2290 148 72

258 200 476 245 adspiciunt,
521 206 553 232 et
583 198 700 231 radios
734 202 906 240 spargunt
934 196 970 228 in
999 195 1244 240 praecedentia

258 252 333 284 loca
348 278 356 289 ,
386 251 477 282 vivet
497 256 618 282 natum
637 254 735 280 tanto
753 247 889 291 spatio,
926 253 1080 292 quantus
1105 252 1156 279 est
1181 257 1246 278 nu-

259 315 375 335 merus
393 303 566 345 graduum
586 300 675 331 inter
692 305 962 342 prorogatorem
987 304 1019 330 et
1045 297 1245 342 proximam

258 353 472 388 maleficam,
502 357 552 382 tot
578 349 740 382 videlicet
764 361 922 389 meuses,
949 349 1023 382 dies
1048 348 1104 381 vel
1128 346 1247 387 boras,

258 416 322 447 pro
341 403 447 435 modo
467 408 498 433 ct
518 400 650 433 viribus
668 412 852 434 causarum
873 401 1091 433 nocentium.

360 453 447 486 Cum
466 458 583 485 autem
601 452 778 484 maleficae
794 458 965 496 spargunt
980 450 1098 483 radios
1116 448 1152 481 in
1170 448 1245 480 loca

256 504 375 548 priora
394 502 605 542 luminibus,
634 508 666 535 et
686 503 861 535 beneficae
891 502 926 534 in
951 499 1153 546 sequentia,
1182 510 1247 530 na·-

256 562 309 588 tus
327 553 469 587 durabit
488 560 521 586 et
539 553 644 587 vivet.

357 605 492 639 Rursus
525 616 602 637 cum
634 604 811 636 maleficae
845 603 1030 636 elevantur
1056 612 1163 645 supra
1189 600 1247 631 be-

258 657 404 695 neficas,
444 656 583 699 siguum
616 662 667 688 est
698 654 901 687 detrimenti
937 660 969 686 et
1007 650 1247 686 subiectionis.

256 707 344 740 Cum
361 713 477 740 autem
503 707 678 739 beneficae
701 712 888 749 superant,
922 709 1026 736 natus
1051 702 1144 735 vivet
1171 700 1247 746 qui-

255 759 334 791 dem
347 785 356 797 ,
384 758 442 791 sed
462 757 584 790 alienis
601 757 806 800 parentibus
823 755 985 789 subditus
1002 753 1079 787 erit.

360 808 448 842 Cum
477 816 595 842 autem
622 807 775 840 benefica
804 807 922 852 aliqua
951 811 1012 838 aut
1039 810 1157 837 ortum
1187 808 1248 834 aut

257 860 531 904 adplicatiouem
557 859 713 903 aliquam
740 856 847 890 habet
864 858 908 890 ad
926 855 1064 889 Lunam
1079 881 1087 894 ,
1123 859 1157 886 et
1173 864 1247 884 ma-

258 911 353 943 lefica
387 917 437 944 est
473 911 508 943 in
535 922 681 947 occasu,
716 914 818 942 natus
844 907 1023 941 nutrietur
1048 918 1066 938 a
1092 903 1248 949 parenti-

255 962 319 995 bus
335 961 417 995 suis.

357 1012 490 1045 Eodem
511 1012 618 1043 modo
646 1009 838 1051 iudicetur,
872 1009 900 1043 si
924 1006 1026 1041 multi
1050 1005 1155 1040 simul
1182 1016 1248 1037 na-

256 1070 408 1097 scentur.
477 1061 566 1094 Cum
601 1060 745 1106 aliquod
781 1061 921 1100 lumen,
965 1058 1061 1103 quod
1099 1055 1249 1099 adspicit

255 1120 413 1147 caeteras
431 1113 568 1152 stellas,
605 1112 641 1144 iu
659 1124 784 1145 occasu
813 1118 883 1151 est,
917 1115 1081 1142 nascetur
1107 1105 1248 1140 semivi-

258 1178 339 1198 vum
354 1192 362 1205 ,
391 1171 451 1198 aut
467 1163 629 1196 informis
646 1175 728 1195 caro
747 1168 781 1195 et
803 1162 1008 1195 immatura.
1071 1157 1159 1190 Cum
1187 1168 1248 1189 au-

257 1223 325 1248 tem
347 1215 525 1248 maleficae
545 1214 728 1246 elevantur
744 1225 850 1256 supra
867 1213 988 1245 lumen
1001 1238 1010 1250 ,
1041 1214 1165 1241 natum
1183 1219 1247 1239 nec

257 1267 452 1301 nutrietur.
481 1277 543 1297 nec
560 1264 666 1303 vivet,
690 1263 884 1296 obnoxium
905 1262 1030 1301 causis,
1059 1271 1146 1304 quas
1164 1257 1247 1291 dixi.

608 1367 660 1399 De
675 1367 761 1399 vitae
775 1367 893 1408 spatio.

359 1443 453 1477 Inter
478 1456 537 1483 ea,
574 1454 664 1488 quae
690 1442 962 1475 considerantur
988 1448 1068 1486 post
1092 1447 1249 1486 partum,

256 1495 446 1541 praecipua
472 1494 631 1540 quaestio
657 1499 708 1526 est
732 1493 774 1525 de
797 1493 891 1525 vitae
912 1493 1040 1536 spatio.
1101 1492 1248 1525 Ridicu-

258 1548 330 1580 lum
347 1553 398 1580 cst
415 1546 509 1578 euim
527 1544 762 1589 pronuntiare
779 1544 821 1576 de
840 1543 1000 1577 moribus
1017 1550 1123 1589 atque
1141 1544 1249 1576 actio-

257 1598 361 1631 nibus
394 1597 489 1635 nati,
532 1596 593 1641 qui
625 1608 698 1628 non
721 1600 957 1638 perventurus
982 1601 1033 1628 est
1055 1595 1100 1627 ad
1124 1606 1250 1633 annos,

257 1649 385 1695 quibus
421 1648 577 1680 actiones
603 1647 682 1679 illae
709 1652 921 1689 congruunt.
982 1646 1050 1678 Sed
1075 1643 1161 1678 haec
1184 1646 1251 1678 do·-

258 1700 368 1732 ctriua
388 1710 460 1731 non
487 1705 537 1732 cst
561 1698 729 1741 simplex,
766 1708 829 1728 nec
853 1696 982 1734 sacilis;
1016 1697 1076 1729 sed
1098 1696 1250 1729 sumitur

259 1751 355 1783 varie
373 1762 390 1781 a
408 1749 588 1782 stellarum
610 1747 872 1780 dominantium
895 1747 1166 1791 praerogativis.

359 1800 488 1834 Modus
505 1806 621 1833 autem
644 1798 797 1831 maxime
824 1804 1083 1831 consentaneus
1105 1804 1250 1830 natura-

258 1853 348 1885 libus
365 1851 563 1884 rationibus
589 1856 658 1889 est,
689 1849 749 1894 qui
775 1849 927 1882 sumitur
951 1862 991 1882 ex
1014 1854 1250 1893 prorogatore

259 1910 349 1936 etex
366 1903 592 1935 dominatore
612 1899 876 1944 prorogatoris‚
905 1912 945 1932 ac
964 1912 1086 1933 rursus
1102 1913 1141 1932 ex
1166 1899 1251 1932 locis

260 1961 292 1987 et
310 1954 418 1987 stellis
437 1951 740 1985 interficientibus.

571 2055 619 2086 De
637 2053 703 2086 loco
716 2057 943 2095 proroqatore.

361 2131 521 2163 Primum
554 2129 696 2174 quidem
735 2129 1006 2161 existimandum
1044 2134 1112 2167 est,
1156 2128 1251 2161 locos

261 2187 511 2225 prorogatores
530 2193 623 2219 esse,
653 2180 686 2211 iu
715 2180 841 2224 quibus
865 2185 915 2212 est
941 2179 1038 2212 stella
1064 2185 1250 2222 acceptura

260 2233 457 2265 dominium
483 2231 765 2276 prorogationis:
804 2228 1063 2273 horoscopum,
1100 2242 1117 2261 a
1146 2229 1252 2274 quin-

261 2295 328 2328 que
360 2283 519 2327 partibus
555 2294 660 2327 supra
689 2279 933 2320 horizontem,
967 2293 1078 2325 usque
1101 2281 1143 2312 ad
1171 2280 1252 2312 reli-

261 2346 349 2379 quas
383 2333 539 2379 quinque
573 2341 605 2366 et
640 2333 764 2376 viginti
800 2338 1006 2377 sequentes,
1041 2337 1075 2363 et
1103 2332 1250 2364 domum

261 2385 506 2423 undecimam,
544 2384 596 2417 cui
617 2396 748 2416 nomen
767 2390 817 2416 est
835 2383 957 2416 Bonus
981 2382 1119 2426 genius;
1157 2388 1190 2414 et
1214 2381 1250 2414 in

261 2437 380 2468 dextra
414 2442 511 2479 parte
546 2435 694 2478 adspicit
723 2433 908 2477 hexagono
941 2434 1107 2477 adspectu
1133 2444 1252 2465 ascen-

261 2487 365 2523 dens;
409 2486 491 2518 item
523 2486 676 2518 medium
702 2486 810 2523 coeli,
854 2486 948 2530 quod
980 2484 1154 2529 quadrato
1188 2484 1252 2516 ad-

261 2544 381 2582 spectu
398 2537 588 2570 ascendens
611 2536 784 2572 intuetur;
821 2535 903 2568 item
930 2547 1063 2567 nonam
1090 2535 1251 2574 domum,

262 2588 318 2621 cui
341 2600 473 2621 nomen
495 2594 546 2621 est
569 2587 685 2626 Deus,
722 2598 760 2619 ac
785 2585 926 2629 trigono
950 2587 1117 2630 adspectu
1140 2582 1251 2618 horo-

262 2651 408 2683 scopum
427 2638 592 2683 adspicit;
611 2638 693 2671 item
713 2649 874 2671 occasum
887 2663 896 2677 ,
916 2637 976 2682 qui
996 2636 1181 2681 oppositus
1201 2642 1250 2669 est

261 2687 475 2734 horoscopo.

1404 193 1492 227 Cum
1512 199 1628 226 autem
1647 192 1850 237 quaerimus
1867 194 1904 228 in
1929 193 1983 229 his
2007 196 2093 231 locis
2117 198 2289 241 potentis-

1299 244 1450 283 simum,
1490 243 1627 288 primus
1657 243 1725 276 erit
1754 245 1909 278 medium
1935 247 2039 284 coeli;
2073 249 2200 282 deinde
2225 247 2289 282 ho-

1300 307 1487 339 roscopus;
1540 300 1662 338 postea
1694 295 1880 328 undecima
1915 298 2059 338 domus,
2101 300 2290 334 succedens

1300 346 1418 379 medio
1437 345 1542 383 eoeli;
1572 344 1698 377 deinde
1717 357 1877 385 occasus;
1903 353 2023 391 postea
2041 361 2135 382 noua
2162 351 2289 384 domus

1301 397 1511 429 antecedens
1527 395 1684 428 medium
1703 396 1803 430 coeli.

1402 447 1494 481 Nam
1517 446 1637 479 onmia
1654 446 1729 479 loca
1747 447 1810 480 sub
1837 455 1927 480 terra
1954 450 2186 492 probabiliter
2208 451 2290 484 reii-

1301 497 1423 537 cimus,
1450 498 1544 542 quod
1564 498 1608 530 ad
1624 494 1716 530 hanc
1731 504 1941 542 potestatem
1959 500 2102 539 attinet;
2128 513 2192 534 nec
2207 513 2290 546 pro-

1299 549 1444 588 bamus,
1471 548 1539 581 nisi
1563 560 1624 588 ea,
1653 560 1743 593 quae
1767 561 1873 593 supra
1898 555 2030 584 terram
2057 552 2292 586 ascenderunt

1301 605 1407 644 atque
1431 605 1617 643 apparent.
1683 597 1758 632 Imo
1783 612 1847 632 nee
1871 600 1986 633 locum
2013 614 2119 646 supra
2145 609 2291 644 terram,

1302 650 1363 695 qui
1388 662 1461 682 non
1486 649 1636 693 adspicit
1659 652 1870 690 ascendens,
1904 653 1962 684 sed
1991 653 2124 686 otiosus
2149 653 2292 694 dicitur,

1301 712 1479 733 assumere
1495 701 1656 744 prodest;
1691 713 1755 733 nec
1772 701 2040 743 duodecimam,
2076 716 2165 748 quae
2188 717 2291 738 voca-

1302 758 1361 784 tur
1373 751 1490 784 Malus
1509 751 1649 795 genius,
1677 751 1760 796 quia
1778 752 1906 792 stellas,
1934 765 2025 798 quae
2043 754 2086 787 ab
2105 752 2291 788 horizonte

1301 808 1567 846 processerunt,
1596 802 1755 836 turbidas
1783 803 1916 843 reddit,
1952 810 1986 836 et
2013 805 2057 838 ab
2081 806 2211 849 angulo
2236 817 2292 838 ca-

1302 853 1371 891 dit;
1405 859 1439 886 et
1457 865 1536 886 cum
1558 851 1722 886 exhalent
1739 853 1775 886 in
1793 866 1872 887 eum
1891 866 1932 887 ex
1949 860 2042 888 terra
2060 867 2210 900 vapores
2226 854 2292 890 hu-

1302 904 1408 944 midi,
1433 903 1532 937 densi
1551 910 1585 936 et
1602 904 1805 948 caliginosi,
1838 911 1986 949 propter
2007 919 2096 951 quos
2111 919 2176 940 nec
2193 907 2293 940 color

1301 967 1365 988 nec
1381 955 1589 998 magnitudo
1606 955 1787 988 stellarum
1807 956 1963 1000 conspici
1979 963 2105 1000 potest.
2152 957 2291 991 Deinde

1301 1017 1386 1038 vero
1418 1007 1461 1038 ad
1494 1013 1765 1050 prorogatorem
1790 1007 2008 1040 adsumenda
2033 1013 2114 1041 sunt
2137 1015 2292 1054 quatuor

1302 1056 1492 1100 praecipua
1511 1056 1608 1096 loca,
1636 1056 1800 1089 videlicet
1816 1057 1924 1097 Solis,
1951 1057 2095 1098 Lunae,
2122 1056 2292 1093 horosco—

1301 1119 1385 1151 pus,
1412 1118 1493 1150 pars
1509 1107 1695 1147 fortunae,
1722 1105 1900 1140 ethorum
1922 1109 2178 1142 dominatores.

1615 1193 1669 1224 De
1692 1196 1789 1233 parte
1812 1190 1983 1233 fortunae.

1404 1257 1529 1291 Sumes
1558 1263 1675 1290 autem
1713 1263 1850 1301 partem
1886 1258 2051 1290 fortunae
2086 1271 2104 1290 a
2140 1271 2293 1293 numero

1302 1309 1477 1353 graduum
1498 1308 1554 1341 die
1573 1314 1607 1341 et
1622 1314 1744 1347 nocte,
1772 1320 1791 1340 a
1810 1308 1891 1341 Sole
1911 1308 1955 1340 ad
1975 1307 2135 1349 Lunam,
2170 1310 2219 1343 sic
2242 1310 2294 1343 vi-

1302 1359 1445 1399 delicet,
1480 1366 1538 1399 ut,
1574 1365 1750 1403 quantum
1775 1358 1908 1391 distant
1928 1358 1988 1391 Sol
2013 1364 2046 1391 et
2061 1357 2184 1400 Luna,
2216 1366 2295 1393 tan-

1303 1417 1378 1443 tum
1405 1409 1598 1443 constituas
1622 1409 1850 1442 intervallum
1877 1408 1969 1442 inter
1990 1406 2233 1454 horoscopum
2259 1417 2295 1445 et

1302 1467 1440 1505 partem
1465 1461 1649 1499 fortunae,
1687 1460 1783 1492 iuxta
1807 1459 2064 1493 successionem
2089 1461 2294 1505 signorum;

1303 1524 1342 1544 ac
1359 1511 1420 1545 ubi
1436 1511 1515 1544 finis
1534 1510 1601 1543 erit
1618 1511 1691 1543 eius
1706 1510 2002 1554 computationis,
2028 1511 2056 1544 is
2072 1513 2203 1555 gradus
2220 1513 2295 1546 eius

1303 1563 1412 1607 signi,
1441 1569 1474 1595 et
1490 1562 1518 1595 is
1536 1562 1634 1594 locus
1661 1561 1726 1594 erit
1749 1573 1830 1605 pars
1852 1562 2028 1595 fortunaei
2089 1562 2206 1606 Quem
2230 1563 2295 1607 igi-

1303 1621 1362 1647 tur
1378 1613 1532 1657 positum
1551 1610 1726 1645 babetSol
1744 1613 1785 1644 ad
1804 1609 2047 1652 horizontem,
2074 1610 2169 1646 hunc
2188 1611 2295 1647 habet

1304 1671 1338 1697 et
1353 1664 1455 1697 Luna
1476 1665 1520 1696 ad
1544 1670 1680 1707 partem
1706 1663 1894 1702 fortunae,
1928 1669 1963 1695 et
1989 1663 2055 1695 erit
2080 1675 2162 1707 pars
2182 1665 2294 1697 fortu-

1303 1728 1370 1749 nae
1386 1715 1540 1748 Lunaris
1558 1713 1790 1757 horoscopus.
1844 1713 2072 1746 Considerari
2094 1720 2212 1747 autem
2235 1716 2294 1748 (le-

1304 1768 1362 1799 bet
1374 1793 1382 1806 ,
1409 1767 1505 1811 quod
1523 1766 1644 1798 lumen
1660 1770 1830 1809 sequatur
1845 1764 1997 1796 alterum
2011 1764 2046 1796 in
2073 1765 2294 1798 successione

1304 1818 1501 1861 signorum.
1555 1815 1591 1849 Si
1608 1815 1702 1848 enim
1725 1814 1827 1847 Luna
1853 1814 2013 1859 sequitur
2029 1815 2146 1848 Solem
2172 1828 2296 1849 secun-

1305 1870 1389 1901 dum
1406 1867 1662 1901 successionem
1687 1865 1890 1909 signorum,
1925 1872 2134 1899 numeretur
2156 1873 2189 1899 et
2213 1879 2296 1911 pars

1304 1920 1471 1952 fortunae
1492 1919 1535 1951 ab
1558 1916 1781 1960 horoscopo,
1817 1918 2011 1949 secuudum
2037 1918 2294 1951 successionem

1304 1971 1501 2014 signorum.
1554 1970 1620 2001 Sed
1638 1968 1666 2001 si
1683 1967 1783 2000 Luna
1803 1968 1978 2000 antecedit
1998 1968 2136 2007 Solem,
2171 1980 2296 2002 nume-

1306 2028 1404 2054 retur
1422 2027 1456 2054 et
1472 2032 1554 2065 pars
1570 2021 1734 2052 fortunae
1755 2019 1799 2050 ab
1815 2016 2016 2062 horoscopo
2028 2045 2037 2058 ,
2072 2024 2194 2051 contra
2212 2022 2296 2060 {suc-

1305 2084 1496 2105 cesslonem
1514 2071 1708 2114 signorum.

1406 2121 1580 2155 Fortassis
1612 2126 1729 2153 autem
1766 2119 1858 2151 idem
1884 2117 1950 2151 boc
1975 2119 2068 2151 valet
2092 2121 2187 2163 apud
2211 2121 2295 2153 scri-

1305 2181 1462 2218 ptorem,
1497 2177 1605 2206 noctu
1630 2171 1721 2203 natis
1745 2182 1762 2202 a
1782 2169 1882 2203 Luna
1903 2171 1947 2202 ad
1966 2169 2082 2202 Solem
2103 2182 2296 2204 numeran-

1305 2227 1390 2258 dmn
1414 2236 1506 2263 esse,
1547 2228 1581 2255 et
1608 2228 1749 2255 econtra
1776 2221 1819 2253 ab
1845 2219 2044 2264 horoscopo
2071 2228 2192 2254 contra
2219 2234 2294 2255 suc-

1304 2275 1496 2309 cessionem
1522 2274 1724 2318 signorum:
1759 2272 1807 2305 sic
1835 2272 1929 2304 idem
1961 2272 2027 2304 erit
2056 2272 2154 2306 locus
2183 2274 2295 2316 partis

1305 2328 1467 2360 fortunae
1479 2352 1488 2363 ,
1515 2331 1546 2357 et
1563 2326 1684 2358 eadem
1702 2323 1794 2356 ratio
1809 2323 1944 2367 positus
1963 2323 2175 2357 invenietur.

1575 2410 1658 2450 Quot
1681 2410 1750 2441 sint
1773 2412 2018 2451 proroyuiores.

1406 2477 1563 2511 Interdiu
1583 2476 1643 2509 Sol
1661 2476 1908 2509 anteferendus
1933 2482 2001 2515 est,
2034 2475 2062 2507 si
2086 2480 2206 2507 tamen
2227 2474 2295 2508 erit

1305 2530 1342 2563 in
1368 2529 1453 2563 locis
1476 2527 1746 2580 prorogatoriis.
1815 2526 1882 2559 Sed
1906 2526 1933 2559 si
1959 2537 2032 2558 non
2058 2525 2126 2557 erit
2149 2525 2184 2558 in
2207 2525 2294 2559 locis

1304 2579 1582 2625 prorogatoriis,
1609 2577 1710 2611 Luna
1728 2583 1900 2610 sumatur.
1951 2577 2014 2610 Sin
2037 2582 2154 2609 autem
2178 2587 2294 2622 neque

1303 2630 1395 2665 hanc
1410 2642 1548 2665 sumere
1565 2641 1771 2674 possumus,
1798 2628 1959 2672 planetas
1974 2627 2124 2666 sumito,
2151 2627 2212 2673 qui
2230 2639 2295 2672 po-

1303 2683 1430 2716 tiorem
1448 2680 1581 2715 habent
1598 2680 1772 2714 rationem
1793 2678 1962 2719 dominii,
1991 2679 2137 2712 collatos
2165 2679 2208 2711 ad
2229 2690 2294 2722 po·
