2373 2980
245 120 293 154 75
824 117 944 151 PHlL.
979 116 1090 151 MEL.
1125 116 1325 150 SCRIPTA
1365 114 1700 150 PHlLOLOGlCA.
2234 117 2282 151 76

245 205 513 251 aequinoctialis
532 203 650 236 circuli
669 203 835 245 gradibus
852 203 894 235 sit
918 203 1013 236 locus
1033 203 1154 235 stellae
1181 203 1235 235 xel

245 259 376 299 figurae
411 255 589 299 sequentis
625 254 659 285 in
695 252 832 295 genesi,
882 255 925 285 ad
954 255 1233 297 praecedentem.

244 307 334 341 Ram
360 307 479 338 circuli
510 303 828 348 aequinoctionalis
855 310 1014 347 tempora
1039 305 1234 350 aequaliter

244 356 465 390 horimutem
487 363 517 387 et
538 354 772 386 =m==-idi.··nn=n
791 362 1022 397 percurrunt,
1051 362 1084 387 et
1109 356 1152 386 ab
1181 353 1232 387 his

245 407 440 452 aequaliter
455 405 543 438 sinui
562 411 709 448 possunt
725 405 979 448 elongationes.
1010 405 1232 438 Conuenien-

244 466 296 491 ter
310 464 426 489 autem
446 469 509 499 pro
527 455 684 500 quolibet
701 457 812 498 gradu
828 468 944 488 sumes
957 469 1066 489 unum
1084 468 1230 488 anunm.

347 508 499 551 Quando
518 506 623 549 igitur
642 506 675 538 in
695 507 770 550 ipso
792 507 938 539 orientis
960 507 1101 539 cardine
1126 506 1231 537 suerit

242 565 455 602 prorogator
472 564 505 590 et
520 558 616 590 locus
633 558 862 600 praecedens,
888 557 1054 589 convenit
1071 557 1229 598 accipere

244 616 404 652 tempora
430 608 698 652 aequinoctialis
721 607 913 639 coorientia
941 620 1018 639 cnm
1047 613 1120 638 toto
1146 617 1229 638 arcu

242 659 399 694 Zodiaci,
427 659 487 703 qni
504 658 726 702 prorogaturi
747 664 778 689 et
797 657 1013 689 interfectori
1031 656 1228 688 intercedit.

242 710 313 742 Tot
341 710 433 741 enim
460 710 519 742 ubi
542 709 788 752 praeterierint
807 715 966 750 tempora
985 706 1228 751 aequinoctia-

242 761 302 797 lis,
338 760 540 792 interfector
566 760 608 791 ad
637 760 751 791 locum
778 758 1040 801 prorogatoris‚
1075 755 1142 789 hoc
1166 763 1228 796 est,

242 812 286 843 ad
303 811 480 842 cardinem
499 809 644 841 orientis
664 809 833 852 pervenit.
887 808 1042 851 Quando
1065 808 1101 840 in
1125 807 1227 839 meri-

241 862 385 894 dianum
421 867 632 904 prorogator
661 858 846 896 inciderit,
894 870 934 890 ex
965 858 1228 891 ascensionibus

241 910 412 955 sphaerae
445 917 557 943 rectae
590 910 742 942 eruenda
765 915 847 941 sunt
872 915 1031 952 tempora
1057 910 1227 954 aequino-

241 963 372 998 ctialis,
415 974 503 1005 quae
527 973 603 993 cum
633 959 762 992 confini
785 959 929 991 Zodiaci
955 972 1039 992 arcu
1063 960 1227 992 meridia-

242 1025 326 1046 num
352 1009 682 1055 praetemeluimur.
751 1009 787 1041 Si
819 1022 903 1042 vero
929 1011 1109 1043 cardinem
1137 1010 1226 1043 oeci-

241 1065 348 1096 duum
370 1062 539 1100 tenuerit,
568 1073 606 1092 ea
625 1061 794 1094 sumenda
813 1067 982 1105 tempora*
996 1068 1098 1100 sunt,
1136 1073 1226 1106 qnae

241 1127 318 1146 cum
347 1125 431 1144 arcu
455 1112 642 1145 distantiae
667 1111 911 1155 prorogatoris
933 1118 967 1144 et
993 1112 1227 1144 interfectoris

241 1170 467 1206 merguntur,
510 1160 575 1194 hoc
601 1168 672 1201 est,
713 1174 803 1206 quae
835 1174 913 1195 cum
947 1163 1112 1206 opposito
1148 1174 1227 1194 eve-

241 1214 383 1247 huntur.

339 1265 385 1295 At
403 1263 431 1296 si
448 1263 544 1295 locus
568 1264 780 1307 praecedens
801 1263 838 1295 in
861 1261 914 1296 liis
940 1263 1050 1296 tribus
1074 1263 1227 1295 cardini-

238 1316 301 1347 bus
326 1326 398 1346 non
420 1313 593 1352 extiterit,
628 1314 686 1346 sed
712 1313 749 1345 in
771 1314 883 1357 spatia
913 1315 1029 1346 inedia
1052 1313 1227 1353 inciderit,

237 1377 309 1399 non
328 1372 490 1408 tempora
510 1365 780 1398 ascendentibus
797 1365 966 1404 arcubus,
1002 1371 1063 1397 aut
1085 1365 1228 1397 descen-

236 1416 420 1455 dentibus,
454 1421 516 1447 ant
542 1415 629 1447 coeli
654 1416 793 1448 culmen
818 1415 1125 1459 praetereuntibus
1145 1426 1227 1447 con-

236 1466 417 1511 gruentia,
440 1472 645 1511 sequentem
664 1466 780 1498 locum
807 1467 851 1497 ad
875 1467 1142 1509 praecedentem
1169 1466 1227 1498 de-

237 1519 385 1555 ducent,
413 1518 472 1549 sed
492 1516 642 1550 diversa.
703 1516 836 1549 Similis
853 1516 945 1549 enini
967 1523 1001 1549 et
1018 1516 1111 1549 idem
1129 1516 1227 1549 locus

236 1575 305 1607 est,
334 1568 393 1612 qni
410 1567 561 1600 similem
587 1573 620 1599 et
645 1567 681 1598 in
707 1567 829 1600 iisdem
853 1567 1013 1610 partibus
1034 1567 1139 1600 situm
1165 1564 1228 1599 ha-

235 1620 313 1657 bet,
349 1625 382 1650 et
406 1619 449 1650 ad
475 1616 696 1651 horizontem
725 1624 758 1650 et
782 1619 826 1650 ad
846 1618 1097 1650 meridianum.
1150 1617 1227 1649 Hoc

236 1682 320 1702 vero
337 1669 498 1712 proxime
520 1668 646 1701 accidit
662 1666 734 1707 his,
763 1668 825 1713 qui
841 1669 972 1701 cadunt
989 1668 1025 1700 in
1040 1680 1151 1701 unum
1167 1666 1227 1700 he-

237 1719 458 1764 micyclium,
486 1731 668 1763 exgenere
687 1731 830 1759 eorum,
867 1732 956 1764 qnae
982 1731 1044 1762 per
1070 1731 1229 1751 commu-

238 1784 300 1804 nes
322 1768 516 1803 horizontis
538 1772 577 1803 *et
605 1770 793 1802 meridiani
827 1770 999 1803 sectiones
1031 1770 1226 1802 ducuntur:

236 1834 327 1867 quae
344 1818 548 1865 hemicyclia
570 1821 710 1865 aequali
733 1820 825 1853 inter
842 1833 876 1854 se
896 1820 1060 1854 distantia
1075 1846 1085 1860 ‚
1117 1817 1227 1852 horae

235 1872 404 1905 nimirum
425 1871 580 1916 aequalis
599 1872 713 1915 spatio
731 1871 911 1904 dissident.
963 1871 1142 1914 Perpetuo
1168 1882 1228 1903 au·

237 1929 307 1956 tem
335 1923 378 1954 ad
403 1922 545 1955 illorum
575 1920 867 1966 heinicycliorum
895 1923 1155 1966 quodcunque,
1195 1927 1228 1953 et

234 1971 458 2006 horizontem
493 1974 537 2005 ad
566 1972 816 2005 meridianum.
884 1973 1068 2016 Aequator
1103 1972 1227 2004 eodem

236 2026 345 2057 modo
364 2024 573 2063 inclinatur,
601 2024 747 2067 perinde
771 2035 810 2055 ac
833 2022 861 2055 si
885 2023 975 2054 circa
1002 2022 1079 2055 illas
1104 2022 1228 2055 sectio-

236 2087 297 2108 nes
323 2081 588 2107 converteretur
605 2074 664 2119 ²⁰).
731 2074 873 2105 Zodiaci
901 2080 1019 2116 partes
1044 2079 1164 2105 contra
1196 2079 1229 2105 et

237 2132 376 2159 mutant
397 2138 497 2158 suain
523 2126 567 2157 ad
593 2126 830 2170 quodcunque
855 2122 1102 2168 hemicyclium
1129 2122 1228 2155 habi-

271 2232 320 2258 20)
340 2231 475 2260 Perpetuo
500 2230 588 2251 autem
613 2227 648 2251 ad
674 2227 781 2250 iliorum
801 2239 833 2243 —
853 2227 1088 2253 convertet-etun]
1115 2225 1153 2248 sie
1180 2225 1227 2248 Ed.

310 2265 383 2288 ¹553.
413 2264 459 2286 {lic
478 2264 554 2286 locus
580 2264 725 2291 corruptus
752 2267 813 2284 esse
838 2261 901 2284 milii
927 2261 1042 2283 videtur.
1080 2260 1228 2282 Ptolemaei

308 2299 390 2321 verba
408 2299 472 2320 haec
491 2298 570 2319 sunt:
597 2293 685 2325 ὥςπερ
704 2293 740 2318 ἄν
758 2293 919 2326 περιάγητιιι
938 2292 1000 2325 περὶ
1019 2290 1067 2320 mig
1085 2292 1229 2324 εἰρηλιιένας

306 2330 410 2362 τομάς,
437 2330 541 2361 ἔρχεται
561 2327 614 2361 μὲν
635 2328 683 2353 ἐπὶ
701 2327 751 2358 τήν
769 2327 854 2358 ‹u'vrrjv
873 2328 967 2355 θέσιν,
992 2326 1038 2350 καὶ
1055 2327 1092 2359 τῷ
1111 2326 1229 2358 ὁριζοντι

308 2364 353 2389 καὶ
373 2365 409 2396 τῷ
431 2363 620 2396 μεσημβρινῷ,
656 2364 763 2393 Aegidii
789 2363 930 2387 Tebaldini
956 2362 1050 2385 versio
1075 2364 1098 2385 ii.
1119 2362 1137 2386 l.
1162 2363 1228 2385 haec

308 2401 403 2423 habet:
440 2399 553 2427 „Qnum
577 2400 667 2421 autern
692 2398 734 2420 hic
761 2397 948 2421 semicirculus
969 2396 1120 2426 praefatum
1141 2396 1228 2419 locum

307 2439 473 2457 communem
493 2432 748 2460 circumrotaverit,
779 2433 833 2455 erit
859 2432 916 2455 eius
943 2430 1043 2460 positio
1069 2430 1228 2459 quandoque

309 2468 378 2490 sicut
407 2466 505 2496 positio
533 2465 723 2495 hemispherii,
755 2466 915 2495 quaudoque
937 2470 1003 2488 vero
1028 2465 1099 2487 sicut
1126 2464 1226 2493 positio

310 2501 404 2525 circuli
424 2500 502 2523 medii
522 2497 602 2523 diei.’‘
640 2500 755 2529 Gogava
767 2501 835 2523 hunc
849 2500 936 2523 locum
950 2505 991 2522 sic
1005 2498 1103 2521 vertit:
1124 2504 1227 2528 „cuin-

311 2541 362 2564 que
380 2534 589 2557 circumducitur
608 2534 681 2556 circa
699 2534 787 2556 dictas
807 2534 960 2562 sectiones,
985 2534 1013 2556 in
1031 2532 1146 2556 eundem
1168 2532 1228 2561 qui-

309 2571 367 2592 dem
388 2569 468 2591 sitnm
489 2568 581 2590 incidit
601 2574 659 2590 cuin
679 2568 787 2590 finitorc
813 2570 839 2591 et
866 2565 1049 2591 meridiano.”
1092 2567 1227 2590 Fortasse

309 2604 348 2626 nie
369 2602 604 2631 interpretationis
625 2602 687 2625 Mei.
707 2602 781 2623 torus
806 2603 844 2624 siv
870 2605 911 2624 est
938 2601 1098 2624 mutandus:
1124 2600 1227 2629 Perpe-

309 2642 354 2660 tuo
387 2639 477 2660 autem
504 2636 612 2658 illorum
638 2636 860 2664 hemicycuorum
890 2636 1068 2665 quodcunque
1092 2635 1127 2658 ad
1152 2634 1227 2657 hori-
1251 2633 1256 2669 Ι
1279 2632 1516 2677 septendecim
1535 2632 1730 2674 graduum,
1758 2637 1836 2663 octo
1851 2631 2113 2675 scrupulorum,

1251 2672 1255 2702 l
1281 2690 1338 2717 tur
1357 2690 1474 2717 autem
1490 2683 1606 2728 primo
1624 2682 1763 2714 initium
1784 2681 1912 2715 Arietis
1925 2708 1934 2720 ,
1962 2689 2000 2715 ut
2017 2682 2105 2715 coeli
2129 2681 2269 2715 culmen

309 2674 416 2694 zontein
444 2673 471 2693 et
494 2670 528 2692 ad
554 2670 732 2692 meridianum
757 2670 907 2700 aequaliter
932 2671 1025 2693 eudem
1045 2670 1125 2693 inodo
1144 2669 1227 2691 incli-

308 2708 405 2734 natur,
434 2704 545 2734 perinde
565 2709 596 2727 ac
614 2704 635 2726 si
655 2705 727 2727 cirea
748 2704 810 2727 inas
828 2704 966 2727 sectiones
985 2705 1202 2727 converteretur.

1290 202 1469 240 tudinem,
1506 207 1539 232 et
1567 199 1813 244 inaequalibus
1842 200 2061 243 temporibus
2090 201 2279 246 utrobique

1285 258 1479 285 transeunt.
1529 249 1738 294 Eodemque
1757 251 1862 282 niodo
1879 250 1915 282 in
1933 263 2180 296 quemcunque
2198 263 2279 296 par-

1285 309 1354 334 tem
1372 315 1388 333 a
1409 300 1611 333 cardinibus
1630 307 1843 343 prorogator
1859 301 1984 341 distet,
2018 308 2178 346 tempore
2204 314 2279 336 non

1284 352 1422 396 aequali
1441 349 1526 383 haec
1548 349 1842 393 praetervehitur.
1906 351 2022 384 Unam
2050 359 2168 386 tamen
2193 365 2277 386 con-

1283 403 1467 435 stituemus
1494 401 1605 440 viam,
1642 414 1710 446 qna
1737 401 1809 434 sive
1833 407 1956 435 tortum
1994 404 2147 437 tenuerit
2180 404 2277 440 locus

1283 453 1515 496 praecedens,
1558 452 1629 485 sive
1662 465 1845 492 occasum,
1881 452 1954 485 sive
1986 454 2075 486 coeli
2106 455 2276 497 medium,

1282 503 1354 535 sive
1371 503 1478 535 alium
1497 514 1743 549 quemcunque
1756 501 1810 536 his
1825 503 2027 537 cardinibus
2042 504 2276 547 interiectum,

1283 565 1450 586 numerus
1477 560 1678 596 temporum
1711 554 2000 599 aequinoctialis,
2042 556 2103 600 qui
2133 568 2275 600 praece-

1282 604 1422 637 dentem
1456 605 1570 636 locnm
1603 605 1646 637 ad
1673 611 1879 650 sequentem
1913 606 2082 645 deducat,
2123 619 2275 652 propor-

1283 655 1378 687 tione
1398 655 1521 687 coufici
1538 652 1658 698 possit.
1711 657 1900 699 Assumpta
1922 657 2014 689 enim
2029 657 2174 690 Zodiaci
2192 670 2274 702 par-

1281 711 1335 745 te,
1364 718 1452 750 quae
1470 706 1507 738 in
1525 706 1641 738 medio
1661 707 1750 739 coeli
1768 713 1837 745 est,
1867 708 2016 752 locoque
2040 710 2272 751 praecedente

1281 762 1314 788 et
1332 763 1517 801 sequente:
1547 756 1700 800 primum
1719 757 2041 798 considerabimus,
2069 765 2157 803 quot
2175 757 2272 794 horis

1281 807 1526 852 inaequalibus
1544 808 1635 840 absit
1653 820 1671 839 a
1696 807 1893 841 meridiano
1919 808 2017 841 locus
2045 811 2271 852 praecedens.

1281 857 1352 890 Has
1377 858 1600 900 colligemus,
1632 858 1659 891 si
1683 859 1861 901 partium,
1900 871 1991 903 quae
2021 859 2099 892 loco
2130 872 2272 904 praece-

1280 909 1378 941 denti
1397 915 1429 941 et
1446 908 1562 940 medio
1581 909 1670 940 coeli
1685 921 1790 953 supra
1809 909 1863 942 vel
1887 909 1978 942 iufra
2003 915 2134 942 terram
2161 910 2270 944 inter-

1280 960 1429 999 cedunt,
1458 959 1678 992 ascensiones
1692 967 1803 994 rectas
1820 971 2001 999 eruemus,
2024 967 2057 993 et
2072 958 2136 994 has
2151 961 2271 995 distri-

1279 1010 1427 1043 buemns
1450 1010 1485 1042 iu
1512 1016 1670 1053 tempora
1695 1010 1995 1055 Aequinoctialis,
2038 1023 2129 1056 quae
2158 1023 2268 1046 unam

1281 1058 1407 1092 horam
1426 1056 1647 1105 inaequalem
1667 1062 1872 1099 metiuntur,
1888 1067 1922 1093 et
1937 1062 2157 1095 constituunt
2171 1062 2269 1096 diur-

1280 1123 1384 1150 nam,
1424 1111 1453 1143 si
1481 1122 1586 1154 supra
1620 1117 1751 1144 terram
1782 1112 1887 1145 fuerit
1909 1112 2007 1145 locus
2036 1114 2268 1156 praecedens;

1280 1167 1512 1200 nocturnam,
1554 1161 1583 1194 si
1613 1161 1703 1193 iufra
1740 1160 1885 1194 horaria
1919 1168 2081 1206 tempora
2113 1174 2153 1196 ex
2186 1175 2271 1196 arcu

1280 1210 1348 1243 loci
1369 1211 1611 1254 praecedentis
1628 1223 1891 1254 cognoscemus,
1945 1212 2082 1245 Deinde
2099 1215 2270 1258 quoniam

1280 1262 1446 1305 Signiferi
1464 1273 1584 1300 arcus,
1613 1262 1674 1306 qui
1690 1262 1814 1295 iisdem
1829 1263 2076 1306 inaequalibus
2097 1261 2195 1297 horis
2220 1264 2273 1297 di-

1280 1319 1375 1346 stant
1392 1325 1410 1344 a
1427 1312 1647 1351 meridiano,
1681 1313 1745 1345 sub
1768 1325 1839 1346 uno
1865 1314 2062 1358 eodemque
2087 1314 2272 1348 continen-

1281 1370 1338 1396 tur
1370 1363 1634 1406 praedictorum
1666 1363 1898 1402 circulorum,
1938 1363 2089 1396 scrutari
2118 1371 2273 1409 oportet,

1281 1419 1369 1458 quot
1385 1413 1614 1458 requirantur
1630 1419 1791 1457 tempora
1800 1413 2092 1458 Aequinoctialis‚
2115 1416 2159 1447 de
2175 1426 2273 1456 arcu,

1281 1464 1342 1509 qui
1359 1464 1514 1497 succedit
1530 1463 1729 1496 meridiano
1741 1491 1751 1504 ,
1785 1471 1823 1498 ut
1844 1470 1896 1497 tot
1912 1464 2145 1498 conficiantur
2161 1463 2272 1499 horae

1280 1515 1505 1560 inaequales,
1539 1520 1627 1560 quot
1641 1512 1739 1548 horis
1757 1516 1971 1558 praecedens
1990 1515 2088 1549 locus
2105 1516 2273 1549 meridia-

1281 1578 1366 1598 num
1384 1565 1576 1602 antecedit3
1605 1570 1814 1610 tantumque
1834 1566 1879 1599 sit
1894 1566 2119 1600 intervallum
2136 1567 2205 1599 loci
2219 1579 2274 1600 se·-

1282 1616 1421 1661 quentis
1439 1628 1456 1648 a
1476 1614 1695 1654 meridiano,
1724 1623 1896 1660 quantum
1916 1617 2171 1660 praecedentis.
2209 1617 2273 1651 His

1281 1664 1566 1710 comprehensis,
1593 1665 1882 1709 investigabimus
1900 1679 2021 1701 rursus
2037 1680 2078 1700 ex
2099 1668 2273 1702 ascensio-

1282 1717 1385 1750 nibus
1414 1715 1586 1761 sphaerae
1617 1722 1750 1757 rectae,
1793 1725 1881 1762 quot
1903 1718 2123 1762 temporibus
2140 1718 2273 1764 Aequi-

1282 1768 1444 1801 noctialis
1474 1780 1556 1812 pars
1587 1778 1738 1812 sequens
1767 1770 1960 1802 secundum
1994 1780 2117 1802 verum
2144 1775 2178 1802 et
2200 1770 2274 1814 pri·

1282 1832 1378 1852 mum
1397 1820 1523 1858 situm,
1551 1818 1594 1850 ab
1610 1819 1734 1850 eodem
1752 1819 1950 1852 meridiano
1974 1819 2097 1859 distet,
2131 1825 2165 1853 et
2185 1826 2275 1865 quot

1281 1868 1367 1902 haec
1384 1867 1492 1903 horas
1515 1869 1719 1913 inaequales
1735 1869 1913 1913 prioribus
1931 1868 2029 1903 horis
2045 1871 2156 1914 partis
2171 1882 2274 1914 prae-

1282 1920 1436 1954 cedentis
1467 1920 1632 1965 aequales
1662 1920 1890 1954 constituant.
1958 1920 2121 1954 Tandem
2154 1921 2274 1954 multi-

1282 1970 1491 2015 plicabimus
1521 1969 1585 2004 has
1618 1969 1711 2013 ipsas
1744 1968 1851 2004 horas
1881 1983 2024 2016 quoque
2059 1971 2097 2004 in
2127 1969 2273 2005 horaria

1282 2029 1442 2066 tempora
1467 2021 1577 2065 partis
1599 2021 1796 2064 sequentis,
1825 2020 2031 2065 (assumptis
2055 2019 2153 2056 horis
2176 2022 2275 2056 diur-

1282 2074 1354 2113 nis,
1383 2074 1526 2118 quando
1545 2073 1582 2104 fit
1599 2071 1741 2104 collatio
1759 2073 1802 2104 ad
1823 2072 1978 2104 medium
1997 2072 2102 2110 coeli;
2130 2079 2274 2106 noctur-

1281 2125 1355 2163 nis,
1399 2125 1542 2169 quando
1569 2123 1612 2153 ad
1640 2122 1749 2155 imum
1779 2123 1884 2168 coeli)
1911 2123 2111 2155 differentia
2137 2129 2274 2168 tempo-

1282 2187 1360 2207 rum
1384 2174 1567 2218 utriusque
1595 2173 1782 2206 distantiae
1807 2175 1967 2206 ostendet
1991 2174 2188 2219 quaesitam
2212 2185 2274 2207 an-

1282 2238 1410 2259 norum
1431 2224 1707 2257 multitudinem.

1674 2309 1887 2351 Exemplum.

1385 2377 1451 2417 Ut,
1479 2376 1574 2421 quod
1592 2374 1756 2414 diximus,
1785 2376 1845 2408 fiat
1863 2376 2072 2415 evidentius,
2098 2375 2142 2409 sit
2157 2387 2274 2408 exem-

1281 2428 1330 2472 pli
1347 2439 1448 2461 causa
1468 2427 1565 2459 locus
1583 2427 1795 2470 praecedens
1812 2426 2026 2470 principium
2045 2426 2192 2466 Arietis,
2219 2438 2272 2460 se-

1281 2491 1392 2524 quens
1424 2477 1638 2523 principium
1669 2476 1925 2517 Geminorum,
1970 2477 2090 2521 regin,
2132 2477 2170 2509 in
2200 2489 2272 2522 qua

1281 2530 1353 2564 dies
1368 2529 1542 2563 maximus
1560 2534 1610 2562 est
1627 2526 1798 2561 horarum
1820 2527 2103 2573 quatuordecim.
2157 2528 2271 2561 Hora-

1280 2582 1333 2614 ria
1367 2593 1450 2624 ergo
1488 2579 1696 2623 magnitudo
1738 2579 1904 2623 principii
1939 2579 2174 2613 Geminorum
2219 2585 2271 2613 est

2165 2629 2270 2663 Oria-
