2373 2980
254 134 303 169 95
825 125 946 159 Pau„
981 123 1092 157 ΜΕΙ..

255 232 317 253 uec
343 231 420 251 cum
446 215 609 249 orientali
634 212 838 249 horizonte,
877 223 916 243 ac
942 209 1097 242 interdiu
1121 208 1243 241 Satur-

254 284 337 303 num
350 297 358 306 ,
394 275 500 301 noctu
518 267 668 299 Martem
690 262 822 296 babent
839 261 875 294 in
892 261 1035 294 cardine
1053 260 1241 293 dominan-

255 329 322 354 tem
343 321 377 352 in
396 318 461 352 lior
479 318 607 362 positu.

354 385 492 420 furiosi
518 395 602 416 vero
635 382 742 421 fiunt,
784 393 864 414 cum
896 386 1039 413 econtra
1069 379 1243 412 Saturnus

252 446 371 477 noctu,
400 437 496 469 Mars
513 433 668 468 interdiu
685 432 904 471 dominatur,
932 430 1085 464 maxime
1104 429 1140 462 in
1151 428 1242 462 Can-

253 503 332 530 cro,
360 487 505 531 Virgine
532 492 565 519 et
581 484 753 519 Piscibus.

353 556 537 588 Vexantur
559 552 775 591 daemoniis,
804 557 838 584 et
863 556 945 584 sunt
965 549 1072 582 nimis
1092 545 1242 580 humido

255 607 398 642 cerebro
411 633 419 643 ,
448 606 575 651 quibus
591 604 769 636 maleficae
784 601 983 646 adspiciunt
1001 599 1156 636 Lunam,
1182 596 1243 629 Sa-

252 667 377 692 turnus
393 657 631 690 discedentem
653 668 670 686 a
691 653 799 687 radiis
818 652 927 691 Solis,
953 650 1053 683 Mars
1069 660 1153 681 vero
1180 658 1242 689 op-

253 710 403 755 positam
423 708 516 747 Soli,
545 706 696 738 maxime
715 705 751 737 in
766 703 958 747 Sagittario
980 707 1014 733 et
1027 699 1198 733 Piscibus.

354 777 441 810 Cum
471 782 586 808 autem
611 773 705 806 solae
730 777 812 805 sunt
836 769 1035 807 maleficae,
1063 778 1104 799 eo
1121 766 1242 805 modo,

252 836 290 863 ut
308 828 398 867 dixi,
426 839 464 859 ac
480 825 724 862 dominantur,
751 822 905 855 efficiunt
922 817 1134 852 insanabiles
1148 828 1243 849 mor-

252 881 334 919 bos,
369 880 517 911 latentes
542 882 661 908 tamen
688 880 720 906 et
745 884 818 906 non
841 869 994 916 prodigii
1019 868 1170 907 similes,
1205 867 1242 900 in

253 937 352 976 parte
372 929 512 962 animae
529 925 724 959 rationalis.

355 996 388 1029 Si
417 1007 500 1027 vero
525 994 720 1029 beneficae,
746 989 880 1033 Iupiter
897 993 957 1020 aut
972 985 1114 1025 Venus,
1140 984 1242 1018 fami-

254 1047 404 1080 liaritate
423 1046 540 1090 aliqua
562 1044 640 1077 illas
663 1040 874 1086 adspicient,
909 1044 942 1071 et
966 1037 1146 1069 maleficae
1169 1036 1242 1068 fue-

253 1100 325 1131 rint
352 1098 386 1129 in
415 1097 614 1133 occidente,
649 1100 681 1126 et
704 1092 878 1125 beneficae
902 1089 939 1121 in
955 1088 1112 1127 oriente,
1141 1099 1243 1120 sana-

255 1150 340 1182 biles
358 1149 500 1180 morbos
516 1146 670 1184 faciunt,
697 1156 760 1176 nec
776 1141 906 1176 similes
923 1139 1107 1184 prodigiis.

356 1216 585 1249 Curabuntnr
620 1219 738 1245 autem
772 1209 1002 1248 medicando,
1041 1219 1119 1239 cum
1150 1206 1243 1238 favet

254 1267 405 1312 Iupiter,
441 1272 500 1299 aut
523 1264 771 1302 subducendo,
804 1267 866 1294 aut
891 1272 957 1304 ope
981 1257 1242 1291 medicamenti.

253 1319 315 1352 Sin
339 1324 454 1351 autem
480 1316 600 1349 Venus
627 1314 840 1360 opitulatur,
876 1316 979 1345 sanat
1003 1308 1174 1348 oraculis,
1210 1313 1244 1340 et

253 1370 371 1402 divina
396 1380 474 1412 ope.

355 1437 443 1469 Cum
464 1440 581 1467 autem
599 1432 778 1464 maleficae
797 1435 901 1462 erunt
928 1429 965 1461 in
993 1427 1147 1466 oriente,
1182 1426 1241 1458 be-

253 1489 383 1521 neficae
401 1498 484 1518 vero
503 1485 539 1516 in
556 1483 757 1521 occidente,
784 1480 901 1513 morbi
924 1485 1005 1513 sunt
1029 1477 1241 1511 insanabiles

254 1545 287 1572 et
309 1537 439 1582 passim
466 1534 630 1568 celebrati
656 1539 689 1566 et
713 1531 911 1570 manifesti,
954 1536 987 1562 et
1012 1529 1048 1561 in
1071 1528 1240 1561 comitiali

253 1589 321 1622 erit
338 1586 524 1622 assuiditas
542 1592 575 1618 et
591 1585 705 1617 famae
722 1584 790 1615 late
812 1581 972 1626 vagantis
1001 1579 1182 1613 celebritas
1208 1586 1241 1612 et

253 1640 356 1673 letale
372 1637 581 1683 periculum.
635 1634 674 1667 In
693 1635 813 1667 furore
835 1645 920 1665 vero
948 1638 980 1665 et
1002 1630 1132 1663 mentis
1159 1643 1241 1663 con-

252 1689 469 1725 sternatione
487 1699 558 1720 non
577 1691 744 1730 poterunt
760 1682 956 1723 coherceri,
993 1689 1025 1715 et
1048 1681 1241 1715 familiares

253 1742 478 1778 alienabunt,
505 1738 692 1771 nudabunt
708 1747 880 1780 corpora,
907 1740 940 1767 et
961 1734 1079 1766 dicent
1103 1745 1241 1766 execra-

254 1793 367 1825 tiones
383 1798 416 1824 et
435 1790 500 1823 alia
520 1787 736 1822 huiusmodi.

355 1857 443 1890 Cum
463 1861 578 1888 autem
606 1867 623 1886 a
649 1852 880 1886 daemonibus
906 1851 1146 1889 vexabuntur,
1180 1855 1241 1882 aut

253 1908 445 1942 humorum
483 1904 772 1939 conturbationes
806 1908 928 1942 erunt,
971 1903 1057 1934 fient
1090 1900 1240 1939 afflatus,

253 1970 464 1993 arcanarum
480 1968 599 1989 rerum
619 1954 899 1993 enuntiationes,
928 1952 1086 1986 convicia
1106 1957 1140 1984 et
1159 1951 1240 1991 alia,

253 2022 344 2057 quae
363 2021 429 2054 pro
448 2006 618 2053 prodigiis
635 2004 823 2038 habentur.

353 2076 393 2110 ln
411 2075 557 2119 singulis
572 2086 656 2106 vero
672 2073 832 2105 locorum
850 2069 1107 2103 continentium
1128 2069 1240 2111 figura

255 2129 405 2162 multum
430 2128 544 2159 adfert
568 2124 752 2158 momenti.
821 2122 912 2156 Nam
936 2121 1027 2154 Solis
1058 2126 1091 2152 et
1114 2118 1241 2152 Martis

253 2180 328 2213 loca
349 2180 393 2212 ad
412 2177 586 2211 insaniam
604 2175 757 2209 maxime
777 2173 975 2210 conserunt,
995 2169 1088 2204 Iovis
1105 2177 1138 2202 et
1148 2170 1241 2203 Mer—

254 2230 343 2263 curii
362 2230 405 2262 ad
421 2228 634 2261 comitialem
647 2238 667 2266 ‚·
690 2224 838 2258 Veneris
856 2225 899 2256 ad
916 2222 1054 2255 afflatus
1073 2227 1106 2253 et
1121 2221 1242 2254 vatici-

254 2281 330 2317 nia;
359 2280 532 2313 Saturnus
549 2285 583 2311 et
601 2277 701 2311 Luna
721 2277 765 2308 ad
783 2274 975 2308 humorum
999 2273 1241 2305 conturbatio-

254 2344 315 2365 nes
331 2337 366 2364 et
383 2332 597 2364 daemonum
616 2327 831 2362 vexationes.

356 2397 407 2431 Ac
424 2397 460 2430 in
475 2396 643 2430 rationali
661 2395 778 2428 anima
796 2400 830 2427 et
845 2398 945 2438 parte
963 2390 1103 2430 metrice,
1124 2389 1241 2423 morbi

255 2450 419 2483 accidunt
434 2449 506 2481 fere
525 2447 620 2480 iuxta
638 2445 701 2480 bas
717 2445 869 2491 species,
897 2456 984 2490 quas
1002 2441 1180 2481 recensui,
1209 2447 1243 2474 et

255 2500 317 2533 tali
333 2500 513 2534 stellarum
532 2498 662 2543 positu.

1136 115 1336 155 soniPTA
1350 116 1352 118 ’
1369 116 1706 155 PHILOLOGICA.
1967 138 1970 142 ·
2060 117 2062 120 ’
2220 116 2222 119 ’
2236 116 2287 153 96

1399 205 1438 239 In
1455 212 1554 250 parte
1572 217 1655 238 vero
1671 204 1794 243 altera,
1823 203 1984 237 videlicet
2000 203 2167 248 patiente,
2187 215 2287 237 nem-

1297 269 1340 301 pe
1356 257 1392 290 in
1410 257 1679 300 concupiscente
1695 252 1974 299 deprehenditur
1989 266 2145 289 excessus
2170 260 2204 288 et
2227 255 2286 288 de-

1296 309 1406 341 sectus
1426 308 1461 340 in
1479 307 1635 339 masculo
1655 312 1687 338 et
1707 305 1860 338 femineo
1879 317 2018 350 genere.

1398 357 1444 391 Et
1459 357 1550 391 sumi
1569 362 1685 401 potest
1700 356 1938 390 consideratio
1949 383 1959 397 ‚
1983 362 2024 391 ut
2039 362 2142 390 antea
2153 381 2163 396 ‚
2190 355 2287 388 vide-

1296 409 1377 445 licet
1397 408 1488 442 Solis
1513 414 1545 440 et
1567 406 1691 441 Lunae
1711 419 1778 451 pro
1805 407 2006 448 Mercurio,
2042 413 2076 440 et
2099 412 2288 441 sumantur

1296 459 1422 492 Martis
1441 471 1480 492 ac
1491 458 1640 492 Veneris
1658 459 1853 503 adspectus.

1297 509 1406 542 oculis
1423 509 1600 549 subiecta,
1627 509 1657 543 si
1674 509 1808 543 lumina
1829 516 1933 543 erunt
1958 510 1995 542 in
2019 508 2127 553 signis
2151 520 2288 549 mascu-

1296 560 1337 593 lis
1352 561 1439 599 sola,
1459 560 1524 592 viri
1543 560 1717 594 excellunt
1731 561 1843 604 magis
1859 573 1966 606 quam
1985 572 2050 604 pro
2067 572 2130 594 sua
2147 566 2289 601 natura,
2338 564 2341 575 ¹

1297 610 1461 644 mulieres
1485 623 1572 644 vero
1597 617 1739 655 praeter
1761 618 1925 645 naturam
1954 624 2052 645 suam
2078 617 2183 644 erunt
2205 611 2290 644 viri-
2338 623 2339 631 ¹

2192 660 2238 695 Et
2259 662 2289 696 si

1295 661 1403 695 liores
1421 668 1455 694 et
1473 661 1694 696 excitatiores
1712 663 1755 695 ad
1781 664 1956 706 agendum
1984 662 2135 708 aliquid.

1297 712 1393 746 Mars
1410 725 1448 745 ac
1463 712 1584 746 Venus
1596 739 1605 753 ‚
1633 725 1694 747 seu
1711 713 1901 753 alteruter,
1928 725 1989 747 seu
2008 713 2113 746 ambo
2130 719 2236 746 erunt
2250 713 2289 746 in
2328 720 2339 726 ’·

1296 763 1460 797 masculis
1475 763 1560 797 locis
1577 764 1702 808 positi,
1740 764 1808 796 viri
1832 770 1935 797 erunt
1960 764 2067 809 proni
2090 765 2135 797 ad
2160 776 2288 798 concu-

1295 814 1388 849 bitus
1419 816 1611 848 secundum
1647 821 1835 854 naturam3
1876 817 1937 849 sed
1970 822 2091 849 tamen
2118 821 2224 849 ruent
2250 815 2288 848 in

1296 865 1492 906 adulteria,
1521 872 1554 899 et
1577 873 1681 899 erunt
1706 866 1987 907 incontinentes,
2023 872 2057 900 et
2080 867 2206 912 quavis
2231 878 2288 900 oc·
2339 883 2345 905 ῃ

1296 917 1435 951 casione
1453 918 1664 950 exercebunt
1681 923 1800 962 turpes
1819 924 1851 950 et
1868 930 1974 962 vagas
1990 917 2165 951 libidines.

1398 967 1565 1001 Mulieres
1582 981 1666 1001 vero
1688 975 1791 1001 erunt
1807 980 1942 1013 pronae
1960 969 2003 1001 ad
2020 968 2185 1002 libidines
2205 979 2288 1001 con-

1296 1025 1349 1051 tra
1366 1025 1552 1059 naturam,
1580 1019 1711 1052 salaces
1737 1026 1771 1052 et
1794 1020 1904 1053 oculis
1920 1019 2142 1063 vagantibus.
2193 1019 2287 1054 Nam

1297 1069 1375 1103 talis
1392 1069 1528 1114 positus
1545 1070 1725 1104 stellarum
1746 1070 1902 1103 incendit
1919 1070 2104 1111 mulieres,
2136 1076 2176 1104 ut
2192 1070 2288 1103 viro-

1296 1132 1374 1153 rum
1395 1121 1550 1154 actiones
1567 1121 1710 1155 saciant.

1397 1170 1474 1205 Etsi
1489 1172 1562 1205 sola
1578 1171 1698 1205 Venus
1715 1172 1820 1205 fuerit
1838 1172 1874 1204 in
1890 1171 1975 1205 locis
1992 1171 2168 1211 masculis,
2197 1170 2287 1203 clam

1298 1227 1329 1253 et
1356 1233 1429 1254 non
1461 1222 1579 1266 palam
1612 1222 1676 1256 ista
1707 1222 1840 1266 flagitia
1874 1223 1969 1255 fient.
2038 1221 2105 1256 Sed
2136 1221 2163 1256 si
2189 1220 2288 1254 Mars

1298 1271 1403 1305 etiam
1421 1272 1614 1312 accesserit,
1641 1273 1759 1317 palam
1776 1279 1809 1306 et
1826 1273 2051 1317 impudenter
2066 1273 2169 1312 fient,
2197 1273 2287 1305 adeo

1296 1330 1335 1356 ut
1357 1323 1535 1357 interdum
1560 1324 1640 1356 illae
1664 1325 1759 1368 ipsae
1781 1324 1868 1357 alias
1900 1323 2065 1358 mulieres
2095 1323 2288 1358 familiares

1297 1381 1468 1421 tanquam
1490 1375 1655 1418 coniuges
1672 1373 1837 1408 habeant.

1396 1425 1551 1459 Econtra
1580 1437 1666 1458 vero
1696 1426 1724 1459 si
1754 1425 1929 1458 luminum
1959 1426 2093 1470 positus
2115 1426 2185 1461 sint
2209 1433 2287 1459 tan-

1295 1483 1370 1509 tum
1401 1477 1438 1509 in
1467 1477 1629 1510 femineis
1663 1476 1791 1521 signis,
1834 1476 1999 1510 mulieres
2022 1477 2129 1511 nimis
2155 1478 2286 1512 salaces

1295 1534 1418 1569 erunt,
1447 1534 1481 1561 et
1497 1528 1565 1561 viri
1579 1533 1701 1560 contra
1719 1534 1885 1561 naturam
1911 1540 2012 1561 suam
2033 1528 2158 1562 molles
2183 1534 2217 1562 et
2239 1528 2287 1561 ef-

1294 1579 1468 1613 seminati.

1396 1629 1443 1663 Et
1462 1642 1539 1663 cum
1559 1629 1678 1663 Venus
1700 1635 1750 1662 est
1774 1628 1810 1660 in
1838 1628 1923 1662 locis
1944 1628 2126 1669 femineis,
2161 1628 2286 1662 mulie-

1293 1694 1348 1715 res
1365 1687 1469 1714 erunt
1487 1693 1622 1725 pronae
1641 1681 1684 1712 ad
1702 1679 1906 1719 libidinem,
1936 1680 2118 1713 adulterae
2139 1685 2173 1713 et
2196 1680 2286 1714 sala-

1294 1745 1368 1772 ces,
1405 1732 1510 1765 etiam
1536 1738 1658 1763 contra
1683 1737 1849 1763 naturam
1875 1736 1908 1763 et
1929 1731 2038 1774 leges;
2072 1730 2141 1762 viri
2166 1736 2284 1764 autem

1294 1783 1418 1816 molles
1435 1789 1468 1815 et
1493 1783 1718 1826 impudenter
1742 1781 1923 1814 libidinosi
1951 1788 1983 1814 et
2008 1781 2196 1814 muliebria
2223 1793 2286 1826 pa-

1294 1835 1418 1867 tientes
1432 1860 1440 1873 ,
1470 1833 1575 1878 idque
1595 1833 1683 1865 clam
1704 1831 1852 1865 faciunt.

1395 1885 1463 1917 Sed
1482 1884 1511 1917 si
1527 1883 1624 1917 Mars
1648 1890 1699 1917 est
1720 1883 1825 1915 etiam
1850 1881 2042 1922 femineus,
2078 1882 2195 1926 palam
2219 1882 2285 1914 im-

1294 1936 1468 1979 pudenter
1483 1935 1644 1979 polluent
1658 1946 1693 1967 se
1711 1933 1808 1966 omni
1826 1944 1954 1976 genere
1970 1933 2173 1974 libidinum,
2194 1933 2284 1967 adeo

1293 1992 1333 2019 ut
1350 1986 1533 2019 infamiam
1546 2012 1555 2025 ,
1582 1985 1713 2029 probra
1731 1990 1765 2017 et
1784 1984 2018 2018 contumelias
2041 1990 2190 2029 propter
2211 1995 2286 2019 sce·
2317 2008 2319 2010 -

1294 2037 1408 2070 lerum
1426 2036 1684 2080 turpitudinem
1702 2035 1862 2068 subeant.

1398 2088 1611 2121 conducunt
1629 2093 1747 2119 autem
1765 2084 1956 2119 orientales
1973 2090 2007 2117 et
2028 2085 2198 2118 matutini
2220 2097 2286 2130 po-

1294 2138 1380 2172 situs
1399 2138 1526 2171 Martis
1544 2144 1577 2170 et
1594 2137 1744 2170 Veneris
1761 2136 1805 2169 ad
1829 2134 2014 2169 audaciam
2040 2140 2075 2167 et
2097 2136 2287 2181 impuden-

1295 2189 1398 2228 tiam3
1435 2189 1669 2222 occidentales
1692 2200 1777 2220 vero
1803 2193 1837 2220 et
1859 2185 2074 2231 vespertini,
2117 2193 2285 2221 naturam

1294 2240 1429 2273 faciunt
1452 2240 1564 2284 magis
1589 2239 1849 2277 effeminatam,
1878 2243 1912 2270 et
1930 2249 2022 2283 quae
2038 2237 2175 2272 facilius
2189 2250 2286 2272 com-

1295 2291 1459 2336 pescitur.
1513 2291 1602 2324 Cum
1620 2302 1704 2323 vero
1721 2289 1894 2323 Saturnus
1910 2288 2063 2329 accedit,
2094 2289 2284 2323 coniuncta

1295 2341 1362 2375 erit
1380 2341 1600 2386 impudicitia
1619 2353 1697 2374 cum
1715 2339 1836 2373 illuvie
1853 2345 1887 2373 et
1904 2339 2063 2374 infamia.

1397 2391 1531 2437 Iupiter
1554 2391 1637 2425 facit
1660 2390 1910 2431 modestiores,
1949 2390 2222 2426 verecundiores
2250 2398 2286 2425 et

1295 2443 1488 2482 cautiores;
1515 2442 1715 2476 Mercurius
1731 2441 1960 2483 famosiores,
1988 2448 2023 2476 et
2045 2443 2186 2477 crebras
2207 2455 2284 2477 mo-

1296 2507 1375 2528 rum
1397 2494 1614 2528 mutationes
1633 2500 1667 2527 et
1681 2493 1819 2527 maiora
1837 2494 1981 2528 damna.

1906 458 2002 492 Haec
2020 470 2100 492 cum
2117 458 2166 491 ita
2183 465 2289 492 eruut
2333 496 2341 506 .
