<?xml version="1.0" encoding="UTF-8"?>
<!DOCTYPE html PUBLIC "-//W3C//DTD XHTML 1.0 Transitional//EN"
    "http://www.w3.org/TR/xhtml1/DTD/xhtml1-transitional.dtd">
<html xmlns="http://www.w3.org/1999/xhtml" xml:lang="en" lang="en">
 <head>
  <title>
</title>
<meta http-equiv="Content-Type" content="text/html;charset=utf-8" />
  <meta name='ocr-system' content='tesseract 3.04.00' />
  <meta name='ocr-capabilities' content='ocr_page ocr_carea ocr_par ocr_line ocrx_word'/>
</head>
<body>
  <div class='ocr_page' id='page_1' title='image "./operaquaesupersu18melauoft/operaquaesupersu18melauoft_0194.png"; bbox 0 0 2373 2980; ppageno 0'>
   <div class='ocr_carea' id='block_1_1' title="bbox 212 102 919 138">
    <p class='ocr_par' dir='ltr' id='par_1_1' title="bbox 212 102 919 138">
     <span class='ocr_line' id='line_1_1' title="bbox 212 102 919 138; baseline 0 0"><span class='ocrx_word' id='word_1_1' title='bbox 212 105 233 138; x_wconf 81' lang='lat'>3</span> <span class='ocrx_word' id='word_1_2' title='bbox 242 103 292 138; x_wconf 79' lang='lat'>63</span> <span class='ocrx_word' id='word_1_3' title='bbox 796 102 919 138; x_wconf 84' lang='lat' dir='ltr'>PHlL.</span> 
     </span>
    </p>
   </div>
   <div class='ocr_carea' id='block_1_2' title="bbox 204 187 1200 1852">
    <p class='ocr_par' dir='ltr' id='par_1_2' title="bbox 204 187 1200 1852">
     <span class='ocr_line' id='line_1_2' title="bbox 259 187 1200 235; baseline 0 -12"><span class='ocrx_word' id='word_1_4' title='bbox 259 191 335 235; x_wconf 71' lang='lat' dir='ltr'>Pyt.</span> <span class='ocrx_word' id='word_1_5' title='bbox 363 189 405 222; x_wconf 81' lang='lat' dir='ltr'>Et</span> <span class='ocrx_word' id='word_1_6' title='bbox 425 200 479 221; x_wconf 86' lang='lat' dir='ltr'>me</span> <span class='ocrx_word' id='word_1_7' title='bbox 500 200 593 221; x_wconf 88' lang='lat' dir='ltr'>nunc</span> <span class='ocrx_word' id='word_1_8' title='bbox 610 187 810 229; x_wconf 81' lang='lat' dir='ltr'>interroga,</span> <span class='ocrx_word' id='word_1_9' title='bbox 838 188 924 233; x_wconf 86' lang='lat' dir='ltr'>quid</span> <span class='ocrx_word' id='word_1_10' title='bbox 943 190 1098 223; x_wconf 80' lang='lat' dir='ltr'>facturus</span> <span class='ocrx_word' id='word_1_11' title='bbox 1115 190 1200 229; x_wconf 88' lang='lat' dir='ltr'>sim;</span> 
     </span>
     <span class='ocr_line' id='line_1_3' title="bbox 614 237 1125 285; baseline 0.01 -17"><span class='ocrx_word' id='word_1_12' title='bbox 614 237 750 281; x_wconf 61' lang='lat' dir='ltr'>naniffi)</span> <span class='ocrx_word' id='word_1_13' title='bbox 771 250 834 281; x_wconf 80' lang='lat' dir='ltr'>ego</span> <span class='ocrx_word' id='word_1_14' title='bbox 855 252 998 285; x_wconf 86' lang='lat' dir='ltr'>qnoque</span> <span class='ocrx_word' id='word_1_15' title='bbox 1024 241 1125 285; x_wconf 87' lang='lat' dir='ltr'>perii.</span> 
     </span>
     <span class='ocr_line' id='line_1_4' title="bbox 260 285 1197 331; baseline 0.003 -9"><span class='ocrx_word' id='word_1_16' title='bbox 260 292 317 324; x_wconf 93' lang='lat' dir='ltr'>Or.</span> <span class='ocrx_word' id='word_1_17' title='bbox 348 288 455 321; x_wconf 89' lang='lat' dir='ltr'>Cnins</span> <span class='ocrx_word' id='word_1_18' title='bbox 473 287 563 331; x_wconf 83' lang='lat' dir='ltr'>ope?</span> <span class='ocrx_word' id='word_1_19' title='bbox 591 285 658 320; x_wconf 84' lang='lat' dir='ltr'>hoc</span> <span class='ocrx_word' id='word_1_20' title='bbox 676 288 809 321; x_wconf 79' lang='lat' dir='ltr'>malum</span> <span class='ocrx_word' id='word_1_21' title='bbox 830 291 1014 324; x_wconf 84' lang='lat' dir='ltr'>accesserit</span> <span class='ocrx_word' id='word_1_22' title='bbox 1038 293 1084 324; x_wconf 83' lang='lat' dir='ltr'>ad</span> <span class='ocrx_word' id='word_1_23' title='bbox 1105 293 1197 325; x_wconf 83' lang='lat' dir='ltr'>mala</span> 
     </span>
     <span class='ocr_line' id='line_1_5' title="bbox 623 350 714 372; baseline 0.022 -2"><span class='ocrx_word' id='word_1_24' title='bbox 623 350 714 372; x_wconf 77' lang='lat' dir='ltr'>mea.</span> 
     </span>
     <span class='ocr_line' id='line_1_6' title="bbox 383 386 1199 434; baseline 0.009 -14"><span class='ocrx_word' id='word_1_25' title='bbox 383 386 570 432; x_wconf 83' lang='lat' dir='ltr'>Strophius</span> <span class='ocrx_word' id='word_1_26' title='bbox 610 395 712 434; x_wconf 76' lang='lat' dir='ltr'>pater</span> <span class='ocrx_word' id='word_1_27' title='bbox 746 391 880 434; x_wconf 79' lang='lat' dir='ltr'>expulit</span> <span class='ocrx_word' id='word_1_28' title='bbox 917 404 972 425; x_wconf 87' lang='lat' dir='ltr'>me</span> <span class='ocrx_word' id='word_1_29' title='bbox 1007 393 1117 427; x_wconf 86' lang='lat' dir='ltr'>iratus</span> <span class='ocrx_word' id='word_1_30' title='bbox 1158 408 1199 428; x_wconf 84' lang='lat' dir='ltr'>ex</span> 
     </span>
     <span class='ocr_line' id='line_1_7' title="bbox 611 440 767 474; baseline 0.019 -3"><span class='ocrx_word' id='word_1_31' title='bbox 611 440 767 474; x_wconf 86' lang='lat' dir='ltr'>aedibus.</span> 
     </span>
     <span class='ocr_line' id='line_1_8' title="bbox 256 489 1173 538; baseline 0.004 -15"><span class='ocrx_word' id='word_1_32' title='bbox 256 493 314 525; x_wconf 93' lang='lat' dir='ltr'>Or.</span> <span class='ocrx_word' id='word_1_33' title='bbox 343 489 524 523; x_wconf 83' lang='lat' dir='ltr'>Obiiciens</span> <span class='ocrx_word' id='word_1_34' title='bbox 542 489 675 523; x_wconf 81' lang='lat' dir='ltr'><strong>crimen</strong></span> <span class='ocrx_word' id='word_1_35' title='bbox 693 491 870 534; x_wconf 78' lang='lat' dir='ltr'>privatum</span> <span class='ocrx_word' id='word_1_36' title='bbox 890 500 950 526; x_wconf 80' lang='lat' dir='ltr'>ant</span> <span class='ocrx_word' id='word_1_37' title='bbox 970 495 1173 538; x_wconf 81' lang='lat' dir='ltr'>publicum?</span> 
     </span>
     <span class='ocr_line' id='line_1_9' title="bbox 206 540 1197 590; baseline 0.003 -15"><span class='ocrx_word' id='word_1_38' title='bbox 206 540 279 575; x_wconf 81' lang='lat'>765</span> <span class='ocrx_word' id='word_1_39' title='bbox 308 542 384 585; x_wconf 76' lang='lat' dir='ltr'>Pyl.</span> <span class='ocrx_word' id='word_1_40' title='bbox 419 540 548 574; x_wconf 88' lang='lat' dir='ltr'>Dicens</span> <span class='ocrx_word' id='word_1_41' title='bbox 574 553 629 573; x_wconf 87' lang='lat' dir='ltr'>me</span> <span class='ocrx_word' id='word_1_42' title='bbox 652 542 849 585; x_wconf 84' lang='lat' dir='ltr'>pollutum,</span> <span class='ocrx_word' id='word_1_43' title='bbox 893 547 989 589; x_wconf 83' lang='lat' dir='ltr'>qnod</span> <span class='ocrx_word' id='word_1_44' title='bbox 1016 546 1134 580; x_wconf 70' lang='lat' dir='ltr'>adiuvi</span> <span class='ocrx_word' id='word_1_45' title='bbox 1151 546 1197 590; x_wconf 75' lang='lat'>²⁷)</span> 
     </span>
     <span class='ocr_line' id='line_1_10' title="bbox 617 596 993 631; baseline 0.008 -8"><span class='ocrx_word' id='word_1_46' title='bbox 617 603 739 625; x_wconf 80' lang='lat' dir='ltr'>necem</span> <span class='ocrx_word' id='word_1_47' title='bbox 760 599 839 626; x_wconf 82' lang='lat' dir='ltr'>tuae</span> <span class='ocrx_word' id='word_1_48' title='bbox 859 596 993 631; x_wconf 77' lang='lat' dir='ltr'>matris,</span> 
     </span>
     <span class='ocr_line' id='line_1_11' title="bbox 256 641 1124 680; baseline 0.006 -5"><span class='ocrx_word' id='word_1_49' title='bbox 256 645 314 677; x_wconf 85' lang='lat' dir='ltr'>Or.</span> <span class='ocrx_word' id='word_1_50' title='bbox 343 641 376 673; x_wconf 85' lang='grc' dir='ltr'><strong>Ο</strong></span> <span class='ocrx_word' id='word_1_51' title='bbox 392 641 516 675; x_wconf 86' lang='lat' dir='ltr'>miser!</span> <span class='ocrx_word' id='word_1_52' title='bbox 546 642 676 675; x_wconf 78' lang='lat' dir='ltr'>videris</span> <span class='ocrx_word' id='word_1_53' title='bbox 692 649 726 675; x_wconf 88' lang='lat' dir='ltr'>et</span> <span class='ocrx_word' id='word_1_54' title='bbox 742 649 779 676; x_wconf 90' lang='lat' dir='ltr'>tu</span> <span class='ocrx_word' id='word_1_55' title='bbox 796 645 886 678; x_wconf 78' lang='lat' dir='ltr'>affici</span> <span class='ocrx_word' id='word_1_56' title='bbox 906 647 993 680; x_wconf 87' lang='lat' dir='ltr'>meis</span> <span class='ocrx_word' id='word_1_57' title='bbox 1012 647 1124 680; x_wconf 80' lang='lat' dir='ltr'>malis.</span> 
     </span>
     <span class='ocr_line' id='line_1_12' title="bbox 257 693 1194 737; baseline 0.003 -10"><span class='ocrx_word' id='word_1_58' title='bbox 257 695 332 737; x_wconf 75' lang='lat' dir='ltr'>Pyt.</span> <span class='ocrx_word' id='word_1_59' title='bbox 367 693 449 726; x_wconf 75' lang='lat' dir='ltr'>Non</span> <span class='ocrx_word' id='word_1_60' title='bbox 478 699 620 726; x_wconf 88' lang='lat' dir='ltr'>utemur</span> <span class='ocrx_word' id='word_1_61' title='bbox 652 693 811 727; x_wconf 83' lang='lat' dir='ltr'>moribus</span> <span class='ocrx_word' id='word_1_62' title='bbox 837 696 1008 730; x_wconf 82' lang='lat' dir='ltr'>Menelai:</span> <span class='ocrx_word' id='word_1_63' title='bbox 1051 698 1194 730; x_wconf 78' lang='lat' dir='ltr'>serenda</span> 
     </span>
     <span class='ocr_line' id='line_1_13' title="bbox 616 742 816 778; baseline 0.005 -1"><span class='ocrx_word' id='word_1_64' title='bbox 616 750 697 777; x_wconf 89' lang='lat' dir='ltr'>sunt</span> <span class='ocrx_word' id='word_1_65' title='bbox 718 742 816 778; x_wconf 85' lang='lat' dir='ltr'>haec.</span> 
     </span>
     <span class='ocr_line' id='line_1_14' title="bbox 258 794 1197 839; baseline 0.002 -10"><span class='ocrx_word' id='word_1_66' title='bbox 258 797 317 829; x_wconf 88' lang='lat' dir='ltr'>Or.</span> <span class='ocrx_word' id='word_1_67' title='bbox 345 794 427 828; x_wconf 78' lang='lat' dir='ltr'>Non</span> <span class='ocrx_word' id='word_1_68' title='bbox 447 794 569 834; x_wconf 84' lang='lat' dir='ltr'>times,</span> <span class='ocrx_word' id='word_1_69' title='bbox 597 807 641 827; x_wconf 88' lang='lat' dir='ltr'>ne</span> <span class='ocrx_word' id='word_1_70' title='bbox 658 794 773 838; x_wconf 85' lang='lat' dir='ltr'>Argos</span> <span class='ocrx_word' id='word_1_71' title='bbox 792 796 875 829; x_wconf 85' lang='lat' dir='ltr'>velit</span> <span class='ocrx_word' id='word_1_72' title='bbox 891 803 925 830; x_wconf 89' lang='lat' dir='ltr'>et</span> <span class='ocrx_word' id='word_1_73' title='bbox 943 804 995 838; x_wconf 88' lang='lat' dir='ltr'>te,</span> <span class='ocrx_word' id='word_1_74' title='bbox 1022 798 1111 831; x_wconf 89' lang='lat' dir='ltr'>sicut</span> <span class='ocrx_word' id='word_1_75' title='bbox 1128 811 1197 839; x_wconf 87' lang='lat' dir='ltr'>me,</span> 
     </span>
     <span class='ocr_line' id='line_1_15' title="bbox 618 845 841 879; baseline 0.009 -2"><span class='ocrx_word' id='word_1_76' title='bbox 618 845 841 879; x_wconf 84' lang='lat' dir='ltr'>interficere?</span> 
     </span>
     <span class='ocr_line' id='line_1_16' title="bbox 256 895 1198 941; baseline 0.003 -12"><span class='ocrx_word' id='word_1_77' title='bbox 256 897 331 940; x_wconf 69' lang='lat' dir='ltr'>Pyl.</span> <span class='ocrx_word' id='word_1_78' title='bbox 360 895 441 929; x_wconf 65' lang='lat' dir='ltr'>Non</span> <span class='ocrx_word' id='word_1_79' title='bbox 459 895 640 939; x_wconf 77' lang='lat' dir='ltr'>pertineo,</span> <span class='ocrx_word' id='word_1_80' title='bbox 668 898 765 941; x_wconf 92' lang='lat' dir='ltr'>qnod</span> <span class='ocrx_word' id='word_1_81' title='bbox 781 898 824 929; x_wconf 83' lang='lat' dir='ltr'>ad</span> <span class='ocrx_word' id='word_1_82' title='bbox 844 909 1010 941; x_wconf 85' lang='lat' dir='ltr'>poenam,</span> <span class='ocrx_word' id='word_1_83' title='bbox 1038 899 1083 931; x_wconf 82' lang='lat' dir='ltr'>ad</span> <span class='ocrx_word' id='word_1_84' title='bbox 1099 898 1198 939; x_wconf 88' lang='lat' dir='ltr'>istos,</span> 
     </span>
     <span class='ocr_line' id='line_1_17' title="bbox 613 945 964 982; baseline 0.011 -4"><span class='ocrx_word' id='word_1_85' title='bbox 613 947 673 979; x_wconf 90' lang='lat' dir='ltr'>sed</span> <span class='ocrx_word' id='word_1_86' title='bbox 693 948 737 978; x_wconf 87' lang='lat' dir='ltr'>ad</span> <span class='ocrx_word' id='word_1_87' title='bbox 753 945 964 982; x_wconf 84' lang='lat' dir='ltr'>Phocenses.</span> 
     </span>
     <span class='ocr_line' id='line_1_18' title="bbox 205 995 1197 1043; baseline 0.003 -13"><span class='ocrx_word' id='word_1_88' title='bbox 205 997 279 1031; x_wconf 89' lang='lat'>770</span> <span class='ocrx_word' id='word_1_89' title='bbox 307 998 366 1030; x_wconf 88' lang='lat' dir='ltr'>Or.</span> <span class='ocrx_word' id='word_1_90' title='bbox 395 995 676 1042; x_wconf 78' lang='lat' dir='ltr'>‚‚Multitudo²⁸)</span> <span class='ocrx_word' id='word_1_91' title='bbox 694 1003 745 1030; x_wconf 87' lang='lat' dir='ltr'>est</span> <span class='ocrx_word' id='word_1_92' title='bbox 763 1004 884 1037; x_wconf 82' lang='lat' dir='ltr'>atrox,</span> <span class='ocrx_word' id='word_1_93' title='bbox 921 999 1066 1043; x_wconf 80' lang='lat' dir='ltr'>quando</span> <span class='ocrx_word' id='word_1_94' title='bbox 1089 998 1197 1033; x_wconf 82' lang='lat' dir='ltr'>habet</span> 
     </span>
     <span class='ocr_line' id='line_1_19' title="bbox 611 1046 1007 1092; baseline 0.013 -14"><span class='ocrx_word' id='word_1_95' title='bbox 611 1046 795 1090; x_wconf 88' lang='lat' dir='ltr'>improbos</span> <span class='ocrx_word' id='word_1_96' title='bbox 818 1049 1007 1092; x_wconf 81' lang='lat' dir='ltr'>praesides.</span> 
     </span>
     <span class='ocr_line' id='line_1_20' title="bbox 369 1096 1197 1142; baseline 0.005 -13"><span class='ocrx_word' id='word_1_97' title='bbox 369 1096 464 1136; x_wconf 87' lang='lat' dir='ltr'>„Sed</span> <span class='ocrx_word' id='word_1_98' title='bbox 492 1098 637 1142; x_wconf 78' lang='lat' dir='ltr'>quando</span> <span class='ocrx_word' id='word_1_99' title='bbox 665 1098 881 1132; x_wconf 70' lang='lat' dir='ltr'>nanciscitur</span> <span class='ocrx_word' id='word_1_100' title='bbox 914 1100 1049 1140; x_wconf 89' lang='lat' dir='ltr'>bonos,</span> <span class='ocrx_word' id='word_1_101' title='bbox 1089 1098 1197 1133; x_wconf 83' lang='lat' dir='ltr'>habet</span> 
     </span>
     <span class='ocr_line' id='line_1_21' title="bbox 618 1148 892 1183; baseline 0.011 -3"><span class='ocrx_word' id='word_1_102' title='bbox 618 1148 712 1181; x_wconf 86' lang='lat' dir='ltr'>bona</span> <span class='ocrx_word' id='word_1_103' title='bbox 734 1149 892 1183; x_wconf 68' lang='lat' dir='ltr'>consilia.</span> 
     </span>
     <span class='ocr_line' id='line_1_22' title="bbox 254 1197 1196 1244; baseline 0.002 -14"><span class='ocrx_word' id='word_1_104' title='bbox 254 1200 312 1231; x_wconf 94' lang='lat' dir='ltr'>Or.</span> <span class='ocrx_word' id='word_1_105' title='bbox 341 1197 476 1237; x_wconf 57' lang='lat' dir='ltr'>„Es-tm</span> <span class='ocrx_word' id='word_1_106' title='bbox 504 1199 563 1232; x_wconf 86' lang='lat' dir='ltr'>sed</span> <span class='ocrx_word' id='word_1_107' title='bbox 581 1199 665 1244; x_wconf 87' lang='lat' dir='ltr'>quid</span> <span class='ocrx_word' id='word_1_108' title='bbox 684 1207 826 1243; x_wconf 82' lang='lat' dir='ltr'>oportet</span> <span class='ocrx_word' id='word_1_109' title='bbox 850 1201 919 1233; x_wconf 89' lang='lat' dir='ltr'>dici</span> <span class='ocrx_word' id='word_1_110' title='bbox 945 1201 988 1233; x_wconf 89' lang='lat' dir='ltr'>de</span> <span class='ocrx_word' id='word_1_111' title='bbox 1015 1201 1196 1234; x_wconf 87' lang='lat' dir='ltr'>communi</span> 
     </span>
     <span class='ocr_line' id='line_1_23' title="bbox 609 1250 738 1283; baseline 0.016 -2"><span class='ocrx_word' id='word_1_112' title='bbox 609 1250 738 1283; x_wconf 70' lang='lat' dir='ltr'>causa?</span> 
     </span>
     <span class='ocr_line' id='line_1_24' title="bbox 253 1297 900 1348; baseline 0.005 -17"><span class='ocrx_word' id='word_1_113' title='bbox 253 1298 329 1340; x_wconf 75' lang='lat' dir='ltr'>Pyl.</span> <span class='ocrx_word' id='word_1_114' title='bbox 357 1297 410 1330; x_wconf 90' lang='lat' dir='ltr'>De</span> <span class='ocrx_word' id='word_1_115' title='bbox 432 1298 549 1344; x_wconf 81' lang='lat' dir='ltr'>aliqua</span> <span class='ocrx_word' id='word_1_116' title='bbox 565 1311 603 1332; x_wconf 87' lang='lat' dir='ltr'>re</span> <span class='ocrx_word' id='word_1_117' title='bbox 620 1301 815 1334; x_wconf 81' lang='lat' dir='ltr'>necessaria</span> <span class='ocrx_word' id='word_1_118' title='bbox 827 1299 900 1348; x_wconf 79' lang='lat'><strong>⁴²⁹)?</strong></span> 
     </span>
     <span class='ocr_line' id='line_1_25' title="bbox 255 1349 1049 1386; baseline 0.003 -4"><span class='ocrx_word' id='word_1_119' title='bbox 255 1350 314 1382; x_wconf 87' lang='lat' dir='ltr'>Or.</span> <span class='ocrx_word' id='word_1_120' title='bbox 340 1350 396 1382; x_wconf 81' lang='lat' dir='ltr'>An</span> <span class='ocrx_word' id='word_1_121' title='bbox 412 1349 527 1382; x_wconf 82' lang='lat' dir='ltr'>(licam</span> <span class='ocrx_word' id='word_1_122' title='bbox 547 1363 688 1384; x_wconf 84' lang='lat' dir='ltr'>causam</span> <span class='ocrx_word' id='word_1_123' title='bbox 706 1352 851 1386; x_wconf 80' lang='lat' dir='ltr'>veniens</span> <span class='ocrx_word' id='word_1_124' title='bbox 870 1353 915 1385; x_wconf 82' lang='lat' dir='ltr'>ad</span> <span class='ocrx_word' id='word_1_125' title='bbox 933 1351 1049 1386; x_wconf 82' lang='lat' dir='ltr'>cives?</span> 
     </span>
     <span class='ocr_line' id='line_1_26' title="bbox 253 1400 738 1444; baseline 0.006 -12"><span class='ocrx_word' id='word_1_126' title='bbox 253 1401 329 1443; x_wconf 69' lang='lat' dir='ltr'>Pyl.</span> <span class='ocrx_word' id='word_1_127' title='bbox 359 1400 466 1444; x_wconf 85' lang='lat' dir='ltr'>Quod</span> <span class='ocrx_word' id='word_1_128' title='bbox 484 1401 573 1435; x_wconf 84' lang='lat' dir='ltr'>insta</span> <span class='ocrx_word' id='word_1_129' title='bbox 591 1402 738 1436; x_wconf 84' lang='lat' dir='ltr'>seceris?</span> 
     </span>
     <span class='ocr_line' id='line_1_27' title="bbox 254 1450 807 1497; baseline 0.004 -13"><span class='ocrx_word' id='word_1_130' title='bbox 254 1452 313 1484; x_wconf 88' lang='lat' dir='ltr'>Or.</span> <span class='ocrx_word' id='word_1_131' title='bbox 341 1450 522 1485; x_wconf 87' lang='lat' dir='ltr'>Ulciscens</span> <span class='ocrx_word' id='word_1_132' title='bbox 539 1464 661 1485; x_wconf 87' lang='lat' dir='ltr'>necem</span> <span class='ocrx_word' id='word_1_133' title='bbox 685 1453 807 1497; x_wconf 82' lang='lat' dir='ltr'>patris.</span> 
     </span>
     <span class='ocr_line' id='line_1_28' title="bbox 252 1500 1133 1551; baseline 0.003 -17"><span class='ocrx_word' id='word_1_134' title='bbox 252 1502 329 1544; x_wconf 72' lang='lat' dir='ltr'>Pyl.</span> <span class='ocrx_word' id='word_1_135' title='bbox 358 1500 515 1542; x_wconf 84' lang='lat' dir='ltr'>Vereor,</span> <span class='ocrx_word' id='word_1_136' title='bbox 543 1510 582 1536; x_wconf 87' lang='lat' dir='ltr'>ut</span> <span class='ocrx_word' id='word_1_137' title='bbox 597 1509 629 1536; x_wconf 86' lang='lat' dir='ltr'>te</span> <span class='ocrx_word' id='word_1_138' title='bbox 645 1503 715 1537; x_wconf 89' lang='lat' dir='ltr'>sint</span> <span class='ocrx_word' id='word_1_139' title='bbox 732 1504 867 1548; x_wconf 75' lang='lat' dir='ltr'>placide</span> <span class='ocrx_word' id='word_1_140' title='bbox 884 1503 1064 1547; x_wconf 84' lang='lat' dir='ltr'>accepturi</span> <span class='ocrx_word' id='word_1_141' title='bbox 1075 1503 1133 1551; x_wconf 81' lang='lat'>³⁰).</span> 
     </span>
     <span class='ocr_line' id='line_1_29' title="bbox 204 1550 1063 1597; baseline 0.001 -12"><span class='ocrx_word' id='word_1_142' title='bbox 204 1550 277 1585; x_wconf 88' lang='lat'>775</span> <span class='ocrx_word' id='word_1_143' title='bbox 306 1554 366 1586; x_wconf 88' lang='lat' dir='ltr'>Or.</span> <span class='ocrx_word' id='word_1_144' title='bbox 393 1552 450 1585; x_wconf 87' lang='lat' dir='ltr'>An</span> <span class='ocrx_word' id='word_1_145' title='bbox 468 1554 648 1597; x_wconf 89' lang='lat' dir='ltr'>perculsus</span> <span class='ocrx_word' id='word_1_146' title='bbox 667 1561 761 1587; x_wconf 84' lang='lat' dir='ltr'>metu</span> <span class='ocrx_word' id='word_1_147' title='bbox 778 1555 881 1587; x_wconf 85' lang='lat' dir='ltr'>tacite</span> <span class='ocrx_word' id='word_1_148' title='bbox 905 1554 1063 1587; x_wconf 76' lang='lat' dir='ltr'>moriar?</span> 
     </span>
     <span class='ocr_line' id='line_1_30' title="bbox 254 1603 1157 1650; baseline 0.002 -14"><span class='ocrx_word' id='word_1_149' title='bbox 254 1604 331 1647; x_wconf 75' lang='lat' dir='ltr'>Pyt.</span> <span class='ocrx_word' id='word_1_150' title='bbox 358 1603 435 1636; x_wconf 89' lang='lat' dir='ltr'>Hoc</span> <span class='ocrx_word' id='word_1_151' title='bbox 452 1611 502 1637; x_wconf 88' lang='lat' dir='ltr'>est</span> <span class='ocrx_word' id='word_1_152' title='bbox 519 1605 646 1638; x_wconf 88' lang='lat' dir='ltr'>timidi.</span> <span class='ocrx_word' id='word_1_153' title='bbox 702 1607 761 1640; x_wconf 88' lang='lat' dir='ltr'>Or.</span> <span class='ocrx_word' id='word_1_154' title='bbox 789 1605 884 1650; x_wconf 81' lang='lat' dir='ltr'>Quid</span> <span class='ocrx_word' id='word_1_155' title='bbox 905 1617 987 1648; x_wconf 85' lang='lat' dir='ltr'>ergo</span> <span class='ocrx_word' id='word_1_156' title='bbox 1003 1603 1157 1638; x_wconf 73' lang='lat' dir='ltr'>faciam?</span> 
     </span>
     <span class='ocr_line' id='line_1_31' title="bbox 254 1654 1080 1701; baseline 0.002 -15"><span class='ocrx_word' id='word_1_157' title='bbox 254 1655 330 1697; x_wconf 73' lang='lat' dir='ltr'>Pyl.</span> <span class='ocrx_word' id='word_1_158' title='bbox 360 1654 476 1688; x_wconf 71' lang='lat' dir='ltr'>Habes</span> <span class='ocrx_word' id='word_1_159' title='bbox 494 1656 650 1701; x_wconf 79' lang='lat' dir='ltr'>aliquam</span> <span class='ocrx_word' id='word_1_160' title='bbox 668 1657 816 1689; x_wconf 83' lang='lat' dir='ltr'>salutem</span> <span class='ocrx_word' id='word_1_161' title='bbox 829 1683 838 1696; x_wconf 92' lang='lat'>‚</span> <span class='ocrx_word' id='word_1_162' title='bbox 865 1657 893 1689; x_wconf 91' lang='lat' dir='ltr'>si</span> <span class='ocrx_word' id='word_1_163' title='bbox 912 1656 1080 1689; x_wconf 79' lang='lat' dir='ltr'>maneas?</span> 
     </span>
     <span class='ocr_line' id='line_1_32' title="bbox 256 1704 1196 1751; baseline 0.001 -14"><span class='ocrx_word' id='word_1_164' title='bbox 256 1707 314 1738; x_wconf 85' lang='lat' dir='ltr'>Or.</span> <span class='ocrx_word' id='word_1_165' title='bbox 341 1705 424 1738; x_wconf 64' lang='lat' dir='ltr'>Non</span> <span class='ocrx_word' id='word_1_166' title='bbox 441 1704 567 1740; x_wconf 79' lang='lat' dir='ltr'>habeo.</span> <span class='ocrx_word' id='word_1_167' title='bbox 621 1708 698 1751; x_wconf 77' lang='lat' dir='ltr'>Pyl.</span> <span class='ocrx_word' id='word_1_168' title='bbox 724 1706 791 1740; x_wconf 87' lang='lat' dir='ltr'>Sed</span> <span class='ocrx_word' id='word_1_169' title='bbox 811 1707 908 1740; x_wconf 86' lang='lat' dir='ltr'>eunti</span> <span class='ocrx_word' id='word_1_170' title='bbox 925 1713 976 1741; x_wconf 89' lang='lat' dir='ltr'>est</span> <span class='ocrx_word' id='word_1_171' title='bbox 991 1720 1069 1751; x_wconf 90' lang='lat' dir='ltr'>spes</span> <span class='ocrx_word' id='word_1_172' title='bbox 1086 1719 1104 1739; x_wconf 79' lang='lat' dir='ltr'>a</span> <span class='ocrx_word' id='word_1_173' title='bbox 1122 1718 1196 1739; x_wconf 87' lang='lat' dir='ltr'>ma-</span> 
     </span>
     <span class='ocr_line' id='line_1_33' title="bbox 613 1758 836 1791; baseline 0 -1"><span class='ocrx_word' id='word_1_174' title='bbox 613 1758 654 1791; x_wconf 94' lang='lat' dir='ltr'>lis</span> <span class='ocrx_word' id='word_1_175' title='bbox 677 1758 836 1791; x_wconf 85' lang='lat' dir='ltr'>servari?</span> 
     </span>
     <span class='ocr_line' id='line_1_34' title="bbox 257 1806 848 1852; baseline 0.003 -12"><span class='ocrx_word' id='word_1_176' title='bbox 257 1807 316 1840; x_wconf 90' lang='lat' dir='ltr'>Or.</span> <span class='ocrx_word' id='word_1_177' title='bbox 344 1806 381 1839; x_wconf 89' lang='lat' dir='ltr'>Si</span> <span class='ocrx_word' id='word_1_178' title='bbox 399 1807 598 1851; x_wconf 78' lang='lat' dir='ltr'>contingat,</span> <span class='ocrx_word' id='word_1_179' title='bbox 626 1816 744 1852; x_wconf 90' lang='lat' dir='ltr'>posset</span> <span class='ocrx_word' id='word_1_180' title='bbox 761 1808 848 1842; x_wconf 85' lang='lat' dir='ltr'>fieri.</span> 
     </span>
    </p>
   </div>
   <div class='ocr_carea' id='block_1_3' title="bbox 260 391 332 433">
    <p class='ocr_par' dir='ltr' id='par_1_3' title="bbox 260 391 332 433">
     <span class='ocr_line' id='line_1_35' title="bbox 260 391 332 433; baseline -0.014 -10"><span class='ocrx_word' id='word_1_181' title='bbox 260 391 332 433; x_wconf 72' lang='lat' dir='ltr'>Pyl.</span> 
     </span>
    </p>
   </div>
   <div class='ocr_carea' id='block_1_4' title="bbox 255 1098 330 1140">
    <p class='ocr_par' dir='ltr' id='par_1_4' title="bbox 255 1098 330 1140">
     <span class='ocr_line' id='line_1_36' title="bbox 255 1098 330 1140; baseline -0.013 -10"><span class='ocrx_word' id='word_1_182' title='bbox 255 1098 330 1140; x_wconf 74' lang='lat' dir='ltr'>Pyl.</span> 
     </span>
    </p>
   </div>
   <div class='ocr_carea' id='block_1_5' title="bbox 205 1806 1197 2107">
    <p class='ocr_par' dir='ltr' id='par_1_5' title="bbox 205 1806 1197 2107">
     <span class='ocr_line' id='line_1_37' title="bbox 914 1806 1197 1853; baseline -0.007 -11"><span class='ocrx_word' id='word_1_183' title='bbox 914 1810 990 1852; x_wconf 72' lang='lat' dir='ltr'>Pyt.</span> <span class='ocrx_word' id='word_1_184' title='bbox 1019 1808 1114 1853; x_wconf 80' lang='lat' dir='ltr'>Ergo</span> <span class='ocrx_word' id='word_1_185' title='bbox 1129 1806 1197 1841; x_wconf 89' lang='lat' dir='ltr'>hoc</span> 
     </span>
     <span class='ocr_line' id='line_1_38' title="bbox 617 1860 1106 1904; baseline 0.004 -13"><span class='ocrx_word' id='word_1_186' title='bbox 617 1860 742 1893; x_wconf 86' lang='lat' dir='ltr'>melius</span> <span class='ocrx_word' id='word_1_187' title='bbox 758 1866 808 1893; x_wconf 87' lang='lat' dir='ltr'>est</span> <span class='ocrx_word' id='word_1_188' title='bbox 826 1871 933 1904; x_wconf 83' lang='lat' dir='ltr'>quam</span> <span class='ocrx_word' id='word_1_189' title='bbox 951 1872 1106 1893; x_wconf 81' lang='lat' dir='ltr'>manere.</span> 
     </span>
     <span class='ocr_line' id='line_1_39' title="bbox 643 1908 1195 1954; baseline -0.004 -11"><span class='ocrx_word' id='word_1_190' title='bbox 643 1912 719 1954; x_wconf 73' lang='lat' dir='ltr'>Pyt.</span> <span class='ocrx_word' id='word_1_191' title='bbox 745 1910 897 1943; x_wconf 75' lang='lat' dir='ltr'>Etiamsi</span> <span class='ocrx_word' id='word_1_192' title='bbox 920 1911 1104 1951; x_wconf 81' lang='lat' dir='ltr'>moriaris,</span> <span class='ocrx_word' id='word_1_193' title='bbox 1132 1908 1195 1943; x_wconf 84' lang='lat' dir='ltr'>ho-</span> 
     </span>
     <span class='ocr_line' id='line_1_40' title="bbox 612 1962 998 1995; baseline 0.005 -2"><span class='ocrx_word' id='word_1_194' title='bbox 612 1962 744 1995; x_wconf 87' lang='lat' dir='ltr'>nestius</span> <span class='ocrx_word' id='word_1_195' title='bbox 764 1968 814 1994; x_wconf 88' lang='lat' dir='ltr'>est</span> <span class='ocrx_word' id='word_1_196' title='bbox 828 1962 877 1994; x_wconf 90' lang='lat' dir='ltr'>sic</span> <span class='ocrx_word' id='word_1_197' title='bbox 895 1962 998 1995; x_wconf 86' lang='lat' dir='ltr'>mori.</span> 
     </span>
     <span class='ocr_line' id='line_1_41' title="bbox 205 2008 835 2046; baseline 0.008 -5"><span class='ocrx_word' id='word_1_198' title='bbox 205 2008 278 2042; x_wconf 88' lang='grc'>780</span> <span class='ocrx_word' id='word_1_199' title='bbox 305 2011 364 2043; x_wconf 88' lang='lat' dir='ltr'>Or.</span> <span class='ocrx_word' id='word_1_200' title='bbox 393 2009 516 2043; x_wconf 77' lang='lat' dir='ltr'>Habeo</span> <span class='ocrx_word' id='word_1_201' title='bbox 535 2010 662 2044; x_wconf 89' lang='lat' dir='ltr'>iustam</span> <span class='ocrx_word' id='word_1_202' title='bbox 681 2024 835 2046; x_wconf 83' lang='lat' dir='ltr'>cansam.</span> 
     </span>
     <span class='ocr_line' id='line_1_42' title="bbox 254 2060 1054 2107; baseline 0.003 -15"><span class='ocrx_word' id='word_1_203' title='bbox 254 2061 330 2102; x_wconf 71' lang='lat' dir='ltr'>Pyl.</span> <span class='ocrx_word' id='word_1_204' title='bbox 359 2060 451 2104; x_wconf 79' lang='lat' dir='ltr'>Opta</span> <span class='ocrx_word' id='word_1_205' title='bbox 468 2062 576 2094; x_wconf 76' lang='lat' dir='ltr'>inodo</span> <span class='ocrx_word' id='word_1_206' title='bbox 589 2088 597 2101; x_wconf 90' lang='lat'>,</span> <span class='ocrx_word' id='word_1_207' title='bbox 626 2070 663 2095; x_wconf 86' lang='lat' dir='ltr'>ut</span> <span class='ocrx_word' id='word_1_208' title='bbox 681 2062 727 2095; x_wconf 78' lang='lat' dir='ltr'>ita</span> <span class='ocrx_word' id='word_1_209' title='bbox 743 2063 905 2095; x_wconf 87' lang='lat' dir='ltr'>videatur</span> <span class='ocrx_word' id='word_1_210' title='bbox 923 2061 1054 2107; x_wconf 77' lang='lat' dir='ltr'>illis³¹).</span> 
     </span>
    </p>
   </div>
   <div class='ocr_carea' id='block_1_6' title="bbox 255 1907 589 1951">
    <p class='ocr_par' dir='ltr' id='par_1_6' title="bbox 255 1907 589 1951">
     <span class='ocr_line' id='line_1_43' title="bbox 255 1907 589 1951; baseline 0.003 -10"><span class='ocrx_word' id='word_1_211' title='bbox 255 1909 314 1941; x_wconf 89' lang='lat' dir='ltr'>Or.</span> <span class='ocrx_word' id='word_1_212' title='bbox 343 1907 444 1940; x_wconf 72' lang='lat' dir='ltr'>vado</span> <span class='ocrx_word' id='word_1_213' title='bbox 472 1908 589 1951; x_wconf 80' lang='lat' dir='ltr'>igitur.</span> 
     </span>
    </p>
   </div>
   <div class='ocr_carea' id='block_1_7' title="bbox 205 2147 407 2153">
    <p class='ocr_par' dir='ltr' id='par_1_7' title="bbox 205 2147 407 2153">
     <span class='ocr_line' id='line_1_44' title="bbox 205 2147 407 2153; baseline 0 0"><span class='ocrx_word' id='word_1_214' title='bbox 205 2147 407 2153; x_wconf 95' lang='lat' dir='ltr'> </span> 
     </span>
    </p>
   </div>
   <div class='ocr_carea' id='block_1_8' title="bbox 236 2199 1198 2717">
    <p class='ocr_par' dir='ltr' id='par_1_8' title="bbox 236 2199 1195 2260">
     <span class='ocr_line' id='line_1_45' title="bbox 236 2199 1195 2234; baseline 0.001 -9"><span class='ocrx_word' id='word_1_215' title='bbox 236 2201 284 2232; x_wconf 79' lang='lat'>26)</span> <span class='ocrx_word' id='word_1_216' title='bbox 305 2203 381 2229; x_wconf 87' lang='lat' dir='ltr'>nam]</span> <span class='ocrx_word' id='word_1_217' title='bbox 402 2201 443 2224; x_wconf 83' lang='lat' dir='ltr'>sic</span> <span class='ocrx_word' id='word_1_218' title='bbox 465 2203 514 2230; x_wconf 84' lang='lat'>(=</span> <span class='ocrx_word' id='word_1_219' title='bbox 532 2201 623 2231; x_wconf 76' lang='lat' dir='ltr'>Eun-ip.</span> <span class='ocrx_word' id='word_1_220' title='bbox 642 2199 711 2234; x_wconf 70' lang='grc' dir='ltr'>γάρ)</span> <span class='ocrx_word' id='word_1_221' title='bbox 732 2201 815 2225; x_wconf 75' lang='lat' dir='ltr'>Editt.</span> <span class='ocrx_word' id='word_1_222' title='bbox 838 2201 927 2233; x_wconf 70' lang='lat'><strong>¹562,</strong></span> <span class='ocrx_word' id='word_1_223' title='bbox 946 2203 1046 2233; x_wconf 86' lang='lat' dir='ltr'>Barn.‚</span> <span class='ocrx_word' id='word_1_224' title='bbox 1066 2202 1142 2232; x_wconf 75' lang='lat' dir='ltr'>Fix.;</span> <span class='ocrx_word' id='word_1_225' title='bbox 1169 2202 1195 2226; x_wconf 86' lang='lat' dir='ltr'>in</span> 
     </span>
     <span class='ocr_line' id='line_1_46' title="bbox 273 2236 524 2260; baseline 0.004 -2"><span class='ocrx_word' id='word_1_226' title='bbox 273 2236 321 2259; x_wconf 76' lang='lat' dir='ltr'>Ed.</span> <span class='ocrx_word' id='word_1_227' title='bbox 342 2236 415 2259; x_wconf 81' lang='lat'>¹558.</span> <span class='ocrx_word' id='word_1_228' title='bbox 437 2236 524 2260; x_wconf 83' lang='lat' dir='ltr'>deest.</span> 
     </span>
    </p>

    <p class='ocr_par' dir='ltr' id='par_1_9' title="bbox 236 2277 1195 2344">
     <span class='ocr_line' id='line_1_47' title="bbox 236 2277 1195 2316; baseline 0.003 -16"><span class='ocrx_word' id='word_1_229' title='bbox 236 2277 285 2305; x_wconf 81' lang='lat'>27)</span> <span class='ocrx_word' id='word_1_230' title='bbox 303 2279 408 2316; x_wconf 71' lang='lat' dir='ltr'>aflinvi]</span> <span class='ocrx_word' id='word_1_231' title='bbox 428 2278 469 2301; x_wconf 88' lang='lat' dir='ltr'>sic</span> <span class='ocrx_word' id='word_1_232' title='bbox 488 2279 536 2302; x_wconf 86' lang='lat' dir='ltr'>Ed.</span> <span class='ocrx_word' id='word_1_233' title='bbox 553 2279 644 2307; x_wconf 72' lang='lat'><strong>1562,;</strong></span> <span class='ocrx_word' id='word_1_234' title='bbox 663 2279 712 2303; x_wconf 75' lang='lat' dir='ltr'>Ed.</span> <span class='ocrx_word' id='word_1_235' title='bbox 731 2278 804 2302; x_wconf 76' lang='lat'>1558.</span> <span class='ocrx_word' id='word_1_236' title='bbox 825 2278 905 2301; x_wconf 84' lang='lat' dir='ltr'>simul</span> <span class='ocrx_word' id='word_1_237' title='bbox 925 2278 978 2302; x_wconf 82' lang='lat' dir='ltr'>feei</span> <span class='ocrx_word' id='word_1_238' title='bbox 998 2279 1105 2309; x_wconf 76' lang='lat' dir='ltr'>(Em-ip.</span> <span class='ocrx_word' id='word_1_239' title='bbox 1126 2286 1195 2303; x_wconf 78' lang='grc' dir='ltr'>συν-</span> 
     </span>
     <span class='ocr_line' id='line_1_48' title="bbox 274 2313 406 2344; baseline -0.008 -1"><span class='ocrx_word' id='word_1_240' title='bbox 274 2313 406 2344; x_wconf 61' lang='grc' dir='ltr'>ἴιθαμηνλ</span> 
     </span>
    </p>

    <p class='ocr_par' dir='ltr' id='par_1_10' title="bbox 238 2354 1196 2412">
     <span class='ocr_line' id='line_1_49' title="bbox 238 2354 1196 2412; baseline 0.002 -34"><span class='ocrx_word' id='word_1_241' title='bbox 238 2354 374 2412; x_wconf 32' lang='lat' dir='ltr'>&amp;afflicte</span> <span class='ocrx_word' id='word_1_242' title='bbox 389 2356 448 2379; x_wconf 79' lang='lat' dir='ltr'>voci</span> <span class='ocrx_word' id='word_1_243' title='bbox 461 2356 487 2379; x_wconf 85' lang='lat' dir='ltr'>in</span> <span class='ocrx_word' id='word_1_244' title='bbox 503 2363 589 2387; x_wconf 74' lang='lat' dir='ltr'>marg.</span> <span class='ocrx_word' id='word_1_245' title='bbox 605 2358 687 2380; x_wconf 80' lang='lat' dir='ltr'>Editt.</span> <span class='ocrx_word' id='word_1_246' title='bbox 706 2357 790 2387; x_wconf 60' lang='lat'>1558„</span> <span class='ocrx_word' id='word_1_247' title='bbox 813 2356 888 2380; x_wconf 82' lang='lat'>¹562.</span> <span class='ocrx_word' id='word_1_248' title='bbox 907 2356 1047 2386; x_wconf 73' lang='lat' dir='ltr'>adscripta</span> <span class='ocrx_word' id='word_1_249' title='bbox 1066 2358 1109 2380; x_wconf 82' lang='lat' dir='ltr'>est</span> <span class='ocrx_word' id='word_1_250' title='bbox 1127 2363 1196 2381; x_wconf 83' lang='lat' dir='ltr'>vox:</span> 
     </span>
    </p>

    <p class='ocr_par' dir='ltr' id='par_1_11' title="bbox 238 2431 1198 2532">
     <span class='ocr_line' id='line_1_50' title="bbox 238 2431 1198 2462; baseline 0.002 -7"><span class='ocrx_word' id='word_1_251' title='bbox 238 2432 286 2458; x_wconf 75' lang='lat'>29)</span> <span class='ocrx_word' id='word_1_252' title='bbox 306 2432 345 2454; x_wconf 86' lang='lat' dir='ltr'>De</span> <span class='ocrx_word' id='word_1_253' title='bbox 363 2432 455 2460; x_wconf 79' lang='lat' dir='ltr'>aliqua</span> <span class='ocrx_word' id='word_1_254' title='bbox 474 2439 504 2456; x_wconf 82' lang='lat' dir='ltr'>re</span> <span class='ocrx_word' id='word_1_255' title='bbox 522 2434 682 2457; x_wconf 82' lang='lat' dir='ltr'>necessaria</span> <span class='ocrx_word' id='word_1_256' title='bbox 693 2431 722 2462; x_wconf 66' lang='lat'>22]</span> <span class='ocrx_word' id='word_1_257' title='bbox 750 2433 790 2456; x_wconf 88' lang='lat' dir='ltr'>sic</span> <span class='ocrx_word' id='word_1_258' title='bbox 808 2433 856 2457; x_wconf 81' lang='lat' dir='ltr'>Ed.</span> <span class='ocrx_word' id='word_1_259' title='bbox 875 2433 966 2459; x_wconf 49' lang='lat'><strong>¹5624</strong></span> <span class='ocrx_word' id='word_1_260' title='bbox 999 2433 1046 2455; x_wconf 84' lang='lat' dir='ltr'>Ed.</span> <span class='ocrx_word' id='word_1_261' title='bbox 1065 2433 1138 2457; x_wconf 81' lang='lat'>¹558.</span> <span class='ocrx_word' id='word_1_262' title='bbox 1158 2434 1198 2457; x_wconf 84' lang='lat' dir='ltr'>De</span> 
     </span>
     <span class='ocr_line' id='line_1_51' title="bbox 274 2466 1196 2498; baseline 0.005 -11"><span class='ocrx_word' id='word_1_263' title='bbox 274 2466 367 2494; x_wconf 80' lang='lat' dir='ltr'>aliqua</span> <span class='ocrx_word' id='word_1_264' title='bbox 392 2472 422 2488; x_wconf 87' lang='lat' dir='ltr'>re</span> <span class='ocrx_word' id='word_1_265' title='bbox 448 2468 630 2496; x_wconf 72' lang='lat' dir='ltr'>necessaria.;</span> <span class='ocrx_word' id='word_1_266' title='bbox 668 2470 765 2494; x_wconf 76' lang='lat' dir='ltr'>Barn..</span> <span class='ocrx_word' id='word_1_267' title='bbox 793 2469 914 2498; x_wconf 54' lang='lat' dir='ltr'>musgr„</span> <span class='ocrx_word' id='word_1_268' title='bbox 947 2467 1006 2491; x_wconf 80' lang='lat' dir='ltr'>Fix.</span> <span class='ocrx_word' id='word_1_269' title='bbox 1036 2466 1080 2497; x_wconf 65' lang='grc' dir='ltr'>(ε</span> <span class='ocrx_word' id='word_1_270' title='bbox 1102 2468 1196 2497; x_wconf 75' lang='lat' dir='ltr'>Eun-ip.</span> 
     </span>
     <span class='ocr_line' id='line_1_52' title="bbox 273 2497 1014 2532; baseline 0.003 -11"><span class='ocrx_word' id='word_1_271' title='bbox 273 2500 347 2525; x_wconf 76' lang='grc' dir='ltr'><em>τίνος</em></span> <span class='ocrx_word' id='word_1_272' title='bbox 366 2497 520 2531; x_wconf 69' lang='grc' dir='ltr'><em>ἀναγκαίου</em></span> <span class='ocrx_word' id='word_1_273' title='bbox 540 2501 630 2532; x_wconf 65' lang='grc' dir='ltr'>πίρις)</span> <span class='ocrx_word' id='word_1_274' title='bbox 654 2503 690 2525; x_wconf 77' lang='lat' dir='ltr'>De</span> <span class='ocrx_word' id='word_1_275' title='bbox 711 2508 762 2532; x_wconf 81' lang='lat' dir='ltr'>qua</span> <span class='ocrx_word' id='word_1_276' title='bbox 783 2508 812 2524; x_wconf 85' lang='lat' dir='ltr'>re</span> <span class='ocrx_word' id='word_1_277' title='bbox 833 2498 1014 2524; x_wconf 67' lang='lat' dir='ltr'>necessaria?</span> 
     </span>
    </p>

    <p class='ocr_par' dir='ltr' id='par_1_12' title="bbox 238 2541 1197 2640">
     <span class='ocr_line' id='line_1_53' title="bbox 238 2541 1197 2573; baseline 0.003 -9"><span class='ocrx_word' id='word_1_278' title='bbox 238 2541 284 2571; x_wconf 79' lang='lat'>30)</span> <span class='ocrx_word' id='word_1_279' title='bbox 305 2543 430 2571; x_wconf 69' lang='lat' dir='ltr'>Vereor,</span> <span class='ocrx_word' id='word_1_280' title='bbox 460 2545 489 2565; x_wconf 89' lang='lat' dir='ltr'>nt</span> <span class='ocrx_word' id='word_1_281' title='bbox 515 2544 541 2566; x_wconf 83' lang='lat' dir='ltr'>te</span> <span class='ocrx_word' id='word_1_282' title='bbox 560 2545 613 2567; x_wconf 65' lang='lat' dir='ltr'>siut</span> <span class='ocrx_word' id='word_1_283' title='bbox 634 2545 737 2572; x_wconf 62' lang='lat' dir='ltr'>placide</span> <span class='ocrx_word' id='word_1_284' title='bbox 757 2544 920 2573; x_wconf 63' lang='lat' dir='ltr'>aci-ephiri]</span> <span class='ocrx_word' id='word_1_285' title='bbox 948 2544 987 2566; x_wconf 86' lang='lat' dir='ltr'>sie</span> <span class='ocrx_word' id='word_1_286' title='bbox 1007 2544 1089 2567; x_wconf 69' lang='lat' dir='ltr'>Editt.</span> <span class='ocrx_word' id='word_1_287' title='bbox 1113 2545 1197 2573; x_wconf 65' lang='lat'>15⁶2,</span> 
     </span>
     <span class='ocr_line' id='line_1_54' title="bbox 276 2577 1197 2606; baseline 0.003 -7"><span class='ocrx_word' id='word_1_288' title='bbox 276 2578 373 2605; x_wconf 78' lang='lat' dir='ltr'>Barn.;</span> <span class='ocrx_word' id='word_1_289' title='bbox 402 2577 451 2602; x_wconf 74' lang='lat' dir='ltr'>Ed.</span> <span class='ocrx_word' id='word_1_290' title='bbox 469 2578 540 2600; x_wconf 63' lang='lat'>1558.</span> <span class='ocrx_word' id='word_1_291' title='bbox 562 2579 599 2601; x_wconf 70' lang='lat' dir='ltr'>Ne</span> <span class='ocrx_word' id='word_1_292' title='bbox 621 2579 735 2600; x_wconf 77' lang='lat' dir='ltr'>libenter</span> <span class='ocrx_word' id='word_1_293' title='bbox 754 2581 781 2601; x_wconf 86' lang='lat' dir='ltr'>te</span> <span class='ocrx_word' id='word_1_294' title='bbox 801 2579 990 2602; x_wconf 80' lang='lat' dir='ltr'>condemnent.</span> <span class='ocrx_word' id='word_1_295' title='bbox 1011 2578 1101 2606; x_wconf 48' lang='lat' dir='ltr'>wia:</span> <span class='ocrx_word' id='word_1_296' title='bbox 1130 2579 1197 2602; x_wconf 81' lang='lat' dir='ltr'>Vide</span> 
     </span>
     <span class='ocr_line' id='line_1_55' title="bbox 276 2612 762 2640; baseline -0.002 -6"><span class='ocrx_word' id='word_1_297' title='bbox 276 2617 309 2633; x_wconf 87' lang='lat' dir='ltr'>ne</span> <span class='ocrx_word' id='word_1_298' title='bbox 328 2613 355 2634; x_wconf 80' lang='lat' dir='ltr'>te</span> <span class='ocrx_word' id='word_1_299' title='bbox 373 2612 603 2640; x_wconf 76' lang='lat' dir='ltr'>comprehendant</span> <span class='ocrx_word' id='word_1_300' title='bbox 622 2613 762 2639; x_wconf 71' lang='lat' dir='ltr'>libentes),</span> 
     </span>
    </p>

    <p class='ocr_par' dir='ltr' id='par_1_13' title="bbox 238 2652 1193 2717">
     <span class='ocr_line' id='line_1_56' title="bbox 238 2652 1193 2685; baseline 0.003 -9"><span class='ocrx_word' id='word_1_301' title='bbox 238 2652 286 2684; x_wconf 80' lang='lat'>31)</span> <span class='ocrx_word' id='word_1_302' title='bbox 307 2656 335 2676; x_wconf 84' lang='lat' dir='ltr'>ut</span> <span class='ocrx_word' id='word_1_303' title='bbox 354 2654 391 2676; x_wconf 83' lang='lat' dir='ltr'>ita</span> <span class='ocrx_word' id='word_1_304' title='bbox 410 2654 534 2677; x_wconf 70' lang='lat' dir='ltr'>videatur</span> <span class='ocrx_word' id='word_1_305' title='bbox 553 2654 632 2681; x_wconf 55' lang='lat' dir='ltr'>inis]</span> <span class='ocrx_word' id='word_1_306' title='bbox 651 2654 691 2677; x_wconf 84' lang='lat' dir='ltr'>sic</span> <span class='ocrx_word' id='word_1_307' title='bbox 712 2654 795 2677; x_wconf 76' lang='lat' dir='ltr'>Editt.</span> <span class='ocrx_word' id='word_1_308' title='bbox 808 2654 898 2685; x_wconf 51' lang='lat'><strong>¹562„</strong></span> <span class='ocrx_word' id='word_1_309' title='bbox 920 2656 1016 2685; x_wconf 66' lang='lat' dir='ltr'>natm,</span> <span class='ocrx_word' id='word_1_310' title='bbox 1037 2655 1113 2685; x_wconf 72' lang='lat' dir='ltr'>Fix.;</span> <span class='ocrx_word' id='word_1_311' title='bbox 1143 2657 1193 2680; x_wconf 84' lang='lat' dir='ltr'>Ed.</span> 
     </span>
     <span class='ocr_line' id='line_1_57' title="bbox 277 2688 533 2717; baseline 0.004 -7"><span class='ocrx_word' id='word_1_312' title='bbox 277 2688 350 2712; x_wconf 58' lang='lat'>1553.</span> <span class='ocrx_word' id='word_1_313' title='bbox 373 2689 400 2710; x_wconf 89' lang='lat' dir='ltr'>ut</span> <span class='ocrx_word' id='word_1_314' title='bbox 420 2689 533 2717; x_wconf 78' lang='lat' dir='ltr'>puteris.</span> 
     </span>
    </p>
   </div>
   <div class='ocr_carea' id='block_1_9' title="bbox 957 103 1672 140">
    <p class='ocr_par' dir='ltr' id='par_1_14' title="bbox 957 103 1672 140">
     <span class='ocr_line' id='line_1_58' title="bbox 957 103 1672 140; baseline 0.004 -3"><span class='ocrx_word' id='word_1_315' title='bbox 957 103 1069 140; x_wconf 81' lang='lat' dir='ltr'>MEL.</span> <span class='ocrx_word' id='word_1_316' title='bbox 1099 104 1301 140; x_wconf 74' lang='lat' dir='ltr'>SCRIPTA</span> <span class='ocrx_word' id='word_1_317' title='bbox 1335 105 1672 140; x_wconf 86' lang='lat' dir='ltr'>PHILOLOGICA.</span> 
     </span>
    </p>
   </div>
   <div class='ocr_carea' id='block_1_10' title="bbox 2169 109 2245 144">
    <p class='ocr_par' dir='ltr' id='par_1_15' title="bbox 2169 109 2245 144">
     <span class='ocr_line' id='line_1_59' title="bbox 2169 109 2245 144; baseline 0.013 -1"><span class='ocrx_word' id='word_1_318' title='bbox 2169 109 2245 144; x_wconf 78' lang='lat'>364</span> 
     </span>
    </p>
   </div>
   <div class='ocr_carea' id='block_1_11' title="bbox 1250 189 2244 2360">
    <p class='ocr_par' dir='ltr' id='par_1_16' title="bbox 1306 189 2244 274">
     <span class='ocr_line' id='line_1_60' title="bbox 1306 189 2244 236; baseline 0 -10"><span class='ocrx_word' id='word_1_319' title='bbox 1306 194 1365 227; x_wconf 89' lang='lat' dir='ltr'>Or.</span> <span class='ocrx_word' id='word_1_320' title='bbox 1392 192 1500 225; x_wconf 80' lang='lat' dir='ltr'>Recte</span> <span class='ocrx_word' id='word_1_321' title='bbox 1520 192 1626 231; x_wconf 84' lang='lat' dir='ltr'>dicis,</span> <span class='ocrx_word' id='word_1_322' title='bbox 1655 189 1820 233; x_wconf 77' lang='lat' dir='ltr'>effugiam</span> <span class='ocrx_word' id='word_1_323' title='bbox 1843 192 1891 225; x_wconf 88' lang='lat' dir='ltr'>sic</span> <span class='ocrx_word' id='word_1_324' title='bbox 1916 192 2122 236; x_wconf 85' lang='lat' dir='ltr'>opinionem</span> <span class='ocrx_word' id='word_1_325' title='bbox 2150 193 2244 226; x_wconf 85' lang='lat' dir='ltr'>timi-</span> 
     </span>
     <span class='ocr_line' id='line_1_61' title="bbox 1664 240 1795 274; baseline 0.008 -1"><span class='ocrx_word' id='word_1_326' title='bbox 1664 240 1795 274; x_wconf 84' lang='lat' dir='ltr'>ditatis.</span> 
     </span>
    </p>

    <p class='ocr_par' dir='ltr' id='par_1_17' title="bbox 1304 292 2243 378">
     <span class='ocr_line' id='line_1_62' title="bbox 1304 292 2243 338; baseline 0.001 -12"><span class='ocrx_word' id='word_1_327' title='bbox 1304 294 1380 337; x_wconf 71' lang='lat' dir='ltr'>Pyt.</span> <span class='ocrx_word' id='word_1_328' title='bbox 1411 292 1525 336; x_wconf 77' lang='lat' dir='ltr'>Magis</span> <span class='ocrx_word' id='word_1_329' title='bbox 1550 303 1656 337; x_wconf 81' lang='lat' dir='ltr'>quam</span> <span class='ocrx_word' id='word_1_330' title='bbox 1679 302 1839 325; x_wconf 84' lang='lat' dir='ltr'>manens.</span> <span class='ocrx_word' id='word_1_331' title='bbox 1918 294 1976 326; x_wconf 90' lang='lat' dir='ltr'>Or.</span> <span class='ocrx_word' id='word_1_332' title='bbox 2010 292 2149 338; x_wconf 85' lang='lat' dir='ltr'>Aliquis</span> <span class='ocrx_word' id='word_1_333' title='bbox 2171 295 2243 327; x_wconf 85' lang='lat' dir='ltr'>for-</span> 
     </span>
     <span class='ocr_line' id='line_1_63' title="bbox 1665 342 2102 378; baseline 0.007 -4"><span class='ocrx_word' id='word_1_334' title='bbox 1665 348 1755 375; x_wconf 88' lang='lat' dir='ltr'>tasse</span> <span class='ocrx_word' id='word_1_335' title='bbox 1779 342 2003 376; x_wconf 84' lang='lat' dir='ltr'>miserebitur</span> <span class='ocrx_word' id='word_1_336' title='bbox 2022 344 2102 378; x_wconf 89' lang='lat' dir='ltr'>mei.</span> 
     </span>
    </p>

    <p class='ocr_par' dir='ltr' id='par_1_18' title="bbox 1304 392 2242 486">
     <span class='ocr_line' id='line_1_64' title="bbox 1304 392 2242 437; baseline -0.001 -10"><span class='ocrx_word' id='word_1_337' title='bbox 1304 394 1379 437; x_wconf 75' lang='lat' dir='ltr'>Pyt.</span> <span class='ocrx_word' id='word_1_338' title='bbox 1409 394 1538 436; x_wconf 83' lang='lat' dir='ltr'>Magna</span> <span class='ocrx_word' id='word_1_339' title='bbox 1564 405 1620 425; x_wconf 88' lang='lat' dir='ltr'>res</span> <span class='ocrx_word' id='word_1_340' title='bbox 1643 398 1694 425; x_wconf 83' lang='lat' dir='ltr'>est</span> <span class='ocrx_word' id='word_1_341' title='bbox 1715 392 1881 426; x_wconf 70' lang='lat' dir='ltr'>nobilitas</span> <span class='ocrx_word' id='word_1_342' title='bbox 1900 399 1972 426; x_wconf 83' lang='lat' dir='ltr'>tua.</span> <span class='ocrx_word' id='word_1_343' title='bbox 2024 397 2082 429; x_wconf 88' lang='lat' dir='ltr'>Or.</span> <span class='ocrx_word' id='word_1_344' title='bbox 2108 394 2242 429; x_wconf 83' lang='lat' dir='ltr'>Dolens</span> 
     </span>
     <span class='ocr_line' id='line_1_65' title="bbox 1664 450 2038 486; baseline 0.008 -12"><span class='ocrx_word' id='word_1_345' title='bbox 1664 450 1848 486; x_wconf 84' lang='lat' dir='ltr'>paternam</span> <span class='ocrx_word' id='word_1_346' title='bbox 1875 450 2038 478; x_wconf 87' lang='lat' dir='ltr'>mortem.</span> 
     </span>
    </p>

    <p class='ocr_par' dir='ltr' id='par_1_19' title="bbox 1304 493 2113 539">
     <span class='ocr_line' id='line_1_66' title="bbox 1304 493 2113 539; baseline 0.004 -13"><span class='ocrx_word' id='word_1_347' title='bbox 1304 494 1379 537; x_wconf 68' lang='lat' dir='ltr'>Pyl.</span> <span class='ocrx_word' id='word_1_348' title='bbox 1407 493 1467 526; x_wconf 84' lang='lat' dir='ltr'>Illa</span> <span class='ocrx_word' id='word_1_349' title='bbox 1488 494 1607 526; x_wconf 81' lang='lat' dir='ltr'>omnia</span> <span class='ocrx_word' id='word_1_350' title='bbox 1628 493 1707 538; x_wconf 89' lang='lat' dir='ltr'>plus</span> <span class='ocrx_word' id='word_1_351' title='bbox 1723 494 1843 527; x_wconf 86' lang='lat' dir='ltr'>valent</span> <span class='ocrx_word' id='word_1_352' title='bbox 1860 494 1895 527; x_wconf 88' lang='lat' dir='ltr'>in</span> <span class='ocrx_word' id='word_1_353' title='bbox 1913 501 2113 539; x_wconf 87' lang='lat' dir='ltr'>conspectu.</span> 
     </span>
    </p>

    <p class='ocr_par' dir='ltr' id='par_1_20' title="bbox 1304 544 2242 638">
     <span class='ocr_line' id='line_1_67' title="bbox 1304 544 2242 585; baseline 0.002 -7"><span class='ocrx_word' id='word_1_354' title='bbox 1304 546 1362 578; x_wconf 88' lang='lat' dir='ltr'>Or.</span> <span class='ocrx_word' id='word_1_355' title='bbox 1392 544 1589 584; x_wconf 87' lang='lat' dir='ltr'>„Eundum</span> <span class='ocrx_word' id='word_1_356' title='bbox 1618 550 1688 583; x_wconf 87' lang='lat' dir='ltr'>est,</span> <span class='ocrx_word' id='word_1_357' title='bbox 1723 557 1795 577; x_wconf 91' lang='lat' dir='ltr'>non</span> <span class='ocrx_word' id='word_1_358' title='bbox 1818 551 1868 579; x_wconf 90' lang='lat' dir='ltr'>est</span> <span class='ocrx_word' id='word_1_359' title='bbox 1891 545 2012 585; x_wconf 88' lang='lat' dir='ltr'>virile,</span> <span class='ocrx_word' id='word_1_360' title='bbox 2052 545 2146 579; x_wconf 84' lang='lat' dir='ltr'>mori</span> <span class='ocrx_word' id='word_1_361' title='bbox 2168 559 2242 580; x_wconf 89' lang='lat' dir='ltr'>non</span> 
     </span>
     <span class='ocr_line' id='line_1_68' title="bbox 1662 595 1825 638; baseline 0.006 -11"><span class='ocrx_word' id='word_1_362' title='bbox 1662 595 1825 638; x_wconf 85' lang='lat' dir='ltr'>gloriose.</span> 
     </span>
    </p>

    <p class='ocr_par' dir='ltr' id='par_1_21' title="bbox 1251 643 2240 692">
     <span class='ocr_line' id='line_1_69' title="bbox 1251 643 2240 692; baseline 0.003 -14"><span class='ocrx_word' id='word_1_363' title='bbox 1251 643 1325 678; x_wconf 86' lang='lat'>785</span> <span class='ocrx_word' id='word_1_364' title='bbox 1353 646 1430 689; x_wconf 75' lang='lat' dir='ltr'>Pyt.</span> <span class='ocrx_word' id='word_1_365' title='bbox 1467 644 1592 679; x_wconf 82' lang='lat' dir='ltr'>Laudo</span> <span class='ocrx_word' id='word_1_366' title='bbox 1626 645 1703 679; x_wconf 80' lang='lat' dir='ltr'>ista.</span> <span class='ocrx_word' id='word_1_367' title='bbox 1778 648 1837 680; x_wconf 92' lang='lat' dir='ltr'>Or.</span> <span class='ocrx_word' id='word_1_368' title='bbox 1878 645 1935 678; x_wconf 87' lang='lat' dir='ltr'>An</span> <span class='ocrx_word' id='word_1_369' title='bbox 1967 647 2082 680; x_wconf 76' lang='lat' dir='ltr'>dicam</span> <span class='ocrx_word' id='word_1_370' title='bbox 2097 647 2145 692; x_wconf 71' lang='lat'>³²)</span> <span class='ocrx_word' id='word_1_371' title='bbox 2174 647 2240 682; x_wconf 80' lang='lat' dir='ltr'>ista</span> 
     </span>
    </p>

    <p class='ocr_par' dir='ltr' id='par_1_22' title="bbox 1663 696 1925 730">
     <span class='ocr_line' id='line_1_70' title="bbox 1663 696 1925 730; baseline 0.004 -2"><span class='ocrx_word' id='word_1_372' title='bbox 1663 708 1762 729; x_wconf 86' lang='lat' dir='ltr'>meae</span> <span class='ocrx_word' id='word_1_373' title='bbox 1782 696 1925 730; x_wconf 77' lang='lat' dir='ltr'>sorori?</span> 
     </span>
    </p>

    <p class='ocr_par' dir='ltr' id='par_1_23' title="bbox 1303 746 2215 794">
     <span class='ocr_line' id='line_1_71' title="bbox 1303 746 2215 794; baseline 0.003 -15"><span class='ocrx_word' id='word_1_374' title='bbox 1303 747 1379 790; x_wconf 74' lang='lat' dir='ltr'>Pyt.</span> <span class='ocrx_word' id='word_1_375' title='bbox 1407 746 1488 779; x_wconf 86' lang='lat' dir='ltr'>Non</span> <span class='ocrx_word' id='word_1_376' title='bbox 1507 758 1571 790; x_wconf 89' lang='lat' dir='ltr'>per</span> <span class='ocrx_word' id='word_1_377' title='bbox 1590 746 1696 780; x_wconf 89' lang='lat' dir='ltr'>Deos.</span> <span class='ocrx_word' id='word_1_378' title='bbox 1751 749 1810 781; x_wconf 88' lang='lat' dir='ltr'>Or.</span> <span class='ocrx_word' id='word_1_379' title='bbox 1837 747 1982 780; x_wconf 89' lang='lat' dir='ltr'>Fierent</span> <span class='ocrx_word' id='word_1_380' title='bbox 1998 746 2215 794; x_wconf 78' lang='lat' dir='ltr'>lachrymae.</span> 
     </span>
    </p>

    <p class='ocr_par' dir='ltr' id='par_1_24' title="bbox 1302 796 2240 881">
     <span class='ocr_line' id='line_1_72' title="bbox 1302 796 2240 843; baseline 0.003 -13"><span class='ocrx_word' id='word_1_381' title='bbox 1302 798 1378 841; x_wconf 71' lang='lat' dir='ltr'>Pyl.</span> <span class='ocrx_word' id='word_1_382' title='bbox 1407 797 1576 840; x_wconf 82' lang='lat' dir='ltr'>Magnum</span> <span class='ocrx_word' id='word_1_383' title='bbox 1594 804 1645 831; x_wconf 90' lang='lat' dir='ltr'>est</span> <span class='ocrx_word' id='word_1_384' title='bbox 1661 796 1729 830; x_wconf 81' lang='lat' dir='ltr'>hoc</span> <span class='ocrx_word' id='word_1_385' title='bbox 1747 810 1864 831; x_wconf 88' lang='lat' dir='ltr'>omen.</span> <span class='ocrx_word' id='word_1_386' title='bbox 1919 800 1977 832; x_wconf 85' lang='lat' dir='ltr'>Or.</span> <span class='ocrx_word' id='word_1_387' title='bbox 2004 798 2097 843; x_wconf 83' lang='lat' dir='ltr'>Ergo</span> <span class='ocrx_word' id='word_1_388' title='bbox 2115 799 2240 834; x_wconf 88' lang='lat' dir='ltr'>melius</span> 
     </span>
     <span class='ocr_line' id='line_1_73' title="bbox 1667 854 1793 881; baseline 0 -1"><span class='ocrx_word' id='word_1_389' title='bbox 1667 854 1793 881; x_wconf 85' lang='lat' dir='ltr'>tacere.</span> 
     </span>
    </p>

    <p class='ocr_par' dir='ltr' id='par_1_25' title="bbox 1303 898 1902 942">
     <span class='ocr_line' id='line_1_74' title="bbox 1303 898 1902 942; baseline 0.002 -13"><span class='ocrx_word' id='word_1_390' title='bbox 1303 899 1375 942; x_wconf 71' lang='lat' dir='ltr'>Pyt.</span> <span class='ocrx_word' id='word_1_391' title='bbox 1414 898 1594 942; x_wconf 85' lang='lat' dir='ltr'>Tempore</span> <span class='ocrx_word' id='word_1_392' title='bbox 1623 899 1759 931; x_wconf 88' lang='lat' dir='ltr'>lucrum</span> <span class='ocrx_word' id='word_1_393' title='bbox 1786 898 1902 931; x_wconf 86' lang='lat' dir='ltr'>facies.</span> 
     </span>
    </p>

    <p class='ocr_par' dir='ltr' id='par_1_26' title="bbox 1314 947 1925 991">
     <span class='ocr_line' id='line_1_75' title="bbox 1314 947 1925 991; baseline 0 -9"><span class='ocrx_word' id='word_1_394' title='bbox 1314 988 1316 991; x_wconf 21' lang='grc' dir='ltr'><strong>Υ</strong></span> <span class='ocrx_word' id='word_1_395' title='bbox 1667 947 1753 982; x_wconf 82' lang='lat' dir='ltr'>mihi</span> <span class='ocrx_word' id='word_1_396' title='bbox 1772 949 1925 982; x_wconf 80' lang='lat' dir='ltr'>difficile.</span> 
     </span>
    </p>

    <p class='ocr_par' dir='ltr' id='par_1_27' title="bbox 1302 996 2000 1045">
     <span class='ocr_line' id='line_1_76' title="bbox 1302 996 2000 1045; baseline -0.001 -11"><span class='ocrx_word' id='word_1_397' title='bbox 1302 1001 1379 1044; x_wconf 73' lang='lat' dir='ltr'>Pyl.</span> <span class='ocrx_word' id='word_1_398' title='bbox 1409 999 1504 1043; x_wconf 86' lang='lat' dir='ltr'>Quid</span> <span class='ocrx_word' id='word_1_399' title='bbox 1522 996 1614 1032; x_wconf 83' lang='lat' dir='ltr'>hoc?</span> <span class='ocrx_word' id='word_1_400' title='bbox 1643 1000 1778 1045; x_wconf 84' lang='lat' dir='ltr'>aliquid</span> <span class='ocrx_word' id='word_1_401' title='bbox 1797 1000 1882 1032; x_wconf 81' lang='lat' dir='ltr'>novi</span> <span class='ocrx_word' id='word_1_402' title='bbox 1902 999 2000 1034; x_wconf 90' lang='lat' dir='ltr'>dicis.</span> 
     </span>
    </p>

    <p class='ocr_par' dir='ltr' id='par_1_28' title="bbox 1303 1049 2056 1095">
     <span class='ocr_line' id='line_1_77' title="bbox 1303 1049 2056 1095; baseline 0.001 -11"><span class='ocrx_word' id='word_1_403' title='bbox 1303 1054 1360 1085; x_wconf 95' lang='lat' dir='ltr'>Or.</span> <span class='ocrx_word' id='word_1_404' title='bbox 1388 1050 1441 1083; x_wconf 89' lang='lat' dir='ltr'>Ne</span> <span class='ocrx_word' id='word_1_405' title='bbox 1459 1051 1546 1082; x_wconf 87' lang='lat' dir='ltr'>deae</span> <span class='ocrx_word' id='word_1_406' title='bbox 1564 1063 1620 1082; x_wconf 87' lang='lat' dir='ltr'>me</span> <span class='ocrx_word' id='word_1_407' title='bbox 1639 1049 1909 1095; x_wconf 71' lang='lat' dir='ltr'>apprehendant</span> <span class='ocrx_word' id='word_1_408' title='bbox 1927 1058 2056 1085; x_wconf 89' lang='lat' dir='ltr'>oestro.</span> 
     </span>
    </p>

    <p class='ocr_par' dir='ltr' id='par_1_29' title="bbox 1301 1101 1695 1145">
     <span class='ocr_line' id='line_1_78' title="bbox 1301 1101 1695 1145; baseline -0.003 -10"><span class='ocrx_word' id='word_1_409' title='bbox 1301 1103 1378 1145; x_wconf 73' lang='lat' dir='ltr'>Pyt.</span> <span class='ocrx_word' id='word_1_410' title='bbox 1407 1101 1482 1143; x_wconf 78' lang='lat' dir='ltr'>Ego</span> <span class='ocrx_word' id='word_1_411' title='bbox 1500 1101 1632 1133; x_wconf 75' lang='lat' dir='ltr'>curabo</span> <span class='ocrx_word' id='word_1_412' title='bbox 1651 1108 1695 1134; x_wconf 88' lang='lat' dir='ltr'>te.</span> 
     </span>
    </p>

    <p class='ocr_par' dir='ltr' id='par_1_30' title="bbox 1250 1150 2240 1285">
     <span class='ocr_line' id='line_1_79' title="bbox 1250 1150 2210 1194; baseline 0 -9"><span class='ocrx_word' id='word_1_413' title='bbox 1250 1152 1325 1185; x_wconf 85' lang='lat'>790</span> <span class='ocrx_word' id='word_1_414' title='bbox 1355 1155 1414 1186; x_wconf 91' lang='lat' dir='ltr'>Or.</span> <span class='ocrx_word' id='word_1_415' title='bbox 1441 1150 1592 1183; x_wconf 81' lang='lat' dir='ltr'>Difficile</span> <span class='ocrx_word' id='word_1_416' title='bbox 1609 1157 1660 1184; x_wconf 88' lang='lat' dir='ltr'>est</span> <span class='ocrx_word' id='word_1_417' title='bbox 1676 1158 1820 1194; x_wconf 84' lang='lat' dir='ltr'>tangere</span> <span class='ocrx_word' id='word_1_418' title='bbox 1837 1152 2064 1194; x_wconf 80' lang='lat' dir='ltr'>languentem</span> <span class='ocrx_word' id='word_1_419' title='bbox 2082 1152 2210 1185; x_wconf 81' lang='lat' dir='ltr'>virum.</span> 
     </span>
     <span class='ocr_line' id='line_1_80' title="bbox 1306 1199 2240 1247; baseline 0 -11"><span class='ocrx_word' id='word_1_420' title='bbox 1306 1204 1378 1247; x_wconf 73' lang='lat' dir='ltr'>Pyt.</span> <span class='ocrx_word' id='word_1_421' title='bbox 1414 1202 1496 1236; x_wconf 88' lang='lat' dir='ltr'>Non</span> <span class='ocrx_word' id='word_1_422' title='bbox 1523 1199 1611 1234; x_wconf 84' lang='lat' dir='ltr'>mihi</span> <span class='ocrx_word' id='word_1_423' title='bbox 1635 1208 1679 1235; x_wconf 87' lang='lat' dir='ltr'>te.</span> <span class='ocrx_word' id='word_1_424' title='bbox 1756 1203 1813 1235; x_wconf 92' lang='lat' dir='ltr'>Or.</span> <span class='ocrx_word' id='word_1_425' title='bbox 1850 1201 1942 1234; x_wconf 87' lang='lat' dir='ltr'>Cave</span> <span class='ocrx_word' id='word_1_426' title='bbox 1965 1201 2041 1234; x_wconf 82' lang='lat' dir='ltr'>fieri</span> <span class='ocrx_word' id='word_1_427' title='bbox 2065 1203 2240 1247; x_wconf 73' lang='lat' dir='ltr'>particeps</span> 
     </span>
     <span class='ocr_line' id='line_1_81' title="bbox 1661 1252 1898 1285; baseline 0.004 -1"><span class='ocrx_word' id='word_1_428' title='bbox 1661 1252 1730 1284; x_wconf 89' lang='lat' dir='ltr'>mei</span> <span class='ocrx_word' id='word_1_429' title='bbox 1757 1252 1898 1285; x_wconf 78' lang='lat' dir='ltr'>suroris.</span> 
     </span>
    </p>

    <p class='ocr_par' dir='ltr' id='par_1_31' title="bbox 1301 1302 2114 1347">
     <span class='ocr_line' id='line_1_82' title="bbox 1301 1302 2114 1347; baseline 0 -11"><span class='ocrx_word' id='word_1_430' title='bbox 1301 1304 1377 1347; x_wconf 71' lang='lat' dir='ltr'>Pyt.</span> <span class='ocrx_word' id='word_1_431' title='bbox 1409 1302 1484 1334; x_wconf 90' lang='lat' dir='ltr'>Hoc</span> <span class='ocrx_word' id='word_1_432' title='bbox 1499 1302 1627 1336; x_wconf 74' lang='lat' dir='ltr'>valeat.</span> <span class='ocrx_word' id='word_1_433' title='bbox 1682 1304 1740 1337; x_wconf 88' lang='lat' dir='ltr'>Or.</span> <span class='ocrx_word' id='word_1_434' title='bbox 1768 1302 1851 1337; x_wconf 76' lang='lat' dir='ltr'>Non</span> <span class='ocrx_word' id='word_1_435' title='bbox 1869 1302 2114 1336; x_wconf 74' lang='lat' dir='ltr'>cunctaberis?</span> 
     </span>
    </p>

    <p class='ocr_par' dir='ltr' id='par_1_32' title="bbox 1302 1353 2088 1398">
     <span class='ocr_line' id='line_1_83' title="bbox 1302 1353 2088 1398; baseline 0.001 -11"><span class='ocrx_word' id='word_1_436' title='bbox 1302 1355 1378 1398; x_wconf 76' lang='lat' dir='ltr'>Pyt.</span> <span class='ocrx_word' id='word_1_437' title='bbox 1408 1353 1542 1392; x_wconf 84' lang='lat' dir='ltr'>„Mora</span> <span class='ocrx_word' id='word_1_438' title='bbox 1566 1353 1670 1385; x_wconf 85' lang='lat' dir='ltr'>amici</span> <span class='ocrx_word' id='word_1_439' title='bbox 1687 1360 1737 1386; x_wconf 89' lang='lat' dir='ltr'>est</span> <span class='ocrx_word' id='word_1_440' title='bbox 1754 1366 1922 1397; x_wconf 82' lang='lat' dir='ltr'>magnum</span> <span class='ocrx_word' id='word_1_441' title='bbox 1941 1354 2088 1388; x_wconf 83' lang='lat' dir='ltr'>malum.</span> 
     </span>
    </p>

    <p class='ocr_par' dir='ltr' id='par_1_33' title="bbox 1304 1403 2103 1447">
     <span class='ocr_line' id='line_1_84' title="bbox 1304 1403 2103 1447; baseline 0.004 -13"><span class='ocrx_word' id='word_1_442' title='bbox 1304 1406 1362 1438; x_wconf 85' lang='lat' dir='ltr'>Or.</span> <span class='ocrx_word' id='word_1_443' title='bbox 1391 1403 1543 1443; x_wconf 71' lang='lat' dir='ltr'>‚,Va‹lc‚</span> <span class='ocrx_word' id='word_1_444' title='bbox 1571 1416 1591 1436; x_wconf 95' lang='lat' dir='ltr'>o</span> <span class='ocrx_word' id='word_1_445' title='bbox 1608 1404 1884 1447; x_wconf 78' lang='lat' dir='ltr'>gubernaculum</span> <span class='ocrx_word' id='word_1_446' title='bbox 1903 1404 1972 1436; x_wconf 87' lang='lat' dir='ltr'>mei</span> <span class='ocrx_word' id='word_1_447' title='bbox 1992 1404 2103 1447; x_wconf 89' lang='lat' dir='ltr'>pedis.</span> 
     </span>
    </p>

    <p class='ocr_par' dir='ltr' id='par_1_34' title="bbox 1300 1454 1994 1499">
     <span class='ocr_line' id='line_1_85' title="bbox 1300 1454 1994 1499; baseline -0.001 -11"><span class='ocrx_word' id='word_1_448' title='bbox 1300 1457 1377 1499; x_wconf 74' lang='lat' dir='ltr'>Pyl.</span> <span class='ocrx_word' id='word_1_449' title='bbox 1406 1454 1547 1487; x_wconf 89' lang='lat' dir='ltr'>Tenens</span> <span class='ocrx_word' id='word_1_450' title='bbox 1563 1467 1684 1486; x_wconf 79' lang='lat' dir='ltr'>curam</span> <span class='ocrx_word' id='word_1_451' title='bbox 1703 1455 1846 1498; x_wconf 85' lang='lat' dir='ltr'>dignam</span> <span class='ocrx_word' id='word_1_452' title='bbox 1868 1454 1994 1487; x_wconf 82' lang='lat' dir='ltr'>amico.</span> 
     </span>
    </p>

    <p class='ocr_par' dir='ltr' id='par_1_35' title="bbox 1303 1502 2118 1549">
     <span class='ocr_line' id='line_1_86' title="bbox 1303 1502 2118 1549; baseline 0.001 -10"><span class='ocrx_word' id='word_1_453' title='bbox 1303 1507 1362 1539; x_wconf 90' lang='lat' dir='ltr'>Or.</span> <span class='ocrx_word' id='word_1_454' title='bbox 1388 1504 1504 1539; x_wconf 84' lang='lat' dir='ltr'>Ducas</span> <span class='ocrx_word' id='word_1_455' title='bbox 1523 1517 1579 1538; x_wconf 71' lang='lat' dir='ltr'>nie</span> <span class='ocrx_word' id='word_1_456' title='bbox 1598 1505 1628 1524; x_wconf 70' lang='lat'>³2</span> <span class='ocrx_word' id='word_1_457' title='bbox 1639 1506 1672 1549; x_wconf 72' lang='lat' dir='ltr'>a)</span> <span class='ocrx_word' id='word_1_458' title='bbox 1691 1506 1732 1537; x_wconf 84' lang='lat' dir='ltr'>ad</span> <span class='ocrx_word' id='word_1_459' title='bbox 1750 1502 1978 1548; x_wconf 81' lang='lat' dir='ltr'>sepulchrum</span> <span class='ocrx_word' id='word_1_460' title='bbox 1998 1505 2118 1549; x_wconf 82' lang='lat' dir='ltr'>patris.</span> 
     </span>
    </p>

    <p class='ocr_par' dir='ltr' id='par_1_36' title="bbox 1251 1554 2241 1602">
     <span class='ocr_line' id='line_1_87' title="bbox 1251 1554 2241 1602; baseline -0.001 -13"><span class='ocrx_word' id='word_1_461' title='bbox 1251 1554 1324 1589; x_wconf 88' lang='lat'>795</span> <span class='ocrx_word' id='word_1_462' title='bbox 1352 1557 1428 1600; x_wconf 65' lang='lat' dir='ltr'>Pyl.</span> <span class='ocrx_word' id='word_1_463' title='bbox 1457 1557 1510 1589; x_wconf 82' lang='lat' dir='ltr'>Ad</span> <span class='ocrx_word' id='word_1_464' title='bbox 1531 1554 1727 1602; x_wconf 78' lang='lat' dir='ltr'>quidhoc?</span> <span class='ocrx_word' id='word_1_465' title='bbox 1784 1557 1842 1589; x_wconf 92' lang='lat' dir='ltr'>Or.</span> <span class='ocrx_word' id='word_1_466' title='bbox 1871 1555 1919 1588; x_wconf 85' lang='lat' dir='ltr'>Ut</span> <span class='ocrx_word' id='word_1_467' title='bbox 1942 1556 2136 1601; x_wconf 87' lang='lat' dir='ltr'>supplicem</span> <span class='ocrx_word' id='word_1_468' title='bbox 2161 1556 2241 1601; x_wconf 86' lang='lat' dir='ltr'>ipsi,</span> 
     </span>
    </p>

    <p class='ocr_par' dir='ltr' id='par_1_37' title="bbox 1665 1612 1935 1640">
     <span class='ocr_line' id='line_1_88' title="bbox 1665 1612 1935 1640; baseline 0.004 -2"><span class='ocrx_word' id='word_1_469' title='bbox 1665 1612 1704 1639; x_wconf 89' lang='lat' dir='ltr'>ut</span> <span class='ocrx_word' id='word_1_470' title='bbox 1727 1613 1844 1639; x_wconf 83' lang='lat' dir='ltr'>servet</span> <span class='ocrx_word' id='word_1_471' title='bbox 1867 1618 1935 1640; x_wconf 88' lang='lat' dir='ltr'>me.</span> 
     </span>
    </p>

    <p class='ocr_par' dir='ltr' id='par_1_38' title="bbox 1302 1657 1624 1702">
     <span class='ocr_line' id='line_1_89' title="bbox 1302 1657 1624 1702; baseline -0.006 -11"><span class='ocrx_word' id='word_1_472' title='bbox 1302 1659 1377 1702; x_wconf 74' lang='lat' dir='ltr'>Pyl.</span> <span class='ocrx_word' id='word_1_473' title='bbox 1404 1657 1512 1689; x_wconf 85' lang='lat' dir='ltr'>Recte</span> <span class='ocrx_word' id='word_1_474' title='bbox 1528 1657 1624 1690; x_wconf 87' lang='lat' dir='ltr'>facis.</span> 
     </span>
    </p>

    <p class='ocr_par' dir='ltr' id='par_1_39' title="bbox 1302 1706 1985 1752">
     <span class='ocr_line' id='line_1_90' title="bbox 1302 1706 1985 1752; baseline -0.001 -10"><span class='ocrx_word' id='word_1_475' title='bbox 1302 1711 1361 1742; x_wconf 90' lang='lat' dir='ltr'>Or.</span> <span class='ocrx_word' id='word_1_476' title='bbox 1390 1708 1516 1741; x_wconf 83' lang='lat' dir='ltr'>Matris</span> <span class='ocrx_word' id='word_1_477' title='bbox 1531 1720 1574 1741; x_wconf 86' lang='lat' dir='ltr'>ne</span> <span class='ocrx_word' id='word_1_478' title='bbox 1591 1709 1729 1740; x_wconf 68' lang='lat' dir='ltr'>videam</span> <span class='ocrx_word' id='word_1_479' title='bbox 1748 1706 1985 1752; x_wconf 80' lang='lat' dir='ltr'>sepulchrum.</span> 
     </span>
    </p>

    <p class='ocr_par' dir='ltr' id='par_1_40' title="bbox 1302 1757 1800 1803">
     <span class='ocr_line' id='line_1_91' title="bbox 1302 1757 1800 1803; baseline 0 -11"><span class='ocrx_word' id='word_1_480' title='bbox 1302 1760 1378 1803; x_wconf 76' lang='lat' dir='ltr'>Pyl.</span> <span class='ocrx_word' id='word_1_481' title='bbox 1405 1758 1494 1791; x_wconf 82' lang='lat' dir='ltr'>Erat</span> <span class='ocrx_word' id='word_1_482' title='bbox 1511 1759 1605 1792; x_wconf 89' lang='lat' dir='ltr'>enim</span> <span class='ocrx_word' id='word_1_483' title='bbox 1623 1757 1800 1803; x_wconf 57' lang='lat' dir='ltr'>liostisffi).</span> 
     </span>
    </p>

    <p class='ocr_par' dir='ltr' id='par_1_41' title="bbox 1300 1808 2240 1903">
     <span class='ocr_line' id='line_1_92' title="bbox 1300 1808 2240 1854; baseline -0.001 -11"><span class='ocrx_word' id='word_1_484' title='bbox 1300 1811 1368 1843; x_wconf 85' lang='lat' dir='ltr'>Sed</span> <span class='ocrx_word' id='word_1_485' title='bbox 1388 1823 1560 1854; x_wconf 85' lang='lat' dir='ltr'>propera,</span> <span class='ocrx_word' id='word_1_486' title='bbox 1588 1822 1631 1843; x_wconf 92' lang='lat' dir='ltr'>ne</span> <span class='ocrx_word' id='word_1_487' title='bbox 1656 1817 1688 1842; x_wconf 85' lang='lat' dir='ltr'>te</span> <span class='ocrx_word' id='word_1_488' title='bbox 1717 1809 1815 1853; x_wconf 87' lang='lat' dir='ltr'>prius</span> <span class='ocrx_word' id='word_1_489' title='bbox 1839 1810 1984 1842; x_wconf 85' lang='lat' dir='ltr'>damnet</span> <span class='ocrx_word' id='word_1_490' title='bbox 2006 1809 2158 1843; x_wconf 75' lang='lat' dir='ltr'>calculus</span> <span class='ocrx_word' id='word_1_491' title='bbox 2174 1808 2240 1842; x_wconf 87' lang='lat' dir='ltr'>Ar-</span> 
     </span>
     <span class='ocr_line' id='line_1_93' title="bbox 1664 1872 1849 1903; baseline 0 -11"><span class='ocrx_word' id='word_1_492' title='bbox 1664 1872 1826 1903; x_wconf 76' lang='lat' dir='ltr'>givorum</span> <span class='ocrx_word' id='word_1_493' title='bbox 1840 1887 1849 1899; x_wconf 93' lang='lat'>,</span> 
     </span>
    </p>

    <p class='ocr_par' dir='ltr' id='par_1_42' title="bbox 1298 1910 2241 1993">
     <span class='ocr_line' id='line_1_94' title="bbox 1298 1910 2241 1956; baseline 0 -13"><span class='ocrx_word' id='word_1_494' title='bbox 1298 1910 1451 1955; x_wconf 86' lang='lat' dir='ltr'>Iungens</span> <span class='ocrx_word' id='word_1_495' title='bbox 1492 1911 1579 1945; x_wconf 87' lang='lat' dir='ltr'>meis</span> <span class='ocrx_word' id='word_1_496' title='bbox 1619 1911 1788 1944; x_wconf 73' lang='lat' dir='ltr'>lateribus</span> <span class='ocrx_word' id='word_1_497' title='bbox 1830 1911 1921 1944; x_wconf 81' lang='lat' dir='ltr'>latus</span> <span class='ocrx_word' id='word_1_498' title='bbox 1962 1910 2176 1945; x_wconf 88' lang='lat' dir='ltr'>imbecillum</span> <span class='ocrx_word' id='word_1_499' title='bbox 2194 1910 2241 1956; x_wconf 71' lang='lat'>⁸¹)</span> 
     </span>
     <span class='ocr_line' id='line_1_95' title="bbox 1660 1962 1804 1993; baseline 0.007 -1"><span class='ocrx_word' id='word_1_500' title='bbox 1660 1962 1804 1993; x_wconf 84' lang='lat' dir='ltr'>morbo:</span> 
     </span>
    </p>

    <p class='ocr_par' dir='ltr' id='par_1_43' title="bbox 1302 2010 2240 2056">
     <span class='ocr_line' id='line_1_96' title="bbox 1302 2010 2240 2056; baseline 0 -12"><span class='ocrx_word' id='word_1_501' title='bbox 1302 2012 1394 2056; x_wconf 86' lang='lat' dir='ltr'>Quia</span> <span class='ocrx_word' id='word_1_502' title='bbox 1414 2024 1477 2055; x_wconf 83' lang='lat' dir='ltr'>ego</span> <span class='ocrx_word' id='word_1_503' title='bbox 1495 2018 1527 2044; x_wconf 90' lang='lat' dir='ltr'>te</span> <span class='ocrx_word' id='word_1_504' title='bbox 1544 2024 1606 2056; x_wconf 90' lang='lat' dir='ltr'>per</span> <span class='ocrx_word' id='word_1_505' title='bbox 1623 2012 1744 2045; x_wconf 84' lang='lat' dir='ltr'>urbem</span> <span class='ocrx_word' id='word_1_506' title='bbox 1758 2039 1767 2052; x_wconf 89' lang='lat'>‚</span> <span class='ocrx_word' id='word_1_507' title='bbox 1795 2010 1884 2045; x_wconf 86' lang='lat' dir='ltr'>nihil</span> <span class='ocrx_word' id='word_1_508' title='bbox 1902 2025 2029 2046; x_wconf 87' lang='lat' dir='ltr'>curans</span> <span class='ocrx_word' id='word_1_509' title='bbox 2047 2012 2240 2056; x_wconf 86' lang='lat' dir='ltr'>populum,</span> 
     </span>
    </p>

    <p class='ocr_par' dir='ltr' id='par_1_44' title="bbox 1250 2061 2241 2106">
     <span class='ocr_line' id='line_1_97' title="bbox 1250 2061 2241 2106; baseline -0.001 -10"><span class='ocrx_word' id='word_1_510' title='bbox 1250 2064 1324 2096; x_wconf 87' lang='lat'>800</span> <span class='ocrx_word' id='word_1_511' title='bbox 1352 2063 1434 2096; x_wconf 64' lang='lat' dir='ltr'>Non</span> <span class='ocrx_word' id='word_1_512' title='bbox 1451 2064 1587 2106; x_wconf 85' lang='lat' dir='ltr'>pudore</span> <span class='ocrx_word' id='word_1_513' title='bbox 1608 2062 1815 2102; x_wconf 81' lang='lat' dir='ltr'>deterritus,</span> <span class='ocrx_word' id='word_1_514' title='bbox 1844 2061 1983 2098; x_wconf 69' lang='lat' dir='ltr'>veham.</span> <span class='ocrx_word' id='word_1_515' title='bbox 2036 2063 2107 2096; x_wconf 89' lang='lat' dir='ltr'>Ubi</span> <span class='ocrx_word' id='word_1_516' title='bbox 2124 2069 2241 2096; x_wconf 89' lang='lat' dir='ltr'>osten—</span> 
     </span>
    </p>

    <p class='ocr_par' dir='ltr' id='par_1_45' title="bbox 1664 2114 2099 2154">
     <span class='ocr_line' id='line_1_98' title="bbox 1664 2114 2099 2154; baseline 0 -8"><span class='ocrx_word' id='word_1_517' title='bbox 1664 2115 1743 2146; x_wconf 84' lang='lat' dir='ltr'>dam</span> <span class='ocrx_word' id='word_1_518' title='bbox 1763 2126 1819 2145; x_wconf 86' lang='lat' dir='ltr'>me</span> <span class='ocrx_word' id='word_1_519' title='bbox 1836 2126 1908 2147; x_wconf 87' lang='lat' dir='ltr'>esse</span> <span class='ocrx_word' id='word_1_520' title='bbox 1925 2114 2076 2147; x_wconf 83' lang='lat' dir='ltr'>amicum</span> <span class='ocrx_word' id='word_1_521' title='bbox 2090 2140 2099 2154; x_wconf 91' lang='lat'><strong>‚</strong></span> 
     </span>
    </p>

    <p class='ocr_par' dir='ltr' id='par_1_46' title="bbox 1300 2163 2241 2247">
     <span class='ocr_line' id='line_1_99' title="bbox 1300 2163 2241 2197; baseline 0 -2"><span class='ocrx_word' id='word_1_522' title='bbox 1300 2164 1337 2196; x_wconf 87' lang='lat' dir='ltr'>Si</span> <span class='ocrx_word' id='word_1_523' title='bbox 1375 2175 1448 2196; x_wconf 92' lang='lat' dir='ltr'>non</span> <span class='ocrx_word' id='word_1_524' title='bbox 1486 2164 1602 2196; x_wconf 74' lang='lat' dir='ltr'>iuvem</span> <span class='ocrx_word' id='word_1_525' title='bbox 1633 2171 1667 2197; x_wconf 88' lang='lat' dir='ltr'>te</span> <span class='ocrx_word' id='word_1_526' title='bbox 1699 2164 1903 2197; x_wconf 87' lang='lat' dir='ltr'>existentem</span> <span class='ocrx_word' id='word_1_527' title='bbox 1938 2165 1974 2197; x_wconf 90' lang='lat' dir='ltr'>in</span> <span class='ocrx_word' id='word_1_528' title='bbox 2006 2164 2119 2197; x_wconf 83' lang='lat' dir='ltr'>atroci</span> <span class='ocrx_word' id='word_1_529' title='bbox 2149 2163 2241 2196; x_wconf 79' lang='lat' dir='ltr'>cala-</span> 
     </span>
     <span class='ocr_line' id='line_1_100' title="bbox 1662 2214 1810 2247; baseline -0.007 0"><span class='ocrx_word' id='word_1_530' title='bbox 1662 2214 1810 2247; x_wconf 69' lang='lat' dir='ltr'>unitate?</span> 
     </span>
    </p>

    <p class='ocr_par' dir='ltr' id='par_1_47' title="bbox 1303 2264 1943 2360">
     <span class='ocr_line' id='line_1_101' title="bbox 1303 2264 1943 2305; baseline -0.002 -6"><span class='ocrx_word' id='word_1_531' title='bbox 1303 2267 1361 2299; x_wconf 88' lang='lat' dir='ltr'>Or.</span> <span class='ocrx_word' id='word_1_532' title='bbox 1396 2264 1502 2304; x_wconf 85' lang='lat' dir='ltr'>„Hoc</span> <span class='ocrx_word' id='word_1_533' title='bbox 1539 2273 1589 2299; x_wconf 89' lang='lat' dir='ltr'>est</span> <span class='ocrx_word' id='word_1_534' title='bbox 1626 2264 1754 2298; x_wconf 81' lang='lat' dir='ltr'>habere</span> <span class='ocrx_word' id='word_1_535' title='bbox 1790 2265 1943 2305; x_wconf 78' lang='lat' dir='ltr'>amicos,</span> 
     </span>
     <span class='ocr_line' id='line_1_102' title="bbox 1659 2322 1838 2360; baseline 0.006 -12"><span class='ocrx_word' id='word_1_536' title='bbox 1659 2322 1838 2360; x_wconf 70' lang='lat' dir='ltr'>cognatos.</span> 
     </span>
    </p>
   </div>
   <div class='ocr_carea' id='block_1_12' title="bbox 1981 899 2242 935">
    <p class='ocr_par' dir='ltr' id='par_1_48' title="bbox 1981 899 2242 935">
     <span class='ocr_line' id='line_1_103' title="bbox 1981 899 2242 935; baseline 0.004 -1"><span class='ocrx_word' id='word_1_537' title='bbox 1981 901 2040 934; x_wconf 89' lang='lat' dir='ltr'>Or.</span> <span class='ocrx_word' id='word_1_538' title='bbox 2075 899 2165 934; x_wconf 86' lang='lat' dir='ltr'>Illud</span> <span class='ocrx_word' id='word_1_539' title='bbox 2189 906 2242 935; x_wconf 86' lang='lat' dir='ltr'>est</span> 
     </span>
    </p>
   </div>
   <div class='ocr_carea' id='block_1_13' title="bbox 1991 2271 2240 2298">
    <p class='ocr_par' dir='ltr' id='par_1_49' title="bbox 1991 2271 2240 2298">
     <span class='ocr_line' id='line_1_104' title="bbox 1991 2271 2240 2298; baseline 0.004 -1"><span class='ocrx_word' id='word_1_540' title='bbox 1991 2277 2063 2298; x_wconf 92' lang='lat' dir='ltr'>non</span> <span class='ocrx_word' id='word_1_541' title='bbox 2100 2271 2240 2298; x_wconf 78' lang='lat' dir='ltr'>tantum</span> 
     </span>
    </p>
   </div>
   <div class='ocr_carea' id='block_1_14' title="bbox 1283 2381 2242 2722">
    <p class='ocr_par' dir='ltr' id='par_1_50' title="bbox 1283 2381 2242 2475">
     <span class='ocr_line' id='line_1_105' title="bbox 1283 2381 2239 2413; baseline 0.001 -7"><span class='ocrx_word' id='word_1_542' title='bbox 1283 2382 1331 2413; x_wconf 77' lang='lat'>32)</span> <span class='ocrx_word' id='word_1_543' title='bbox 1352 2383 1453 2410; x_wconf 71' lang='lat' dir='ltr'>dicam]</span> <span class='ocrx_word' id='word_1_544' title='bbox 1473 2381 1512 2405; x_wconf 82' lang='lat' dir='ltr'>sic</span> <span class='ocrx_word' id='word_1_545' title='bbox 1532 2382 1615 2406; x_wconf 77' lang='lat' dir='ltr'>Editt.</span> <span class='ocrx_word' id='word_1_546' title='bbox 1632 2384 1717 2413; x_wconf 53' lang='lat'>¹558„</span> <span class='ocrx_word' id='word_1_547' title='bbox 1739 2384 1812 2407; x_wconf 77' lang='lat'>1562.</span> <span class='ocrx_word' id='word_1_548' title='bbox 1831 2391 1866 2403; x_wconf 87' lang='lat'><strong><em>=</em></strong></span> <span class='ocrx_word' id='word_1_549' title='bbox 1887 2381 1981 2411; x_wconf 73' lang='lat' dir='ltr'>Eurip-</span> <span class='ocrx_word' id='word_1_550' title='bbox 2000 2382 2048 2404; x_wconf 81' lang='lat' dir='ltr'>Ed·</span> <span class='ocrx_word' id='word_1_551' title='bbox 2065 2382 2147 2407; x_wconf 73' lang='lat' dir='ltr'>Basil.</span> <span class='ocrx_word' id='word_1_552' title='bbox 2165 2382 2239 2406; x_wconf 74' lang='lat'>155¹.</span> 
     </span>
     <span class='ocr_line' id='line_1_106' title="bbox 1319 2413 2242 2449; baseline 0 -9"><span class='ocrx_word' id='word_1_553' title='bbox 1319 2416 1387 2449; x_wconf 70' lang='grc' dir='ltr'>λέγω</span> <span class='ocrx_word' id='word_1_554' title='bbox 1400 2413 1469 2447; x_wconf 54' lang='lat' dir='ltr'>paim</span> <span class='ocrx_word' id='word_1_555' title='bbox 1489 2417 1583 2443; x_wconf 70' lang='lat' dir='ltr'>narn..</span> <span class='ocrx_word' id='word_1_556' title='bbox 1603 2419 1719 2447; x_wconf 61' lang='lat' dir='ltr'>Musgr..</span> <span class='ocrx_word' id='word_1_557' title='bbox 1743 2418 1800 2441; x_wconf 79' lang='lat' dir='ltr'>Fix.</span> <span class='ocrx_word' id='word_1_558' title='bbox 1823 2417 1941 2440; x_wconf 79' lang='lat' dir='ltr'>dicamus</span> <span class='ocrx_word' id='word_1_559' title='bbox 1956 2414 2141 2447; x_wconf 56' lang='lat' dir='ltr'>:Hyantem</span> <span class='ocrx_word' id='word_1_560' title='bbox 2162 2423 2242 2446; x_wconf 80' lang='lat' dir='ltr'>quam</span> 
     </span>
     <span class='ocr_line' id='line_1_107' title="bbox 1320 2451 1789 2475; baseline 0.002 -1"><span class='ocrx_word' id='word_1_561' title='bbox 1320 2452 1463 2474; x_wconf 83' lang='lat' dir='ltr'>lectionem</span> <span class='ocrx_word' id='word_1_562' title='bbox 1483 2451 1534 2473; x_wconf 78' lang='lat' dir='ltr'>hae</span> <span class='ocrx_word' id='word_1_563' title='bbox 1554 2451 1635 2474; x_wconf 73' lang='lat' dir='ltr'>Eunt.</span> <span class='ocrx_word' id='word_1_564' title='bbox 1657 2453 1789 2475; x_wconf 74' lang='lat' dir='ltr'>exhibent.</span> 
     </span>
    </p>

    <p class='ocr_par' dir='ltr' id='par_1_51' title="bbox 1284 2484 2241 2548">
     <span class='ocr_line' id='line_1_108' title="bbox 1284 2484 2241 2517; baseline 0.001 -8"><span class='ocrx_word' id='word_1_565' title='bbox 1284 2485 1318 2509; x_wconf 81' lang='lat'>32</span> <span class='ocrx_word' id='word_1_566' title='bbox 1327 2485 1355 2517; x_wconf 63' lang='grc' dir='ltr'>ὃ)</span> <span class='ocrx_word' id='word_1_567' title='bbox 1376 2486 1432 2514; x_wconf 88' lang='lat' dir='ltr'>me]</span> <span class='ocrx_word' id='word_1_568' title='bbox 1453 2485 1493 2508; x_wconf 83' lang='lat' dir='ltr'>sic</span> <span class='ocrx_word' id='word_1_569' title='bbox 1512 2484 1557 2514; x_wconf 70' lang='lat' dir='ltr'>(z</span> <span class='ocrx_word' id='word_1_570' title='bbox 1573 2486 1663 2515; x_wconf 78' lang='lat' dir='ltr'>Enrip.</span> <span class='ocrx_word' id='word_1_571' title='bbox 1683 2488 1733 2517; x_wconf 70' lang='grc' dir='ltr'>με)</span> <span class='ocrx_word' id='word_1_572' title='bbox 1748 2486 1796 2510; x_wconf 77' lang='lat' dir='ltr'>Ed.</span> <span class='ocrx_word' id='word_1_573' title='bbox 1810 2485 1886 2514; x_wconf 79' lang='lat' dir='ltr'>Fix.;</span> <span class='ocrx_word' id='word_1_574' title='bbox 1912 2484 1939 2507; x_wconf 86' lang='lat' dir='ltr'>in</span> <span class='ocrx_word' id='word_1_575' title='bbox 1953 2484 2034 2508; x_wconf 85' lang='lat' dir='ltr'>Editt.</span> <span class='ocrx_word' id='word_1_576' title='bbox 2050 2484 2133 2515; x_wconf 62' lang='lat'>1553„</span> <span class='ocrx_word' id='word_1_577' title='bbox 2155 2485 2241 2516; x_wconf 64' lang='lat'>1562„</span> 
     </span>
     <span class='ocr_line' id='line_1_109' title="bbox 1320 2520 1651 2548; baseline 0 -5"><span class='ocrx_word' id='word_1_578' title='bbox 1320 2521 1417 2546; x_wconf 77' lang='lat' dir='ltr'>narn..</span> <span class='ocrx_word' id='word_1_579' title='bbox 1440 2521 1545 2548; x_wconf 67' lang='lat' dir='ltr'>Musgr.</span> <span class='ocrx_word' id='word_1_580' title='bbox 1565 2520 1651 2543; x_wconf 75' lang='lat' dir='ltr'>deest.</span> 
     </span>
    </p>

    <p class='ocr_par' dir='ltr' id='par_1_52' title="bbox 1284 2553 2242 2686">
     <span class='ocr_line' id='line_1_110' title="bbox 1284 2553 1653 2583; baseline -0.003 -6"><span class='ocrx_word' id='word_1_581' title='bbox 1284 2555 1331 2582; x_wconf 86' lang='grc'>33)</span> <span class='ocrx_word' id='word_1_582' title='bbox 1353 2561 1394 2579; x_wconf 79' lang='lat' dir='ltr'>vs,</span> <span class='ocrx_word' id='word_1_583' title='bbox 1410 2553 1469 2577; x_wconf 79' lang='lat'>772.</span> <span class='ocrx_word' id='word_1_584' title='bbox 1495 2555 1542 2577; x_wconf 83' lang='lat' dir='ltr'>Or.</span> <span class='ocrx_word' id='word_1_585' title='bbox 1568 2555 1653 2583; x_wconf 81' lang='lat' dir='ltr'>Esto,</span> 
     </span>
     <span class='ocr_line' id='line_1_111' title="bbox 1320 2587 2242 2617; baseline -0.001 -6"><span class='ocrx_word' id='word_1_586' title='bbox 1320 2589 1388 2611; x_wconf 85' lang='lat' dir='ltr'>Erat</span> <span class='ocrx_word' id='word_1_587' title='bbox 1415 2588 1484 2610; x_wconf 84' lang='lat' dir='ltr'>enim</span> <span class='ocrx_word' id='word_1_588' title='bbox 1511 2589 1624 2616; x_wconf 63' lang='lat' dir='ltr'>hostis]</span> <span class='ocrx_word' id='word_1_589' title='bbox 1650 2589 1675 2612; x_wconf 82' lang='lat' dir='ltr'>hi</span> <span class='ocrx_word' id='word_1_590' title='bbox 1695 2596 1752 2614; x_wconf 82' lang='lat' dir='ltr'>vss.</span> <span class='ocrx_word' id='word_1_591' title='bbox 1781 2590 1806 2611; x_wconf 87' lang='lat' dir='ltr'>in</span> <span class='ocrx_word' id='word_1_592' title='bbox 1827 2588 1875 2611; x_wconf 86' lang='lat' dir='ltr'>Ed.</span> <span class='ocrx_word' id='word_1_593' title='bbox 1895 2588 1977 2612; x_wconf 84' lang='lat' dir='ltr'>Barn.</span> <span class='ocrx_word' id='word_1_594' title='bbox 2002 2588 2041 2611; x_wconf 88' lang='lat' dir='ltr'>ita</span> <span class='ocrx_word' id='word_1_595' title='bbox 2064 2587 2190 2617; x_wconf 78' lang='lat' dir='ltr'>dispositi</span> <span class='ocrx_word' id='word_1_596' title='bbox 2214 2590 2242 2612; x_wconf 83' lang='lat' dir='ltr'>et</span> 
     </span>
     <span class='ocr_line' id='line_1_112' title="bbox 1320 2622 2242 2652; baseline -0.001 -6"><span class='ocrx_word' id='word_1_597' title='bbox 1320 2622 1456 2646; x_wconf 85' lang='lat' dir='ltr'>coniuncti</span> <span class='ocrx_word' id='word_1_598' title='bbox 1474 2624 1553 2650; x_wconf 82' lang='lat' dir='ltr'>sunt,</span> <span class='ocrx_word' id='word_1_599' title='bbox 1579 2624 1607 2644; x_wconf 87' lang='lat' dir='ltr'>nt</span> <span class='ocrx_word' id='word_1_600' title='bbox 1627 2623 1740 2652; x_wconf 78' lang='lat' dir='ltr'>quisque</span> <span class='ocrx_word' id='word_1_601' title='bbox 1760 2628 1859 2645; x_wconf 86' lang='lat' dir='ltr'>versns</span> <span class='ocrx_word' id='word_1_602' title='bbox 1879 2624 1912 2645; x_wconf 79' lang='lat' dir='ltr'>ab</span> <span class='ocrx_word' id='word_1_603' title='bbox 1933 2622 2042 2646; x_wconf 81' lang='lat' dir='ltr'>Orestis</span> <span class='ocrx_word' id='word_1_604' title='bbox 2062 2622 2152 2645; x_wconf 87' lang='lat' dir='ltr'>verbis</span> <span class='ocrx_word' id='word_1_605' title='bbox 2170 2623 2242 2646; x_wconf 84' lang='lat' dir='ltr'>inci·</span> 
     </span>
     <span class='ocr_line' id='line_1_113' title="bbox 1321 2656 1829 2686; baseline 0.002 -7"><span class='ocrx_word' id='word_1_606' title='bbox 1321 2657 1393 2686; x_wconf 79' lang='lat' dir='ltr'>piat,</span> <span class='ocrx_word' id='word_1_607' title='bbox 1413 2656 1558 2684; x_wconf 71' lang='lat' dir='ltr'>verbisque</span> <span class='ocrx_word' id='word_1_608' title='bbox 1578 2656 1692 2686; x_wconf 72' lang='lat' dir='ltr'>Pyladis</span> <span class='ocrx_word' id='word_1_609' title='bbox 1712 2657 1829 2681; x_wconf 68' lang='lat' dir='ltr'>tinuatur.</span> 
     </span>
    </p>

    <p class='ocr_par' dir='ltr' id='par_1_53' title="bbox 1287 2690 2241 2722">
     <span class='ocr_line' id='line_1_114' title="bbox 1287 2690 2241 2722; baseline 0 -8"><span class='ocrx_word' id='word_1_610' title='bbox 1287 2690 1334 2719; x_wconf 75' lang='grc'>34)</span> <span class='ocrx_word' id='word_1_611' title='bbox 1357 2691 1533 2718; x_wconf 80' lang='lat' dir='ltr'>imbecillum]</span> <span class='ocrx_word' id='word_1_612' title='bbox 1552 2691 1592 2714; x_wconf 80' lang='lat' dir='ltr'>sic</span> <span class='ocrx_word' id='word_1_613' title='bbox 1605 2691 1789 2722; x_wconf 75' lang='lat' dir='ltr'>Editt.1562.‚</span> <span class='ocrx_word' id='word_1_614' title='bbox 1812 2692 1911 2720; x_wconf 81' lang='lat' dir='ltr'>Barn.;</span> <span class='ocrx_word' id='word_1_615' title='bbox 1932 2691 1978 2714; x_wconf 83' lang='lat' dir='ltr'>Ed.</span> <span class='ocrx_word' id='word_1_616' title='bbox 1996 2690 2068 2715; x_wconf 72' lang='lat'>1553.</span> <span class='ocrx_word' id='word_1_617' title='bbox 2088 2691 2241 2721; x_wconf 77' lang='lat' dir='ltr'>aegrotum.</span> 
     </span>
    </p>
   </div>
   <div class='ocr_carea' id='block_1_15' title="bbox 1688 2553 2240 2584">
    <p class='ocr_par' dir='ltr' id='par_1_54' title="bbox 1688 2553 2240 2584">
     <span class='ocr_line' id='line_1_115' title="bbox 1688 2553 2240 2584; baseline -0.002 -6"><span class='ocrx_word' id='word_1_618' title='bbox 1688 2555 1736 2578; x_wconf 82' lang='lat' dir='ltr'>sed</span> <span class='ocrx_word' id='word_1_619' title='bbox 1763 2554 1824 2584; x_wconf 78' lang='lat' dir='ltr'>qnid</span> <span class='ocrx_word' id='word_1_620' title='bbox 1849 2554 1957 2582; x_wconf 76' lang='lat' dir='ltr'>oportet</span> <span class='ocrx_word' id='word_1_621' title='bbox 1978 2553 2030 2576; x_wconf 78' lang='lat' dir='ltr'>dici</span> <span class='ocrx_word' id='word_1_622' title='bbox 2051 2555 2103 2578; x_wconf 86' lang='lat' dir='ltr'>etc.</span> <span class='ocrx_word' id='word_1_623' title='bbox 2122 2565 2157 2571; x_wconf 86' lang='lat'>—-</span> <span class='ocrx_word' id='word_1_624' title='bbox 2183 2553 2240 2582; x_wconf 72' lang='lat' dir='ltr'>Pyt.</span> 
     </span>
    </p>
   </div>
  </div>
 </body>
</html>
