2373 2980
202 101 278 137 263

202 199 341 232 cunque
365 187 456 220 vitae
481 200 608 231 genere
631 188 799 228 versaris,
838 188 875 221 in
901 189 988 221 illud
1016 189 1191 230 incumbe,

200 250 265 271 nec
285 238 416 281 cogita,
451 252 521 283 quo
549 245 650 282 pacto
676 239 823 272 subinde
850 246 963 273 mutes
989 246 1084 272 tuam
1112 241 1191 273 sun-

201 289 366 321 ctionem.
419 287 467 320 lta
489 290 563 328 fiet,
591 295 630 321 ut
653 289 857 322 assiduitate
883 297 916 323 et
939 291 1120 334 diligentia
1147 292 1190 323 ad

199 340 334 381 frugem
354 339 556 382 pervenias,
585 341 681 384 quod
701 353 775 373 non
794 342 864 381 fiet,
891 342 919 374 si
938 341 999 373 tibi
1017 354 1091 374 non
1109 354 1192 374 cou-

200 389 346 427 stim-is,
372 395 404 421 et
435 401 474 421 ex
493 389 562 422 alio
586 391 679 423 vitae
706 404 832 434 genere
856 392 1005 425 subinde
1035 393 1071 424 in
1095 393 1191 425 aliud

199 439 433 472 transferaris.
495 440 630 473 Malum
658 455 763 475 omen
788 449 856 482 est,
891 444 919 477 si
944 444 1089 476 crocitet
1116 455 1191 476 cor-

197 489 255 522 nix
267 516 276 528 ‚
304 496 343 522 ut
362 490 456 533 apud
472 490 659 534 Virgilium
676 492 742 537 69);

239 548 336 585 Saepe
359 548 475 575 sinistra
498 557 566 576 cava
589 550 736 586 praedixit
758 551 794 578 ab
816 551 881 578 ilice
904 551 1012 579 cornix.

300 611 332 631 v.
350 597 435 631 747.
459 598 580 644 (745.)
609 599 809 645 λακέρυζα]
838 613 903 645 pro
924 599 1125 645 κελάρυζα,
1154 601 1190 632 id

196 655 264 687 est,
307 649 469 692 garrula,
510 651 678 690 stridula,
724 659 869 695 arguta,
904 653 1089 695 proprium
1119 651 1190 695 epi-

196 697 320 731 theton
341 699 512 740 cornicis,
541 713 558 733 a
576 698 784 746 κελαρύζω,
821 704 916 747 quod
936 703 1109 746 significat
1136 714 1190 734 re-

196 762 297 783 sono.

299 813 331 833 v.
356 800 440 834 748.
474 800 594 848 (746.)
630 801 699 847 Mt)
726 801 821 846 (5⁰⁷⁰)
848 801 920 837 ἀπὸ
941 799 1189 847 χυτροπόδων

196 849 281 897 εἶα]
310 850 362 883 Ex
386 852 464 885 ollis
480 865 553 885 non
571 853 773 886 sacrificatis
791 866 834 886 ne
853 854 970 897 capias
989 854 1104 886 cilium
1117 880 1126 893 ,
1154 854 1189 886 id

195 907 266 941 est,
307 914 351 934 ne
383 903 485 942 edas,
527 903 734 948 priusquam
769 904 898 937 dixeris
934 905 1188 948 precationem.

194 951 346 995 Elegans
364 965 441 985 cum
460 954 585 996 primis
602 960 634 985 et
662 954 759 997 pium
785 953 852 987 hoc
875 961 1102 998 praeceptum
1127 961 1189 995 est,

194 1015 310 1047 neque
336 1004 502 1043 dubium,
547 1004 633 1050 quin
659 1017 677 1036 a
703 1005 863 1048 patribus
887 1006 1116 1038 sanctissimis
1144 1005 1189 1038 sit

194 1053 431 1097 desumptum.
495 1054 601 1098 Apud
629 1054 825 1087 Homerum
850 1068 1034 1100 nunquam
1060 1056 1186 1099 pocula

193 1110 356 1143 sumunt,
381 1104 448 1137 nisi
477 1107 574 1148 prius
601 1105 858 1151 libaverintfl).
919 1106 1078 1138 Eandem
1105 1118 1187 1139 con-

193 1155 415 1187 suetudinem
435 1162 468 1187 et
485 1158 579 1199 apud
597 1156 785 1199 Virgilium
806 1156 900 1189 Dido
918 1163 1036 1190 servat
1051 1156 1108 1203 72).

295 1218 327 1238 v.
343 1204 426 1239 753.
445 1205 564 1251 (751.)
593 1205 662 1252 Mi]
685 1205 724 1241 δὲ
735 1207 780 1253 ⁷3)
795 1206 997 1254 γυναικείῳ
1014 1209 1186 1253 λουτρῷ]

192 1254 430 1289 Commendat
447 1269 568 1291 rursus
587 1258 850 1293 verecundiam.
903 1258 1042 1291 Deinde
1064 1260 1186 1291 admo-

225 1373 272 1405 69)
292 1373 372 1404 Virg.
392 1374 487 1405 Eclog.
508 1375 528 1404 Ι,
551 1375 591 1398 18.

223 1415 269 1446 70)
290 1414 337 1445 21Ῑή
359 1413 402 1445 δ’]
421 1416 460 1440 sic
478 1417 562 1441 Editt.
584 1417 793 1448 1532—1562.,
822 1418 1013 1441 ¹569—1591.
1034 1417 1061 1441 in
1079 1423 1186 1446 comm.‚

258 1450 307 1474 Ed.
326 1450 399 1473 1601.
420 1451 447 1473 in
466 1452 559 1481 textu;
592 1452 674 1474 Editt.
699 1452 764 1475 1532
778 1465 804 1468 -
820 1452 913 1481 1562..
941 1452 1131 1475 1569-1591.
1159 1452 1185 1474 in

258 1486 352 1506 textu:
393 1481 442 1512 Μή
467 1481 513 1512 (5'3
552 1485 636 1509 Editt.
661 1485 752 1516 1564.,
787 1485 879 1515 1623„
906 1485 980 1508 1662.
1007 1485 1032 1507 in
1057 1486 1132 1508 textu
1159 1487 1186 1508 et

257 1523 371 1547 comm,
390 1518 440 1542 Ed.
456 1518 530 1542 1601.
550 1519 577 1542 in
597 1525 692 1543 comm.
712 1521 739 1543 et
756 1519 840 1543 Editt.
860 1521 964 1544 recent.
984 1515 1073 1548 qu'.

224 1560 271 1587 71)
292 1560 372 1584 conf.
392 1561 442 1584 Ev.
469 1561 568 1584 Feithii
594 1562 794 1591 Antiquitatum
822 1562 1028 1585 homericarum
1056 1561 1118 1585 libri
1137 1562 1184 1585 1v.

259 1594 308 1617 Ed.
329 1599 409 1618 nova.
435 1595 549 1624 Argent.
571 1595 646 1621 1743.
664 1597 690 1621 8.
710 1596 728 1622 Ι.
745 1596 764 1619 1.
784 1602 807 1621 c.
821 1597 846 1620 Β.
867 1595 892 1627 §.
907 1596 931 1620 2.
952 1604 977 1626 p.
991 1596 1025 1619 53
1039 1603 1080 1626 sq.

226 1635 275 1663 72)
294 1635 373 1666 virg.
393 1637 461 1658 Aen.
482 1636 502 1666 1,
518 1636 569 1660 736
585 1643 625 1666 sq.

222 1677 271 1705 73)
290 1676 340 1707 Μή
360 1674 402 1706 δὲ]
422 1678 462 1701 sic
481 1678 563 1703 Editt.
581 1679 665 1705 1532..
689 1679 760 1703 15-11.
779 1679 823 1709 F,
843 1679 930 1705 1557..
952 1680 1042 1707 1562..
1063 1679 1137 1703 1601.
1157 1679 1184 1703 in

260 1714 335 1735 textu
355 1715 382 1735 et
401 1718 513 1743 comm„
545 1713 629 1739 Editt,
646 1714 720 1737 1541.
735 1715 778 1745 B.,
808 1714 913 1737 1569-
926 1714 1000 1737 1591.
1026 1714 1053 1737 in
1073 1720 1183 1744 comm.;

754 103 876 138 PfflL.
913 103 1024 137 MEL.
1062 102 1265 137 sefflPTA
1300 103 1639 140 PHILOLOGICA.

2159 111 2236 147 264

1245 195 1305 222 net
1343 201 1440 223 sacra
1479 203 1552 223 non
1594 203 1666 223 esse
1702 191 1878 225 illudenda
1896 219 1906 233 ,
1955 195 2051 238 quod
2095 207 2236 240 semper

1246 253 1379 284 poenas
1408 241 1600 284 impietatis
1627 242 1806 282 dederint,
1847 244 1908 288 qui
1936 245 2124 288 religiones
2151 259 2235 280 con-

1247 298 1477 335 tempserunt.

1347 355 1379 374 v.
1403 341 1487 375 757.
1518 340 1638 386 (755.)
1677 340 1793 387 ssltyd‘e‘
1812 342 1896 378 ποτ’
1922 344 1962 378 ἐν
1985 349 2127 392 προχοῇ
2148 346 2234 395 etc.]

1245 391 1326 424 Non
1345 405 1416 425 esse
1433 393 1694 436 perturbandos
1712 394 1838 427 sontes.
1898 394 1989 428 Nam
2006 396 2168 441 si4honor
2184 406 2237 432 est

1246 440 1429 476 habendus
1463 443 1566 476 bonis
1598 444 1721 484 rebus,
1762 445 1868 477 etiam
1900 446 2056 480 fontibus
2087 450 2236 482 debetur

1245 505 1326 525 suus
1345 491 1480 533 honor,
1510 506 1549 526 ex
1566 495 1693 538 quihus
1707 495 1872 528 bibimus.
1933 496 2052 541 Quare
2079 506 2112 531 et
2135 498 2172 532 hi
2196 500 2236 533 in

1244 543 1359 576 fontes
1375 551 1468 576 recte
1485 544 1695 588 immingere
1711 547 1897 587 dicuntur,
1930 548 1992 592 qui
2012 560 2148 582 sacram
2173 551 2236 583 do-

1246 594 1394 626 ctrinam
1415 596 1688 629 commaculant.

1348 658 1380 678 v.
1400 645 1484 679 761.
1509 644 1627 692 (759.)
1655 643 1768 691 Φή,ιιη
1791 643 1864 694 γάρ
1887 661 1925 681 τε
1944 647 2038 694 κακὴ
2061 648 2235 698 πέλεται.]

1244 695 1425 738 Significat
1457 698 1591 729 nullam
1627 697 1759 730 samam
1790 699 1938 731 omnino
1963 701 2079 743 perire
2105 707 2139 734 et
2159 713 2235 734 non

1244 758 1316 779 esse
1335 747 1482 779 omnino
1501 749 1543 780 de
1561 745 1674 780 nihilo
1688 774 1697 787 ,
1725 750 1821 792 quod
1838 749 1943 792 vulgo
1959 751 2083 791 fertur,
2111 764 2237 797 quem-

1244 798 1436 830 admodum
1457 805 1489 830 et
1507 799 1563 831 ille
1587 799 1691 831 dixit:

1284 855 1345 883 Sed
1369 857 1470 893 nequit
1493 865 1530 884 ex
1552 856 1642 884 nihilo
1665 857 1787 884 volucris
1798 855 1843 894 ⁷4)
1867 858 2114 898 prorumpere75)
2135 859 2225 897 fama,

1328 906 1365 933 Et
1389 912 1502 944 partem
1527 907 1588 935 veri
1611 907 1710 935 sabula
1733 916 1868 945 quaeque
1893 914 1987 939 tenet.

1241 956 1356 991 Locus
1378 958 1517 1003 Virgilii
1539 960 1575 991 in
1602 958 1635 993 4.
1652 957 1885 1005 Aeneidosw)
1909 957 1991 993 hinc
2015 961 2235 1006 desumptus,

1242 1021 1320 1042 cum
1342 1009 1408 1042 ait:

1284 1068 1372 1095 Fama
1393 1068 1519 1104 malum,
1544 1078 1601 1105 quo
1624 1077 1681 1096 non
1702 1069 1782 1096 aliud
1804 1068 1932 1096 velocius
1956 1069 2060 1098 ullum.

1326 1117 1488 1145 Mobilitate
1510 1118 1590 1155 viget
1613 1118 1747 1155 viresque
1769 1119 1892 1155 acquirit
1915 1119 2011 1147 eundo
2035 1124 2093 1149 etc.

1240 1166 1418 1200 Homerus
1436 1167 1536 1209 fingit
1553 1180 1694 1212 quoque
1704 1168 1853 1201 Famam
1868 1169 1982 1202 Deam
2001 1182 2074 1204 esse
2091 1176 2124 1203 et
2140 1182 2233 1203 nun-

1240 1218 1325 1250 tiam
1346 1216 1458 1257 Iovis‚
1485 1218 1545 1250 lib.
1562 1220 1597 1252 2.
1614 1217 1713 1252 Iliad.
1725 1218 1789 1264 ⁷⁷):

1453 1275 1548 1305 Meua
1571 1274 1607 1305 δέ
1627 1286 1731 1316 σφισιν
1746 1274 1849 1307 ’Όσσα
1868 1275 1986 1318 δεδήει,

1322 1323 1505 1366 Ὀτρῦνουσ’
1530 1325 1623 1364 ἴέναι,
1652 1326 1733 1362 Διὸς
1758 1326 1892 1368 ἄγγελος.

1308 1443 1391 1467 Editt.
1412 1443 1503 1471 1564„
1524 1442 1617 1471 ¹623„
1638 1443 1712 1466 ¹662.
1731 1443 1757 1466 in
1777 1444 1854 1466 textu
1873 1444 1900 1467 et
1919 1449 2032 1475 comm.,
2062 1444 2147 1470 Editt.
2164 1445 2231 1469 1569

1307 1490 1342 1495 ·—
1354 1478 1428 1502 1591.
1447 1477 1475 1500 in
1493 1478 1586 1506 textu,
1611 1478 1693 1506 atque
1711 1477 1794 1501 Editt.
1813 1480 1915 1501 recent.
1935 1475 2024 1508 Μηδὲ.

1273 1529 1320 1557 74)
1341 1528 1478 1557 volucris]
1498 1528 1548 1552 Ed.
1565 1528 1640 1553 1541.
1654 1528 1686 1552 F.
1706 1535 1803 1552 errore
1822 1530 1949 1559 typogr.:
1975 1528 2109 1555 volueris.

1273 1579 1320 1610 75)
1341 1581 1534 1609 prorumpere]
1561 1579 1601 1602 sic
1619 1579 1702 1603 Editt.
1723 1580 1814 1605 1532..
1843 1580 1918 1604 1541.
1934 1581 1978 1611 B.‚
2007 1580 2074 1604 1562
2087 1592 2121 1599 —·
2135 1580 2229 1612 1591.;

1306 1614 1388 1638 Editt.
1406 1615 1478 1637 154¹.
1495 1614 1543 1644 R,
1565 1613 1658 1643 1552,
1679 1613 1870 1637 1601—1662.
1893 1619 2068 1645 consurgere.

1271 1664 1320 1692 76)
1338 1664 1417 1694 virg.
1434 1666 1501 1689 Aen.
1522 1664 1571 1694 IV,
1592 1664 1650 1688 174.
1671 1663 1729 1688 175.

1270 1715 1318 1743 77)
1339 1716 1416 1739 Hom.
1435 1716 1465 1739 ll.
1482 1716 1515 1747 11,
1534 1715 1578 1741 9³.

937 1915 991 1949 In
1025 1915 1256 1950 Hesiodi
1290 1914 1476 1961 Dies¹).

291 2007 420 2040 Tradit
435 2008 639 2041 discrimina
660 2009 797 2041 dierum
810 2035 819 2048 ,
854 2009 914 2054 qui
932 2010 1036 2043 fausti
1053 2010 1107 2041 vel
1126 2009 1179 2042 in-

187 2058 359 2102 auspicati
378 2058 460 2098 sint,
489 2059 571 2092 item
592 2059 659 2092 alia
677 2060 754 2092 aliis
771 2060 894 2093 diebus
910 2060 1026 2093 licere.
1062 2060 1178 2104 Quae-

186 2110 267 2141 dam
297 2121 380 2141 vero
404 2109 607 2142 discrimina
634 2112 676 2142 ad
701 2123 822 2144 causas
846 2112 1025 2144 naturales
1054 2111 1177 2143 referri

186 2166 353 2203 possunt,
382 2162 555 2204 quaedam
574 2167 655 2194 sunt
672 2174 712 2194 ex
728 2161 1048 2205 superstitionibus.
1087 2161 1177 2194 Sunt

186 2217 304 2243 autem
341 2217 485 2244 eatenus
519 2212 723 2245 discrimina
758 2213 952 2252 servanda,
1002 2218 1176 2257 quatenus

186 2272 312 2293 causae
340 2263 519 2296 naturales
546 2269 687 2305 cogunt.
740 2262 951 2306 Superstitio
973 2275 1057 2295 vero
1075 2275 1176 2306 prae-

185 2317 239 2343 ter
257 2323 377 2345 causas
394 2314 573 2347 naturales
589 2320 658 2354 est,
693 2319 727 2346 et
745 2325 785 2346 ex
804 2313 984 2358 impietate
1006 2314 1174 2357 profecta.

186 2360 287 2394 Esset
304 2374 387 2395 vero
405 2363 541 2396 insania
560 2376 632 2397 non
657 2362 787 2397 habere
811 2371 960 2397 naturae
984 2366 1173 2403 rationem,

186 2425 264 2445 cum
299 2413 356 2444 illa
393 2414 495 2447 nobis
516 2415 596 2448 usui
617 2415 680 2455 sit,
724 2422 758 2448 et
779 2422 900 2448 nostra
925 2427 1027 2448 causa
1053 2427 1071 2447 a
1096 2415 1172 2447 Deo

185 2463 340 2496 condita.
392 2463 514 2509 Itaque
532 2466 735 2499 discrimina
757 2467 894 2499 dierum
913 2472 994 2499 nata
1012 2472 1093 2499 sunt
1112 2466 1174 2497 ali-

185 2526 254 2558 qua
274 2526 314 2547 ex
332 2521 452 2558 parte,
481 2528 521 2548 ex
539 2517 777 2560 adspectibus,
805 2517 931 2562 quibus
952 2518 1035 2550 luna
1060 2517 1173 2549 intue-

185 2570 242 2597 tur
273 2565 404 2606 solem‚
445 2566 533 2599 sicut
562 2567 781 2600 medicorum
816 2568 949 2608 critici,
991 2567 1173 2612 septimus,

220 2649 314 2687 13¹5&
339 2650 406 2674 haec
428 2650 616 2675 commentarii
641 2657 707 2680 pars
733 2651 760 2674 in
790 2652 914 2676 omnibus
939 2651 995 2675 inis
1020 2651 1103 2675 Editt.
1130 2652 1174 2674 est

252 2684 392 2714 inscripta.

1233 2014 1380 2053 quartus
1398 2007 1573 2045 decimus,
1601 2007 1790 2050 vigesimus
1814 2008 1961 2052 primus.
2021 2008 2112 2043 Nam
2135 2022 2224 2055 qua-

1232 2060 1324 2091 drati
1342 2060 1525 2103 adspectus
1539 2058 1630 2090 cient
1646 2070 1799 2101 pugnam
1819 2065 1967 2093 naturae
1982 2072 2060 2093 cum
2082 2061 2225 2101 morbo,

1231 2111 1290 2143 sed
1317 2109 1559 2153 superstitiosa
1583 2109 1830 2142 observatione
1857 2117 1958 2142 aucta
1981 2117 2073 2143 sunt.
2127 2111 2220 2144 Nam

1231 2161 1312 2193 inde
1330 2166 1478 2204 apparet
1494 2171 1567 2191 non
1595 2171 1667 2192 esse
1691 2166 1821 2192 certam
1844 2160 2020 2193 rationem
2047 2161 2221 2194 discrimi-

1230 2211 1284 2244 nis
1301 2211 1437 2243 dierum
1459 2212 1552 2253 apud
1572 2210 1786 2249 Hesiodum,
1814 2212 1909 2255 quod
1930 2212 1997 2252 ait,
2025 2212 2103 2245 aliis
2130 2212 2219 2247 alios

1229 2262 1302 2295 dies
1319 2261 1474 2305 probari.
1528 2261 1670 2294 Primus
1685 2261 1757 2294 dies
1775 2273 1872 2293 sacer
1889 2268 1950 2296 est.
2009 2262 2100 2295 Sunt
2123 2263 2219 2296 enim

1230 2313 1349 2346 omnia
1367 2312 1465 2344 initia
1485 2324 1595 2344 sacra.
1650 2312 1805 2355 Quartus
1822 2312 1903 2344 item
1926 2325 2043 2352 sacer,
2070 2314 2153 2359 quia
2174 2326 2222 2347 eo

1228 2364 1282 2396 die
1301 2364 1420 2407 prodit
1437 2375 1454 2395 a
1473 2363 1567 2395 coitu
1584 2363 1681 2402 luna,
1699 2368 1732 2394 et
1748 2363 1858 2395 videri
1876 2370 1991 2406 potest
2004 2376 2113 2403 sacer,
2132 2364 2215 2409 quia

1227 2414 1439 2458 principium
1467 2419 1516 2446 est
1542 2413 1809 2456 conspiciendae
1833 2414 1949 2448 lunae.
2014 2414 2217 2459 Septimum-

1226 2465 1318 2498 diem
1337 2477 1485 2497 vacuum
1505 2463 1606 2503 facit,
1635 2463 1716 2508 quia
1733 2464 1815 2496 luna
1835 2465 1942 2498 distat
1959 2477 1978 2497 a
1994 2465 2067 2498 sole
2086 2471 2213 2511 quarta

1227 2523 1327 2560 parte
1349 2513 1553 2561 Zodizici2)‚
1580 2515 1641 2559 qui
1657 2516 1840 2558 adspectus
1858 2517 2051 2561 quadratus
2071 2517 2215 2556 dicitur,

1227 2574 1260 2600 et
1283 2573 1333 2600 est
1358 2566 1608 2610 inauspicatus.
1672 2566 1796 2600 Nonus
1826 2573 1859 2599 et
1880 2573 2022 2601 octavus
2049 2567 2122 2601 dies
2143 2566 2215 2600 uti-

1261 2686 1291 2717 2)
1313 2685 1438 2713 zodiaci]
1458 2684 1506 2708 Ed.
1522 2685 1596 2710 1541.
1609 2684 1639 2708 F.
1659 2691 1754 2709 errore
1772 2687 1899 2715 typogm
1925 2684 2046 2709 Zodaici.
