2373 2980
103 122 176 160 101

101 215 176 243 tem
191 218 211 240 a
227 205 384 240 Saturno
400 201 638 242 adiuvantur,
665 207 770 235 erunt
793 201 946 234 cultores
969 199 1097 233 bestia·

102 271 204 298 rum,
236 254 469 300 vespillones,
503 254 697 297 praeficae,
731 251 897 296 lugubria
919 257 1098 289 canentes,

101 307 269 347 fanatici,
296 311 479 339 versantes
492 304 531 337 in
554 304 660 345 locis,
693 303 756 337 ubi
777 304 868 337 fiunt
892 314 1013 343 sacra,
1048 302 1098 334 la—

101 358 363 397 mentationes,
388 355 625 390 lacerationes
641 367 846 400 corporum.
897 353 961 388 Sin
978 359 1097 387 autem

102 423 124 445 a
146 409 229 445 Iove
253 408 491 447 adiuvantur,
530 412 636 440 erunt
657 406 864 446 sacrificuli,
906 404 1099 449 aruspices,

102 472 287 497 sacrorum
317 458 447 498 baiuli,
487 457 697 491 mulieribus
727 457 915 502 praefecti,
956 455 1100 500 nuptia-

101 525 183 547 rum
208 510 475 549 conciliatores,
517 514 552 541 et
575 508 658 541 inde
681 508 901 548 victitantes,
942 507 1100 541 fruentes

102 561 367 608 voluptatibus,
392 560 469 594 sine
486 564 585 592 metu
600 559 706 593 ullius
722 560 882 603 periculi.

204 613 396 657 Siguorum
413 615 533 644 autem
548 610 770 655 proprietas,
803 611 842 643 in
866 610 995 656 quibus
1018 615 1102 643 sunt

102 666 266 711 planetae
279 660 476 706 magisterii
492 661 654 702 datores,
681 662 727 694 ad
740 661 952 695 varietatem
966 661 1099 694 artium

103 713 281 750 conducit.

203 765 311 809 Signa
324 790 334 805 ,
368 775 525 809 quorum
540 764 674 807 figurae
691 769 775 797 sunt
790 761 970 796 humanae
981 790 991 804 ,
1017 775 1101 796 con-

102 817 238 851 ducunt
253 815 299 849 ad
315 814 480 849 scientias
504 821 540 848 et
561 815 605 847 ad
631 820 745 854 artes,
779 815 824 848 ad
848 827 952 849 usum
974 812 1101 848 huma-

101 880 190 902 num
213 865 513 900 accommodatas.

205 917 492 964 Quadrupedum
517 916 651 960 figurae
675 917 882 950 conducunt
906 918 952 950 ad
976 915 1102 949 metal-

103 969 190 1010 lica,
216 970 263 1003 ad
286 967 569 1013 negotiationes,
605 967 870 1008 aedificationes
896 975 930 1001 et
952 968 1103 1001 fabrica-

103 1021 238 1059 tiones;
291 1018 568 1066 aequinoctialia
612 1025 646 1052 et
682 1018 882 1053 solstitialia
922 1020 968 1052 ad
1007 1031 1103 1052 com-

102 1071 341 1111 mutationes,
367 1069 702 1115 interpretationes,
730 1070 984 1114 geometriam,
1012 1070 1104 1114 agri-

105 1123 281 1158 culturam
316 1128 351 1155 et
385 1121 641 1155 caeremonias.
713 1120 914 1155 Terrestria
949 1133 1035 1154 vero
1071 1127 1105 1154 et

105 1173 272 1221 aquatica
299 1173 506 1207 conducunt
536 1173 582 1204 ad
610 1173 816 1206 tractandas
841 1184 897 1206 res
920 1178 1104 1206 nascentes

105 1226 145 1259 in
161 1224 284 1271 aquis,
310 1223 396 1257 item
420 1223 467 1256 ad
489 1220 639 1262 herbas,
674 1228 708 1255 et
731 1234 841 1256 naves
867 1223 1105 1265 fabricandas,

105 1277 194 1310 item
210 1276 256 1308 ad
273 1274 494 1318 sepulturas,
529 1274 574 1306 ad
598 1273 825 1307 condimenta
838 1300 848 1315 ,
879 1275 1105 1317 salsamenta,

108 1327 165 1360 vel
180 1324 309 1360 herbas
326 1324 556 1358 condiendas.

210 1376 249 1410 Si
271 1387 356 1409 vero
379 1375 483 1409 Luna
513 1375 665 1419 adspicit
695 1377 837 1411 datores
866 1377 1062 1420 magisterii
1086 1390 1104 1410 a

108 1426 361 1461 coniunctione
377 1426 580 1467 discedens,
608 1438 687 1460 cum
698 1427 893 1469 Mercurio,
922 1429 959 1462 in
970 1429 1106 1469 Tauro,

109 1477 331 1523 Capricorno
356 1483 391 1510 et
409 1477 570 1517 Cancro,
598 1477 725 1511 efficiet
739 1486 864 1521 ‚vates,
892 1480 1106 1514 sacrificulos

108 1535 143 1562 et
159 1527 394 1562 vaticinantes
409 1530 459 1573 [ex
483 1528 596 1573 pelvi;
631 1528 669 1562 in
685 1528 879 1574 Sagittario
898 1538 931 1565 et
947 1531 1107 1566 Piscibus

108 1579 266 1613 efficiunt
290 1579 526 1613 vaticinantes
560 1592 602 1613 ex
634 1587 862 1616 mortuorum
897 1589 932 1616 et
961 1584 1107 1617 daemo-

108 1643 196 1664 num
221 1629 421 1676 colloquio;
462 1632 500 1664 in
523 1629 671 1675 Virgine
703 1638 737 1665 et
760 1632 930 1678 Scorpio,
970 1646 1107 1678 magos,

109 1681 329 1725 astrologos,
357 1682 495 1716 occulta
511 1682 734 1725 proferentes
764 1690 798 1717 et
822 1686 942 1719 futura
966 1686 1108 1730 praedi-

109 1739 244 1771 centes;
272 1732 311 1765 in
325 1731 455 1773 Libra,
481 1732 602 1766 Ariete
626 1739 660 1767 et
676 1733 820 1776 Leone,
846 1736 995 1772 adflatos
1018 1737 1108 1770 divi-

109 1783 223 1823 nitus,
250 1783 509 1824 somniatores,
533 1783 770 1820 adiuratores.

210 1834 262 1867 Ac
276 1835 321 1868 de
335 1835 450 1879 specie
475 1835 658 1869 actionum
681 1834 750 1869 hoc
770 1838 880 1871 modo
906 1838 1108 1873 considera-

108 1885 153 1920 tis
167 1885 402 1920 mixtionibus
419 1887 624 1920 coniectura
641 1888 714 1921 fiat.

210 1936 281 1970 Sed
305 1937 591 1981 magnitudinem
617 1938 780 1973 ostendet
810 1938 964 1983 dignitas
993 1941 1109 1974 domi-

111 1987 279 2022 nantium
295 1989 491 2023 stellarum.

213 2039 305 2073 Cum
322 2047 406 2073 sunt
430 2040 642 2081 orientales,
678 2046 740 2074 aut
763 2040 801 2073 in
826 2041 1031 2077 cardinibus
1057 2044 1108 2076 fa-

110 2091 209 2125 ciunt
235 2091 486 2125 antecellentes
508 2091 604 2129 aliis3
646 2092 706 2125 sed
732 2103 812 2125 cum
839 2100 922 2126 sunt
946 2094 1109 2127 occiden-

109 2143 218 2183 tales,
262 2148 324 2175 aut
348 2143 514 2176 cadentes
545 2154 563 2175 a
597 2142 821 2184 cardinibus,
864 2144 999 2179 faciunt
1028 2146 1109 2180 sub-

111 2193 220 2228 iectos
243 2193 334 2227 aliis.

211 2243 351 2278 Etcum
370 2245 549 2278 beneficae
565 2245 687 2279 stellae
710 2252 793 2279 sunt
817 2245 976 2280 elevatae
1003 2259 1109 2292 super

111 2295 358 2337 dominantes,
383 2295 520 2329 faciunt
544 2308 713 2341 magnos,
741 2297 936 2341 gloriosos,
970 2299 1110 2332 lucran-

110 2353 183 2388 tes,
213 2359 289 2380 non
316 2347 558 2388 offendentes,
594 2347 782 2392 gratiosos.
846 2348 1003 2383 Econtra
1028 2362 1108 2384 cum

111 2398 293 2432 maleficae
312 2399 468 2432 elevatae
484 2405 566 2433 sunt
581 2411 688 2444 super
704 2399 961 2442 dominatores,
976 2401 1112 2435 faciunt

113 2449 327 2491 submissos,
354 2451 547 2495 ignobiles,
572 2448 664 2484 nihil
686 2451 865 2487 lucrantes
887 2459 921 2486 et
944 2453 1110 2498 periculis

113 2501 318 2546 implicitos.

217 2552 255 2586 Si
277 2553 452 2587 Saturnus
477 2553 741 2596 adversabitur,
767 2555 873 2588 faciet
896 2555 1050 2600 frIgora‚
1078 2563 1112 2590 et

116 2603 278 2637 colorum
299 2605 484 2639 mixturas.
534 2605 572 2639 Si
587 2605 685 2640 Mars
707 2606 972 2648 adversabitur,
1008 2608 1113 2642 faciet

116 2654 333 2689 temeritates
349 2662 383 2689 et
397 2656 574 2691 infamias.
619 2657 708 2691 Cum
727 2664 845 2691 autem
862 2659 968 2692 ambo
987 2661 1111 2693 adver-

118 2713 242 2740 santur
255 2733 263 2747 ,
289 2707 486 2751 significant
507 2708 665 2752 ingentes
684 2710 983 2753 perturbationes.

282 114 422 153 XLVII.
456 113 857 151 INTERPRETATIO
884 113 1056 148 OPERIS
1083 112 1472 159 QUADRIPARTITI
1495 108 1779 147 PTOLEMAEI
1804 109 1893 145 LIB.
1908 109 1966 146 IV.

2073 109 2147 148 102

1252 198 1411 243 Tempus
1446 204 1567 232 autem
1601 197 1814 231 incrementi
1846 196 1901 229 vel
1929 196 2148 229 decrementi

1149 246 1279 281 harum
1291 250 1532 289 effectionum,
1549 255 1713 283 sumatur
1729 261 1748 282 a
1767 248 1888 294 positu
1903 248 1949 281 ad
1964 246 2147 280 cardinem

1152 299 1363 333 orientalem
1380 307 1413 333 et
1434 300 1700 334 occidentalem.

1520 386 1574 418 De
1600 385 1778 427 coniuqiis.

1256 450 1515 494 Coniugiorum
1549 449 1872 483 considerationem
1905 450 1995 482 ordo
2031 449 2149 484 offert.

1152 501 1214 536 Est
1233 508 1352 535 autem
1369 503 1412 534 de
1429 500 1586 544 legitima
1605 500 1675 533 viri
1690 506 1725 533 et
1747 500 1907 533 mulieris
1929 501 2150 535 coniunctio-

1152 565 1198 587 ne
1220 551 1289 586 hoc
1310 553 1420 586 modo
1449 551 1734 585 coniectandum.
1793 549 1833 583 In
1848 551 2009 584 virorum
2027 552 2150 586 coniu-

1153 604 1218 648 giis
1233 603 1359 638 Lunae
1383 603 1560 648 positum,
1587 609 1621 635 et
1635 602 1820 647 quomodo
1843 601 1919 645 ipsa
1943 603 2069 636 affecta
2093 603 2156 643 sit,

1154 655 1379 689 considerare
1397 660 1551 699 oportet.
1602 652 1745 686 Etenim
1763 652 1800 685 in
1817 651 2049 687 orientalibus
2067 666 2151 687 con-

1153 707 1275 740 stituta
1299 705 1577 751 quadrantibus,
1610 710 1673 737 aut
1696 703 1733 736 in
1757 703 1873 748 prima
1902 703 2152 745 adolescentia,

1153 758 1250 791 viros
1268 757 1442 801 coniugiis
1458 756 1637 800 implicat,
1664 761 1726 787 aut
1749 761 1831 798 post
1856 760 2033 787 maturam
2057 762 2152 789 aeta-

1154 815 1224 842 tem
1249 809 1373 842 iisdem
1401 808 1607 841 iuvenculas
1629 805 1800 839 decernit.
1861 803 1900 837 In
1926 805 2153 839 occidentali-

1153 860 1221 894 bus
1252 867 1397 899 contra,
1442 859 1498 892 vel
1532 857 1667 892 tardius
1695 862 1943 890 contracturos
1967 857 2153 891 matrimo-

1154 911 1276 952 nium,
1316 911 1373 944 vel
1398 916 1487 944 natu
1507 908 1775 954 grandiusculas
1798 907 1967 941 ducturos
1994 909 2155 944 denotat.

1155 962 1194 997 Si
1218 968 1361 1007 praeter
1385 959 1474 995 haec
1497 962 1605 995 etiam
1623 960 1778 994 Saturno
1796 958 1904 992 suerit
1921 960 2154 1005 configurata,

1157 1013 1362 1057 coniugium
1379 1019 1502 1057 negat,
1531 1019 1565 1046 et
1580 1013 1677 1047 viros
1694 1011 1843 1044 caelibes
1860 1010 1990 1045 reddit.

1259 1064 1398 1097 Deinde
1415 1065 1630 1103 videndum,
1656 1064 1754 1109 quod
1772 1062 1846 1106 ipsa
1862 1062 2003 1105 signum
2021 1068 2153 1097 teneat.

1157 1116 1194 1150 Si
1219 1116 1314 1149 enim
1337 1115 1375 1148 in
1399 1115 1505 1150 unius
1530 1116 1664 1160 figurae
1687 1114 1789 1158 signo
1810 1113 1986 1154 extiterit,
2012 1119 2075 1147 aut
2089 1113 2154 1147 uni

1158 1167 1263 1201 alicui
1281 1167 1507 1211 planetarum
1528 1165 1735 1211 applicarit,
1771 1177 1879 1198 unam
1903 1170 2045 1198 tantum
2069 1177 2157 1199 uxo-

1157 1230 1232 1252 rem
1251 1219 1423 1262 designat.
1474 1217 1511 1251 Si
1528 1230 1614 1251 vero
1629 1216 1882 1261 bicorporeum
1900 1222 1962 1249 aut
1976 1228 2018 1249 ex
2034 1216 2156 1260 figuris

1157 1270 1320 1315 pluribus
1343 1269 1536 1304 conflatum
1560 1270 1700 1314 signum
1725 1267 1941 1313 possederit,
1969 1267 2025 1300 vel
2046 1267 2157 1301 etiam

1158 1334 1201 1355 ex
1215 1323 1340 1355 eodem
1356 1321 1458 1366 signo
1474 1321 1636 1366 pluribus
1653 1320 1771 1354 iuncta
1788 1320 1907 1359 suerit,
1934 1330 2061 1352 uxores
2078 1319 2157 1363 plu-

1158 1385 1214 1407 res
1230 1373 1430 1418 pollicetur.
1484 1372 1591 1418 Quod
1609 1373 1639 1407 si
1656 1372 1821 1417 planetae
1844 1370 2003 1404 adiuncti
2019 1368 2158 1410 Lunae,

1159 1425 1216 1458 vel
1234 1424 1352 1458 vicino
1377 1425 1447 1458 situ
1464 1424 1697 1469 adspectuve,
1725 1423 1781 1456 vel
1798 1421 2004 1456 testimonio
2024 1433 2065 1454 ac
2084 1422 2157 1455 suf-

1158 1476 1279 1520 fragiis
1297 1475 1430 1509 fuerint
1445 1475 1533 1508 boni
1544 1502 1553 1516 ,
1586 1474 1754 1509 honestas
1769 1485 1917 1513 uxores;
1950 1472 1981 1507 si
1996 1472 2159 1514 malefici,

1161 1527 1360 1562 contrarias
1374 1527 1549 1561 tribuunt.

1263 1579 1438 1612 Saturnus
1455 1577 1581 1612 Lunae
1603 1577 1806 1623 applicans,
1834 1589 1961 1612 uxores
1980 1578 2159 1623 promittit

1161 1630 1302 1664 tetricas
1328 1636 1362 1663 et
1385 1629 1602 1668 laboriosas;
1642 1628 1778 1674 Iupiter
1807 1625 1974 1663 honestas
1999 1636 2033 1663 et
2055 1631 2161 1663 indu-

1160 1681 1284 1721 strias,
1302 1681 1512 1726 praesertim
1528 1681 1565 1714 in
1582 1680 1812 1714 oeconomica
1832 1680 2160 1718 administrat-,ioum

1160 1732 1260 1766 Mars
1287 1733 1438 1766 audaces
1468 1739 1502 1765 et
1535 1738 1780 1770 contumaces;
1829 1730 1949 1765 Venus
1972 1732 2161 1772 formosas,

1161 1796 1306 1824 suaves,
1344 1781 1493 1822 hilares;
1534 1783 1735 1819 Mercurius
1764 1794 1907 1827 sagaces
1939 1789 1974 1816 et
2005 1790 2161 1827 argutas.

1160 1834 1310 1880 Insuper
1326 1834 1448 1869 Venus
1464 1847 1543 1868 cum
1560 1834 1664 1875 love,
1698 1835 1753 1868 vel
1772 1834 1947 1867 Saturnus
1969 1846 2049 1867 cum
2066 1834 2162 1867 Mer-

1162 1886 1282 1926 curio,
1324 1886 1435 1920 victui
1459 1887 1622 1930 parando
1651 1885 1819 1925 idoneas,
1853 1891 2014 1919 amantes
2037 1885 2161 1919 coniu-

1161 1950 1244 1982 gum
1262 1943 1296 1970 et
1311 1937 1527 1975 liberorum;
1555 1950 1634 1971 cum
1654 1936 1792 1977 Marte,
1814 1936 2024 1977 iracundas,
2051 1936 2161 1971 insta-

1160 1989 1268 2029 biles,
1295 1989 1485 2022 mutabiles
1500 1989 1560 2022 dat
1576 2000 1717 2022 uxores.

1264 2039 1319 2073 De
1349 2040 1542 2073 mulierum
1574 2039 1748 2083 coniugiis
1774 2038 1893 2072 Solem
1925 2037 2161 2082 contemplari

1163 2097 1318 2134 oportet.
1370 2090 1513 2124 Etenim
1536 2091 1574 2124 in
1599 2089 1832 2124 orientalibus
1857 2089 2049 2123 collocatus
2075 2101 2162 2134 qua-

1162 2142 1370 2183 drantibus,
1396 2141 1572 2186 significat
1588 2154 1666 2182 eas,
1691 2141 1819 2187 quibus
1840 2138 1909 2173 hoc
1931 2141 2040 2173 modo
2066 2139 2161 2184 posi-

1162 2199 1218 2226 tus
1236 2199 1300 2234 est,
1327 2193 1384 2226 vel
1398 2193 1533 2237 puellas
1551 2193 1746 2227 admodum
1767 2192 1966 2231 elocandas,
1991 2191 2047 2223 vel
2064 2197 2161 2235 post-

1163 2257 1272 2290 quam
1299 2251 1394 2279 aetas
1421 2245 1647 2286 defloruerit,
1681 2243 1961 2277 adolescentibus
1986 2248 2162 2286 nupturas

1163 2308 1248 2330 esse.
1299 2294 1340 2328 In
1357 2296 1647 2337 occidentalibus,
1675 2301 1738 2328 aut
1754 2295 1854 2327 tarde
1871 2294 2072 2333 elocandas,
2099 2299 2162 2326 aut

1163 2354 1245 2392 post
1261 2347 1387 2380 florem
1411 2347 1535 2381 aetatis
1558 2353 1645 2380 natu
1668 2345 1920 2389 grandioribus
1943 2344 2162 2388 coniungen-

1164 2400 1226 2433 das
1241 2398 1428 2443 significat.
1480 2398 1525 2431 Et
1540 2398 1570 2431 si
1586 2398 1691 2431 unius
1716 2397 1849 2441 figurae
1873 2396 2013 2439 signum
2039 2401 2162 2428 tenue-

1164 2451 1223 2491 rit,
1238 2457 1298 2484 aut
1315 2450 1378 2484 uni
1398 2450 1504 2483 alicui
1522 2449 1747 2493 planetarum
1765 2448 1942 2481 matutino
1961 2453 2043 2480 ortu
2058 2458 2163 2490 prae-

1164 2502 1365 2536 cedentium
1383 2500 1583 2545 applicarit,
1607 2512 1717 2533 unum
1735 2499 1925 2536 maritum3
1952 2498 1981 2532 si
1996 2497 2163 2542 bicorpo-

1163 2566 1265 2588 reum
1278 2580 1288 2593 ,
1320 2553 1376 2586 vel
1394 2565 1434 2586 ex
1450 2551 1610 2597 pluribus
1625 2551 1748 2596 figuris
1766 2549 2003 2595 compositum
2021 2548 2161 2593 signum

1163 2604 1349 2643 habuerit,
1394 2610 1455 2637 aut
1487 2603 1649 2647 pluribus
1682 2602 1860 2636 matutino
1891 2607 1972 2633 ortu
2002 2612 2038 2633 se
2062 2606 2161 2632 ante-

1164 2656 1384 2691 vertentibus
1419 2656 1659 2699 configuratus
1690 2654 1816 2693 fuerit,
1862 2652 1980 2697 plures
2013 2650 2162 2684 maritos

1163 2708 1326 2753 spondet.

1482 2756 1503 2788 7
1524 2753 1544 2771 3
