2373 2980
237 135 286 169 87

236 217 363 262 decipi,
391 217 523 255 firmos,
551 217 754 261 prudentes,
781 227 916 252 saevos,
945 215 1228 258 circumspectos,

237 276 379 314 agentes
395 268 548 312 aliquid,
576 268 782 311 punientes,
810 266 964 298 scientiis
982 266 1130 298 deditos.

337 324 603 358 Antecessiones
634 335 718 355 vero
752 329 785 356 et
820 336 982 361 occasus,
1030 323 1227 365 significant

238 376 433 410 instabiles,
463 373 629 412 mobiles,
656 373 860 413 imbecilles,
889 374 1113 418 impatientes
1131 373 1226 405 labo-

236 439 328 463 rum,
357 425 454 457 facilc
471 423 709 468 concipientes
727 425 861 458 subitos
878 425 1035 465 affectus,
1063 422 1226 461 humiles,

235 476 478 512 meticulosos,
507 474 712 518 ambiguos,
749 476 904 509 minaces
921 482 954 509 et
971 475 1132 514 timidos,
1166 471 1225 505 lie-

234 528 350 563 betes,
378 526 515 563 fatuos,
543 525 713 559 difficiles.

336 583 567 627 Vespertinae
597 597 681 618 vero
710 585 879 618 stationes
904 591 937 617 et
961 584 1096 628 positus
1117 582 1224 615 medii

236 636 323 667 infra
346 642 497 673 terram,
526 641 558 667 et
572 635 741 668 Mercurii
761 648 799 667 ac
815 635 962 668 Veneris
984 645 1146 672 occasus,
1173 633 1226 664 in-

235 686 350 719 terdiu
369 685 579 729 vespertini,
606 693 709 719 nocte
727 698 811 718 vero
828 685 1006 725 matutini,
1028 683 1226 727 significant

235 736 456 778 ingeniosos,
485 737 697 780 prudentes,
731 749 804 769 non
822 736 904 770 satis
922 747 1117 773 memores,
1151 745 1225 766 non

233 788 396 820 laborum
414 787 587 831 patientes
600 814 608 826 ,
634 788 692 820 sed
712 793 830 819 tamen
850 792 1046 819 scrutantes
1075 796 1224 817 arcana:

234 846 270 871 ut
289 838 422 881 magica
439 850 550 876 sacra,
572 850 693 871 causas
712 849 833 870 eorum
854 848 945 881 quae
962 837 1050 869 fiunt
1066 835 1102 867 in
1119 835 1226 868 subli-

236 891 282 921 mi
301 900 400 927 aere,
429 886 654 924 mechanica,
690 894 806 920 motus
831 894 865 920 et
887 887 1030 921 effectus
1057 886 1226 926 siderum,

235 939 539 983 praestigiatores,
576 936 829 982 philosophos,
864 950 1035 981 augures,
1069 937 1226 971 somnio-

235 1003 313 1023 rum
333 990 542 1032 interpretes
560 995 592 1021 et
611 989 754 1022 similes.

335 1055 423 1090 Cum
442 1062 559 1089 autem
579 1062 661 1089 sunt
679 1056 714 1088 in
732 1055 887 1099 propriis
907 1062 967 1089 aut
991 1054 1227 1088 familiaribus

235 1107 319 1140 locis
350 1113 383 1140 et
414 1106 644 1150 dignitatibus
668 1107 831 1151 planetae
854 1107 1092 1150 gubernantes
1117 1105 1228 1138 animi

232 1158 499 1197 inclinationes,
541 1164 708 1201 utsupra
733 1157 999 1198 distribuimus,
1040 1157 1228 1203 qualitates

231 1209 366 1241 faciunt
393 1208 577 1247 excitatas,
613 1221 684 1240 non
710 1208 917 1253 impeditas,
954 1214 1170 1253 spontaneas
1195 1214 1228 1241 et

233 1261 405 1297 efficaces;
433 1271 472 1292 ac
490 1259 678 1303 praecipue
697 1272 776 1293 cum
792 1260 897 1293 iidem
916 1261 1005 1293 duos
1021 1260 1148 1293 modos
1167 1259 1227 1292 ob-

233 1311 366 1350 tinent,
394 1316 427 1342 et
438 1309 656 1344 Mercurium
674 1310 823 1344 feliciter
839 1311 1051 1355 adspiciunt,
1080 1309 1226 1344 etLuna

231 1368 324 1394 recte
343 1361 518 1404 adplicata
539 1367 600 1394 est.
655 1361 744 1395 Cum
767 1374 852 1395 vero
870 1374 945 1395 non
958 1368 1041 1396 sunt
1065 1361 1102 1394 in
1126 1361 1228 1393 fami-

231 1412 377 1445 liaribus
394 1411 500 1452 locis,
529 1412 717 1457 qualitates
740 1414 830 1446 fiunt
854 1414 1045 1453 obscurae,
1071 1412 1229 1445 imbecil-

232 1464 299 1503 les,
327 1463 537 1506 languidae,
565 1461 655 1495 nihil
681 1464 916 1507 proficientes.

333 1529 467 1573 Magna
502 1534 619 1562 autem
648 1529 700 1562 vis
723 1536 774 1563 est
801 1530 1026 1573 planetarum
1049 1529 1228 1573 potentio-

233 1594 311 1614 rum
345 1586 379 1613 et
402 1580 620 1613 elevatorum
646 1592 752 1624 super
780 1580 999 1614 Mercurium
1022 1586 1055 1613 et
1076 1579 1228 1614 Lunam.

234 1632 389 1677 Quando
407 1630 501 1664 enim
521 1643 599 1663 cum
620 1631 785 1665 maleficis
804 1638 854 1665 est
873 1631 1116 1672 familiaritas,
1141 1633 1230 1665 fiunt

234 1689 384 1716 naturae
409 1682 561 1715 iniustae
585 1687 618 1714 et
641 1694 783 1725 pravae.
851 1682 1013 1728 Cumque
1031 1682 1231 1716 Mercurius

235 1740 296 1767 aut
323 1733 426 1767 Luna
452 1738 533 1766 sunt
555 1734 794 1777 potentiores,
823 1733 951 1766 indunt
974 1733 1127 1778 impetus
1147 1733 1232 1766 faci-

235 1785 360 1824 liores,
402 1796 477 1816 non
502 1783 711 1827 impeditos,
754 1796 828 1817 non
853 1784 1090 1829 periculosos,
1131 1791 1165 1818 et
1188 1786 1231 1817 ad

235 1834 528 1869 benefaciendum
546 1834 720 1868 incitatos.

340 1901 409 1934 Sed
439 1912 518 1933 cum
547 1900 738 1934 vincuntur
763 1913 780 1933 a
810 1901 988 1934 contraria
1017 1901 1234 1941 conditione,

239 1959 320 1987 sunt
336 1951 547 1996 praecipites
559 1977 567 1990 ,
596 1949 728 1984 habent
745 1951 865 1985 irritos
885 1952 1057 1996 impetus,
1083 1959 1117 1986 et
1134 1953 1234 1985 facile

239 2004 427 2037 incurrunt
446 2002 481 2034 in
501 2002 725 2036 offensiones.

344 2068 434 2102 Cum
452 2080 537 2100 vero
554 2068 777 2100 familiaritas
797 2074 847 2101 est
865 2080 944 2101 cum
960 2068 1065 2102 bonis
1077 2095 1086 2109 ,
1121 2070 1236 2102 bonos

243 2126 276 2153 et
290 2119 401 2153 iustos
419 2130 536 2152 mores
554 2118 771 2162 significant;
800 2131 951 2163 cumque
975 2131 1048 2152 non
1072 2126 1155 2153 sunt
1177 2120 1237 2152 alii

242 2183 347 2214 super
365 2182 424 2203 eos
443 2169 588 2210 elevati,
615 2170 820 2203 benefacere
835 2169 980 2204 caeteris
1005 2177 1038 2203 et
1062 2170 1129 2215 ipsi
1155 2184 1238 2215 gau-

245 2223 349 2262 dent,
391 2227 425 2254 et
447 2222 638 2254 laudantur
663 2227 810 2265 propter
839 2221 1039 2259 benefacta3
1083 2234 1148 2255 nec
1179 2224 1238 2254 ad-

244 2273 411 2305 ficiuntur
433 2271 590 2311 iniuriis,
625 2273 685 2306 sed
709 2273 876 2305 fruuntur
902 2272 1055 2313 iustitia,
1091 2286 1181 2318 quae
1207 2279 1241 2305 et

245 2323 330 2367 ipsis
350 2323 505 2366 prodest.
567 2323 633 2355 Sed
659 2323 686 2356 si
713 2324 930 2367 potentiores
953 2330 1035 2357 sunt
1058 2324 1240 2364 contrarii,

247 2374 366 2407 minus
400 2371 532 2406 liabent
566 2374 860 2419 tranquillitatis,
905 2381 1058 2420 suntque
1094 2382 1241 2420 propter

249 2424 559 2458 mansuetudinem
595 2432 628 2457 et
661 2426 858 2458 bonitatem
896 2432 930 2458 et
962 2426 1148 2460 veritatmn
1184 2428 1242 2459 ‹le-

249 2475 378 2520 specti‚
407 2475 648 2507 criminationi
669 2483 702 2509 et
719 2476 858 2510 iniuriis
875 2477 1036 2521 expositi.

352 2543 448 2576 Haec
470 2543 513 2577 sit
537 2544 709 2587 generalis
735 2545 984 2579 consideratio.
1047 2545 1243 2590 Qualitates

253 2606 337 2628 xero
355 2594 606 2640 particulares,
643 2608 659 2626 a
686 2595 832 2638 singulis
855 2597 1006 2639 planetis
1031 2603 1145 2637 ortas,
1178 2608 1243 2640 pro

256 2646 423 2692 cuiusque
450 2646 630 2686 dominio,
659 2646 822 2690 deinceps
845 2649 1058 2691 compendio
1074 2648 1244 2687 recitabo,

257 2705 290 2731 et
308 2699 479 2731 mixturas
495 2710 618 2731 eorum
636 2697 672 2730 in
690 2710 816 2742 genere
833 2699 1042 2734 describam.

810 130 928 164 PHlL,
965 128 1076 162 MEL.
1112 126 1312 162 SCRIPTA
1346 124 1680 160 PHILOLOGlCA.

2220 123 2268 158 88

1678 210 1864 243 Saturnus.

1381 278 1554 310 Saturnus
1572 286 1650 308 cum
1671 274 1766 307 solus
1786 280 1908 307 nactus
1925 279 1976 308 est
1995 273 2208 315 dominium,
2236 279 2271 308 et

1278 328 1356 372 plus
1373 328 1466 360 valet
1483 338 1588 372 quam
1608 324 1806 358 Mercurius
1824 330 1858 356 et
1874 322 1973 358 Luna
1987 351 1996 366 ,
2030 337 2070 358 ac
2086 326 2269 370 praeclare

1278 390 1313 412 se
1330 376 1455 417 habet,
1484 377 1579 421 quod
1596 376 1641 408 ad
1658 375 1783 408 mundi
1807 375 1962 420 positum
1988 376 2133 418 attinet,
2169 383 2204 410 et
2225 376 2270 409 ad

1279 429 1458 467 cardines,
1485 427 1568 459 facit
1593 426 1752 471 corporis
1769 426 1822 460 sui
1840 438 1961 460 curam
1985 433 2163 471 gerentes,
2192 438 2271 472 gra-

1279 492 1349 518 ves,
1376 478 1552 522 profunda
1573 477 1783 520 cogitantes,
1810 478 1971 518 tetricos,
1998 478 2195 519 solitarios,
2220 478 2271 511 la-

1278 529 1460 568 boriosos,
1494 528 1721 572 imperiosos,
1748 528 1935 573 punientes
1955 528 2121 574 indigna,
2149 541 2271 563 cumu-

1279 581 1409 612 latores
1427 591 1533 623 opum
1545 605 1554 619 ,
1582 590 1707 623 parcos
1719 606 1728 620 ,
1757 580 1903 624 cupidos
1920 581 2110 624 pecuniae,
2136 580 2271 614 violen-

1279 637 1352 670 tos,
1379 630 1582 674 colligentes
1603 628 1806 671 thesauros,
1834 630 1987 665 invidos.

1381 689 1449 722 Sed
1476 688 1661 722 infeliciter
1685 689 1840 733 positus,
1876 689 1959 722 facit
1979 688 2179 735 squalidos,
2205 685 2271 721 llu-

1280 739 1375 771 milia
1395 739 1610 784 cogitantes,
1638 741 1874 785 negligentes,
1907 739 2105 780 solitarios,
2128 738 2271 779 lividos,

1279 790 1444 831 timidos,
1472 791 1661 835 fugitantes
1677 792 1811 831 lucem,
1840 791 2115 831 obtrectatores,
2149 801 2272 822 aman-
2316 813 2323 817 -

1280 847 1330 874 tes
1355 842 1608 882 solitudinum,
1635 842 1838 886 lugubrium
1862 854 2067 875 sermonum
2092 840 2272 887 querulos,

1281 892 1523 937 impudentes,
1566 892 1847 937 superstitiosos,
1890 892 2107 933 laboriosos,
2156 891 2272 931 mites,

1280 943 1487 978 insidiantes
1508 943 1598 983 suis,
1624 944 1758 984 tristes,
1785 943 1949 977 incultos.

1581 1038 1755 1071 Saturnus
1781 1049 1856 1071 cum
1882 1038 1967 1070 love.

1383 1105 1529 1138 Saturni
1561 1111 1679 1138 autem
1706 1111 1740 1138 et
1762 1104 1856 1138 Iovis
1879 1103 2103 1137 familiaritas
2124 1102 2162 1135 in
2184 1101 2271 1136 locis

1279 1155 1382 1188 bonis
1395 1182 1404 1196 ,
1430 1155 1513 1188 facit
1534 1156 1667 1196 bonos,
1694 1168 1792 1189 senes
1810 1155 1980 1198 singulari
1997 1153 2194 1188 reverentia
2214 1165 2272 1186 co-

1281 1207 1410 1246 lentes,
1433 1206 1611 1250 placidos,
1638 1204 1785 1239 honeste
1801 1206 2003 1246 sentientes,
2027 1204 2273 1250 opitulatores,

1280 1257 1356 1290 sine
1373 1257 1643 1297 malevolentia,
1670 1263 1812 1297 cautos,
1839 1268 1985 1301 parcos,
2011 1255 2274 1299 magnanimos,

1282 1308 1477 1348 officiosos,
1505 1309 1687 1347 cordatos,
1712 1314 1873 1341 amantes
1890 1320 2050 1347 suorum,
2077 1306 2193 1346 mites,
2220 1304 2274 1337 in-

1282 1359 1496 1402 telligentes,
1530 1359 1741 1397 tolerantes,
1775 1358 1946 1402 sapientia
1973 1358 2128 1403 quadam
2152 1356 2274 1390 mode-

1282 1415 1400 1442 rantes
1431 1409 1556 1442 osficia.
1617 1407 1657 1441 In
1684 1409 1872 1442 contrariis
1895 1408 2001 1448 locis,
2028 1408 2188 1452 ineptos,
2220 1406 2274 1439 fu-

1281 1460 1414 1499 riosos,
1446 1466 1642 1493 metuentes
1666 1460 1826 1500 turbam,
1861 1458 2144 1503 superstitiosos,
2169 1456 2276 1491 sacri-

1282 1511 1423 1550 ficulos,
1452 1511 1586 1543 occulta
1605 1511 1814 1554 prodentes,
1848 1510 2063 1554 suspicaces,
2096 1508 2276 1553 negIIgen-

1283 1568 1332 1594 tes
1351 1562 1544 1594 liberorum
1566 1567 1600 1593 et
1616 1561 1833 1601 amicorum,
1860 1561 2079 1594 latebrarum
2104 1565 2277 1600 amantes,

1284 1611 1445 1651 hebetes,
1473 1613 1692 1652 diffidentes,
1719 1612 1838 1656 inepte
1863 1612 2087 1656 splendidos,
2121 1610 2277 1644 virulen-

1285 1670 1356 1703 tos,
1401 1663 1643 1702 simulatores,
1677 1663 1806 1696 frustra
1835 1668 2024 1703 conantes,
2057 1661 2278 1701 ambitiosos,

1284 1714 1472 1748 mutabiles
1484 1741 1492 1754 ,
1519 1714 1666 1747 stolidos
1682 1720 1716 1746 et
1731 1714 1886 1748 serviles.

1572 1807 1745 1839 Saturnus
1767 1817 1842 1839 cum
1863 1806 1994 1840 Marte.

1388 1872 1629 1905 Familiaritas
1645 1885 1730 1905 vero
1749 1885 1827 1905 cum
1850 1872 1967 1905 Marte
1991 1872 2029 1905 in
2051 1871 2139 1905 locis
2162 1871 2280 1905 minus

1289 1924 1550 1968 vituperandis,
1577 1923 1659 1955 facit
1676 1924 1903 1967 negligentes,
1930 1923 2142 1963 laboriosos,
2169 1922 2280 1955 libere

1291 1977 1492 2021 loquentes,
1520 1973 1762 2014 turbulentos,
1791 1974 1975 2008 audaciam
2000 1986 2086 2019 prae
2109 1986 2145 2008 se
2167 1974 2283 2006 seren-

1291 2034 1359 2066 tes,
1388 2033 1421 2059 et
1444 2032 1564 2073 tamen
1590 2025 1754 2065 timidos,
1783 2026 1945 2065 tetricos,
1973 2025 2284 2064 immisericordes,

1290 2077 1520 2121 despicientes
1542 2076 1649 2115 alios,
1685 2088 1850 2120 asperos,
1876 2076 2082 2116 bellicosos,
2108 2076 2285 2120 periculo-

1292 2141 1369 2162 rum
1395 2132 1678 2171 contemptores,
1712 2127 1968 2167 tumultuosos,
2004 2127 2167 2167 dolosos,
2200 2125 2284 2160 insi-

1292 2180 1464 2218 diatores,
1499 2185 1638 2211 tenaces
1662 2177 1905 2217 simultatum,
1938 2178 2075 2211 nemini
2098 2177 2286 2222 supplices,

1292 2231 1496 2268 seditiosos,
1535 2229 1759 2274 tyrannicos,
1795 2240 1943 2269 avaros,
1977 2229 2123 2263 infestos
2151 2228 2286 2263 civibus

1293 2282 1486 2320 rixatores»,
1514 2292 1689 2313 memores
1708 2279 1966 2320 offensionum,
1993 2293 2034 2314 ex
2053 2280 2174 2314 abdito
2190 2279 2286 2313 mata

1294 2339 1487 2370 struentes,
1522 2331 1721 2371 invasores,
1753 2330 1999 2374 impatientes,
2035 2338 2176 2372 torvos,
2209 2343 2286 2364 mo-

1295 2385 1419 2423 lestos,
1454 2382 1644 2426 gloriosos,
1678 2383 1873 2422 maleficos,
1916 2382 2084 2423 iniustos,
2127 2394 2201 2416 non
2231 2395 2285 2416 ce-

1297 2437 1418 2468 dentes
1431 2434 1583 2467 aliorum
1601 2433 1751 2472 iudiciis,
1768 2434 1952 2474 immanes,
1971 2433 2190 2474 inflexibiles,
2208 2445 2287 2477 per-

1298 2487 1450 2525 tinaces,
1478 2498 1550 2518 non
1569 2498 1603 2519 se
1632 2485 1850 2528 ingerentes,
1886 2492 1985 2518 caute
2010 2485 2115 2518 etiam
2141 2496 2176 2518 se
2200 2484 2287 2517 reci-

1299 2538 1453 2582 pientes,
1482 2536 1693 2576 industrios,
1719 2549 1792 2569 non
1811 2537 1992 2576 cedentes,
2020 2548 2094 2568 non
2116 2533 2287 2569 habentes

1298 2589 1418 2622 irritos
1436 2588 1597 2632 impetus.
1632 2587 1670 2620 ln
1689 2588 1846 2622 distortis
1860 2588 1958 2628 locis,
1985 2593 2160 2632 raptores,
2185 2598 2288 2631 prae-

1299 2642 1428 2680 dones,
1455 2640 1733 2680 adulteratores,
1761 2651 2012 2679 aerumnosos,
2046 2638 2165 2683 turpia
2189 2637 2287 2671 lucra

1299 2697 1490 2731 sectantes,
1525 2691 1697 2732 nefarios,
1732 2689 1966 2732 inhumanos,
2001 2688 2289 2728 contumeliosos,

2328 803 2349 881 <³¹4⁴

2335 355 2345 405 «ιι,

2332 759 2347 803 ᾗ...
2330 742 2338 751 v.

2332 886 2349 941 ..A
