2373 2980
219 93 284 126 991
797 94 917 129 PfflL.
956 95 1066 131 MEL.
1099 97 1300 132 selur'rA
1334 98 1670 135 PHILOLOGICA.
2171 103 2246 138 992

270 247 561 295 [filei-curius,
602 249 695 287 Ion,
738 249 916 290 Creusa,
955 253 1150 295 Xuthus,

624 296 818 345 chorum]

604 366 812 400 sslercurz'us.

1706 253 1866 298 Apollini
1884 267 1967 288 vero
1984 256 2193 290 heneficium

1307 304 1496 338 Praestans
1520 305 1641 345 fratri,
1674 305 1837 338 auferens
1861 313 2064 340 contextum
2084 320 2123 340 ex
2145 308 2242 341 corio

1665 353 1843 389 calathum

1306 405 1424 438 Detuli
1436 432 1444 445 ,
1469 412 1502 438 et
1518 406 1688 439 infantem
1708 407 1800 439 intra
1818 407 1942 440 limina

266 427 363 458 Atlas
382 436 492 457 aeneo
512 430 611 468 tergo
636 425 774 458 coelum
1441 456 1446 462 ,
1521 457 1528 462 ,
1819 457 1827 464 ,

1307 456 1448 499 Temph
1468 455 1572 490 huius
1590 469 1705 501 pono,
1730 470 1892 502 aperlens
1910 456 2089 492 calathum

267 477 425 510 Deorum
445 476 629 520 antiquam
650 476 798 509 domum
814 482 950 511 terens:
977 478 1005 512 is
1024 491 1065 512 ex
1082 480 1157 514 Dea

265 528 345 561 Una
357 526 402 572 ¹⁸)
420 527 541 570 genuit
559 526 694 559 Maiam
706 553 715 567 ‚
739 539 830 572 quae
849 540 904 561 me
924 530 1046 572 genuit

264 578 484 612 Mercurium
497 604 505 617 ‚
530 577 687 611 maximo
704 577 779 611 Iovi
796 578 956 613 Deorum
977 582 1154 615 nuntium.

240 629 262 664 5
286 629 400 662 Venio
419 635 536 662 autem
554 629 590 662 in
608 627 700 662 hanc
718 628 941 674 Delphorum
959 638 1090 664 terram
1105 659 1114 672 ,
1139 632 1199 666 ubi

621 692 727 725 supra
745 681 954 714 umbilicum
1224 677 1226 736 Ι

263 732 423 765 Medium
441 733 564 765 sedens
582 729 748 765 Phoebus
765 732 859 764 canit
877 729 1096 773 hominibus,

263 783 468 817 Praesentia
485 789 519 816 et
534 783 653 816 sutura
670 783 878 816 vaticinans.

263 835 325 868 Est
341 841 374 867 et
391 846 465 867 non
483 834 632 867 obscura
650 834 869 867 Graecorum
890 834 1012 868 civitas

260 886 315 918 Ab
333 897 439 919 aurea
457 883 594 918 hastam
614 891 755 928 gerente
775 885 920 917 Pallade
930 884 974 931 ¹⁹)
993 890 1136 925 vocata,

216 939 261 972 10
284 937 355 970 Ubi
374 937 483 968 filiam
500 934 690 968 Erechthei
707 933 873 968 Phoebus
890 936 1023 979 nuptiis
1040 937 1155 972 iunxit

264 988 430 1021 Creusam
443 987 600 1031 pervim,
619 998 689 1030 quo
709 986 786 1018 loco
802 987 1092 1029 septentrionalia
1113 1002 1193 1023 saxa

260 1038 415 1072 Palladis
431 1039 495 1071 sub
514 1049 592 1070 arce
608 1035 878 1069 Atheniensium
899 1043 1027 1078 terrae,

261 1090 400 1122 Macras
416 1095 544 1121 vocant
564 1088 700 1121 domini
722 1094 836 1120 terrae
853 1088 1002 1122 Atticae.

260 1141 372 1174 luscio
389 1152 473 1173 vero
490 1146 590 1184 patre
608 1139 672 1183 (sic
692 1139 785 1171 enim
804 1138 880 1171 Deo
896 1139 1057 1187 placuit,)
1221 1170 1223 1182 <

214 1191 258 1225 15
295 1191 395 1224 Tulit
427 1203 516 1224 onus
541 1190 691 1227 ventri&
732 1196 923 1235 postquam
949 1203 1033 1224 vero
1056 1199 1195 1239 tempus
1220 1205 1223 1237 1

620 1247 728 1281 venit,

262 1295 409 1327 Patiens
427 1293 524 1326 domi
543 1305 692 1337 puerum
712 1293 873 1337 exposuit
891 1293 1063 1327 infantem
1221 1328 1222 1338 ἶ

261 1345 301 1378 ln
317 1346 410 1378 idem
431 1351 573 1377 antrum
585 1371 593 1383 ⁷
616 1344 678 1378 ubi
695 1345 886 1378 concubuit
901 1357 980 1377 cum
998 1345 1075 1379 Deo
1221 1339 1222 1367 ¹

262 1397 393 1430 Creusa
405 1422 414 1435 ‚
441 1402 475 1428 et
490 1396 635 1440 exponit
652 1402 823 1440 tanquam
843 1402 1025 1430 mortuum
1220 1398 1222 1407 '

260 1447 300 1480 In
319 1448 474 1481 rotundo
492 1448 576 1480 orbe
597 1459 702 1480 cavae
720 1447 838 1486 cistae,

211 1501 258 1535 20
281 1499 461 1532 Maiorum
479 1510 615 1531 morem
636 1509 780 1531 servans
799 1504 833 1530 et
848 1504 942 1530 terra
959 1499 1032 1530 nati

260 1547 497 1584 Erichthonii.
551 1548 603 1582 Illi
621 1549 714 1582 enim
733 1547 825 1581 Iovis
842 1549 913 1581 filia

262 1601 434 1635 Custodes
450 1600 603 1639 addidit,
630 1600 689 1645 qui
709 1600 926 1633 custodirent
946 1612 1085 1643 corpus,

259 1652 360 1686 Duos
375 1653 546 1684 dracones
558 1679 566 1691 ‚
589 1658 622 1684 et
639 1650 835 1694 virginibus
853 1651 1105 1684 excubantibus
1220 1660 1222 1676 t

260 1703 368 1737 Dedit
383 1704 609 1737 servandum.
658 1701 763 1734 Unde
780 1699 1006 1736 Erechthidis
1023 1702 1093 1735 illic
1220 1684 1222 1724 1

210 1754 258 1792 25
279 1755 359 1788 Mos
377 1761 426 1788 est
444 1754 535 1787 inter
554 1759 733 1796 serpentes
751 1759 893 1786 auratos
1220 1731 1223 1844 ἓ

1220 1854 1223 1881 Ι

1223 860 1225 895 ἐ

261 1807 364 1839 Alere
395 1805 537 1839 liberos.
592 1805 659 1838 Sed
691 1816 729 1836 ea
741 1831 749 1843 ‚
787 1816 878 1849 quae
906 1802 1059 1837 habebat
1082 1805 1195 1848 virgo,

621 1862 831 1888 ornamenta

260 1909 352 1942 Filio
371 1908 576 1952 appendens
593 1906 757 1951 reliquit,
781 1912 953 1950 tanquam
974 1906 1162 1940 morituro.

262 1959 313 1992 lbi
330 1971 385 1991 me
404 1956 570 1991 Phoebus
587 1958 695 1989 frater
711 1955 780 1990 hoc
794 1963 914 2000 rogat:

265 2010 297 2043 O
315 2011 424 2042 frater
436 2037 444 2049 ‚
470 2010 557 2041 vade
577 2009 621 2041 ad
638 2008 844 2051 indigenum
863 2007 1035 2051 populum

213 2062 261 2094 30
310 2060 525 2104 inclytarum
556 2057 797 2095 Athenarmm
846 2058 939 2091 nosti
974 2058 1067 2089 enim
1100 2057 1196 2090 Deae

622 2111 758 2143 urbem.

262 2162 448 2206 Accipiens
465 2161 637 2194 infantem
654 2166 833 2193 recentem
853 2171 895 2192 ex
911 2170 995 2191 cava
1013 2165 1113 2203 petra

265 2213 354 2246 Cum
372 2213 448 2257 ipso
468 2225 548 2246 vase
564 2219 598 2245 et
613 2211 728 2245 fasciis
739 2238 748 2251 ,
773 2223 859 2256 quas
869 2209 915 2255 2⁰)
930 2207 1050 2249 habet,
1222 2189 1225 2249 i

263 2264 412 2297 Portato
430 2261 517 2296 mihi
535 2264 637 2296 fratri
655 2264 698 2296 ad
721 2274 840 2295 meum
857 2261 1043 2305 templum,
1223 2254 1225 2305 ζ

262 2314 308 2348 Et
325 2315 449 2359 ponito
469 2315 506 2347 in
523 2314 599 2359 ipso
616 2313 768 2347 introitu
786 2324 947 2346 mearum
967 2312 1121 2345 aedium.
1223 2331 1225 2359 ς

214 2364 262 2399 35
288 2365 437 2410 Reliqua
457 2364 531 2409 (hic
548 2366 642 2399 enim
660 2377 749 2410 puer
764 2376 864 2398 meus
882 2370 952 2404 est,
982 2369 1021 2397 ut
1038 2362 1156 2406 scias‚)
1223 2363 1225 2383 ‘

253 2533 298 2563 13)
318 2530 390 2562 Una]
415 2531 475 2554 huie
493 2529 553 2553 voci
576 2530 603 2553 in
621 2535 708 2561 marg.
725 2530 774 2553 Ed.
795 2530 868 2554 1562.
888 2529 1055 2559 adscriptum
1080 2530 1123 2552 est
1148 2534 1199 2552 no-

283 2572 359 2590 men:
379 2565 499 2589 Pleione.

252 2610 298 2639 19)
325 2606 451 2639 Pallade]
482 2607 542 2630 huic
570 2607 632 2630 ibid.
659 2606 751 2630 addita
780 2608 821 2630 est
851 2608 916 2630 nota
946 2611 1050 2636 marg:
1082 2605 1197 2635 Athena,
1223 2604 1226 2639 1

286 2643 393 2666 Athena
412 2642 483 2666 euim
502 2641 627 2666 Minerva
646 2643 698 2664 est.
1224 2645 1225 2653 κ

250 2686 297 2716 20)
318 2683 399 2716 quas]
420 2684 459 2708 sic
477 2683 559 2708 Editt.
578 2685 696 2712 recent.;
715 2683 762 2706 Ed.
787 2682 861 2707 ¹562.
880 2683 966 2706 male:
987 2687 1064 2711 quae.
1222 2665 1226 2705 i

1228 259 1233 442 ἰ
1308 252 1400 286 Mihi
1417 261 1521 287 erunt
1536 265 1653 288 curae.

1227 449 1230 498 <⁵

1227 508 1229 545 i

1256 506 1304 541 40
1326 505 1529 540 Involutum
1547 508 1707 549 amulae,
1733 515 1771 542 ut
1787 509 1969 543 videretur
1987 509 2169 554 infans²¹).

1305 556 1470 590 Occurrit
1484 559 1664 592 exoriente
1682 560 1755 593 sole
1773 562 1856 594 orbe
1877 574 1940 594 suo

1305 608 1475 642 Sacerdos
1492 610 1693 653 ingrediens
1713 612 1883 654 templum
1906 612 1984 645 Dei.

1304 658 1354 691 Ea
1375 661 1569 695 admovens
1588 661 1708 696 oculos
1726 662 1854 696 infanti

1303 710 1432 743 Mirata
1471 718 1542 752 est,
1588 725 1674 746 num
1711 713 1829 759 aliqua
1866 711 2038 758 Delphica
2075 724 2159 746 ausa
2195 713 2240 746 sit

1663 764 1794 798 mulier

1224 819 1225 822 ’
1253 818 1300 853 45
1343 820 1611 856 Clandestinum
1644 831 1788 868 partum
1814 825 1850 857 in
1875 823 1941 856 Dei
1973 823 2147 868 proiicere
2176 824 2239 856 do-

1666 888 1776 909 muln.

1300 928 1452 963 Volebat
1473 933 1659 966 extrudere
1676 940 1772 966 extra
1791 946 1931 967 sacrum
1947 933 2069 972 limen,

1301 980 1531 1015 Miseratione
1549 990 1666 1017 autem
1685 985 1804 1018 omisit
1823 984 2081 1023 crudelitatem,
2097 990 2131 1016 et
2141 983 2237 1017 Deus

1299 1032 1454 1064 Adiutor
1471 1040 1546 1066 erat
1565 1046 1676 1078 puero
1689 1062 1698 1075 ‚
1722 1048 1766 1069 ne
1785 1035 1971 1068 eiiceretur
1988 1036 2108 1068 domo.

1299 1082 1485 1126 Accipiens
1502 1084 1617 1127 ipsum
1636 1086 1716 1126 alit,
1739 1093 1874 1130 patrem
1892 1098 1976 1118 vero

1282 1247 1329 1279 21)
1350 1248 1431 1272 Atlas
1450 1261 1483 1266 -—
1502 1248 1604 1274 infans.
1625 1247 1682 1280 (vs.
1703 1248 1835 1280 1—40.)]
1856 1248 1897 1273 sic
1914 1249 1962 1272 Ed.
1980 1248 2071 1279 1562.;
2090 1249 2140 1274 Ed.
2161 1248 2234 1272 1558.

1316 1283 1397 1306 habet
1415 1283 1485 1306 hanc
1505 1283 1776 1313 interpretationem:
2167 1281 2179 1284 “

1352 1317 1482 1341 Mei-cur.
1510 1318 1591 1341 Atlas
1610 1318 1702 1341 aereis
1720 1317 1843 1341 humeris
1862 1316 1968 1341 coelum

1352 1351 1471 1375 Deorum
1491 1352 1630 1382 antiquam
1649 1352 1756 1376 domum
1775 1353 1939 1383 conterens,
1959 1350 2077 1375 Deorum

1352 1386 1393 1409 Ex
1412 1391 1466 1409 una
1484 1386 1578 1417 genuit
1596 1386 1712 1417 Maiam,
1733 1392 1801 1417 quae
1820 1392 1862 1409 me
1881 1385 1975 1416 genuit

1351 1420 1516 1443 Mercurium
1534 1420 1651 1445 maximo
1669 1421 1727 1444 lovi
1746 1421 1864 1444 Deorum
1882 1419 2001 1449 furtive3

1351 1453 1486 1478 Pervenio
1513 1456 1605 1477 autem
1629 1455 1797 1484 Delphorum
1822 1454 1890 1476 hauc
1919 1455 2039 1483 terram,
2071 1453 2115 1476 ubi
2147 1453 2234 1477 umbi-

1655 1489 1735 1512 licum

1350 1521 1467 1546 Medium
1485 1527 1621 1552 occupans
1640 1522 1764 1546 Phoebus
1785 1523 1903 1551 hymnos
1923 1521 1996 1545 canit
2014 1516 2176 1551 ho‘minibus,

1350 1556 1384 1579 Et
1402 1557 1574 1586 praestantia
1593 1557 1620 1579 et
1637 1556 1731 1579 futura
1750 1556 1905 1579 vaticinans
1925 1560 2043 1584 semper.

1351 1591 1401 1613 Est
1420 1590 1490 1614 enim
1508 1596 1562 1614 non
1580 1590 1675 1620 ignota
1693 1590 1861 1613 Graecorum
1884 1588 1995 1617 civitas,

1350 1625 1470 1648 Auream
1487 1625 1595 1648 hastam
1612 1625 1739 1648 habentis
1760 1624 1882 1647 Palladis
1901 1625 2010 1651 vocata,

1351 1658 1403 1681 Ubi
1420 1659 1504 1682 filiam
1523 1659 1669 1682 Erechthei
1690 1658 1816 1681 Phoebus
1835 1657 1975 1687 copulavit
1992 1657 2093 1686 nuptiis

1351 1692 1405 1715 Per
1424 1692 1494 1723 vim,
1514 1693 1662 1722 Creusan1;
1681 1692 1724 1716 ubi
1745 1692 1977 1722 septentrionales
1996 1692 2090 1721 petras

1353 1726 1474 1750 Palladis
1493 1728 1543 1750 sub
1561 1733 1628 1751 arce
1645 1726 1853 1750 Atheniensium
1874 1727 1976 1755 terrae,

1352 1761 1461 1785 Mauras
1482 1763 1582 1785 vocant
1600 1763 1693 1785 terrae
1711 1767 1794 1792 reges
1811 1760 1929 1784 Atticae.

1351 1795 1441 1819 luscio
1461 1801 1528 1819 vero
1547 1797 1642 1826 patre,
1660 1796 1718 1819 Deo
1742 1795 1813 1818 euim
1831 1794 1942 1825 placuit,

1352 1830 1468 1852 Ventris
1486 1830 1599 1859 pertulit
1620 1831 1763 1853 tumorem.
1801 1829 1868 1853 Cum
1887 1833 1955 1852 vero
1976 1828 2051 1852 venit
2069 1829 2186 1858 tempus,

1352 1863 1468 1887 Par-iens
1488 1864 1557 1888 domi
1577 1871 1704 1894 puerum,
1725 1863 1821 1887 detulit
1838 1862 1972 1886 infantem

1351 1898 1382 1921 ln
1401 1898 1469 1921 idem
1488 1900 1614 1928 autrum,
1632 1899 1676 1922 ubi
1696 1897 1838 1922 concubuit
1856 1903 1917 1920 cum
1935 1897 1992 1920 Deo

1353 1932 1476 1963 Creusa,
1495 1935 1521 1955 et
1541 1933 1652 1963 exponit
1669 1934 1798 1962 tanquam
1816 1930 1977 1955 moriturum

1354 1967 1447 1990 Cavae
1465 1972 1547 1990 arcae
1565 1967 1592 1990 in
1612 1967 1727 1990 rotundo
1747 1967 1823 1996 orbe,

1352 2002 1486 2024 maiorum
1504 2001 1729 2025 consuetudinem
1747 2005 1880 2031 servans?
1900 1998 1986 2029 ipsius
2004 1998 2161 2029 terrigenae

1352 2035 1530 2059 Erichthonii.
1565 2035 1608 2059 llli
1628 2035 1699 2058 enim
1717 2035 1791 2059 Iovis
1811 2033 1868 2057 filia

1353 2069 1488 2093 Custodes
1508 2069 1678 2099 adiungens,
1698 2068 1853 2092 custodiam
1872 2066 1999 2096 corporis

1354 2104 1428 2127 Duos
1450 2104 1603 2134 dracmam,
1628 2103 1757 2133 nymphis
1775 2102 1932 2133 agrestibus

1352 2138 1405 2161 Dat
1424 2137 1599 2161 servandum.
1634 2138 1711 2161 Unde
1730 2136 1902 2161 Erechthidis
1921 2135 1978 2158 illic

1354 2172 1527 2196 Consuetudo
1547 2172 1680 2202 quaedam
1699 2173 1757 2201 est,
1777 2170 1849 2194 inter
1868 2171 2010 2199 serpentes
2027 2171 2142 2193 auratos

1353 2206 1438 2229 Alere
1454 2206 1566 2229 liberos.
1604 2206 1658 2229 Sed
1677 2205 1802 2236 quicquid
1820 2204 1914 2227 hahuit
1933 2203 2011 2233 virgo
2029 2204 2191 2232 ornamenti„

1354 2239 1423 2263 Filio
1442 2240 1614 2269 appendens,
1636 2240 1746 2269 reliquit
1765 2241 1893 2268 tanquam
1912 2237 2052 2261 morituro.

1353 2273 1390 2297 lhi
1410 2280 1452 2297 me
1471 2274 1593 2297 existens
1611 2274 1699 2297 frater
1718 2273 1841 2296 Phoebus
1860 2271 1983 2301 postulat
2000 2272 2073 2295 haec.

1355 2308 1376 2331 O
1396 2308 1502 2332 frater.
1521 2308 1660 2337 profectus
1680 2307 1713 2330 ad
1732 2307 1858 2336 populum
1876 2305 2046 2335 aboriginem

1352 2342 1520 2371 Inclytamim
1538 2342 1705 2364 Athenarum
1724 2340 1842 2370 (novisti
1861 2340 1934 2363 enim
1953 2339 2026 2363 Deae
2045 2339 2198 2371 civitatem)

1354 2376 1500 2405 Accipieus
1520 2376 1651 2398 infantem
1671 2376 1807 2398 recentem
1828 2380 1860 2396 ex
1879 2379 1947 2397 cava
1967 2376 2054 2403 petra.

1354 2410 1420 2433 Cum
1440 2410 1499 2439 ipsa
1517 2415 1583 2433 arca
1603 2412 1628 2432 et
1647 2409 1757 2436 fasciis,
1778 2408 1873 2438 quibus
1893 2407 2058 2437 continetur,

1354 2444 1409 2468 Fer
1428 2443 1509 2467 fratri
1528 2444 1562 2467 ad
1580 2450 1640 2467 mea
1658 2443 1768 2472 templa,

1355 2479 1389 2501 Et
1407 2479 1540 2502 collocato
1559 2477 1594 2500 ad
1612 2477 1752 2500 introitum
1771 2477 1866 2500 domus
1885 2481 1972 2499 meae.

1356 2513 1474 2536 Caetera
1494 2517 1578 2539 vero,
1598 2517 1673 2535 meus
1694 2511 1764 2534 enim
1783 2512 1826 2534 est
1846 2509 1888 2541 (ut
1907 2509 1994 2541 scias)
2014 2510 2097 2541 filius,

1356 2547 1438 2570 Nobis
1457 2551 1539 2569 curae
1557 2547 1645 2569 erunt.
1680 2544 1801 2574 Apollini
1819 2550 1886 2567 vero
1906 2544 2065 2568 heneficium

1356 2581 1507 2604 praestans
1525 2580 1621 2608 fratri,
1642 2586 1741 2603 nexum
1758 2579 1911 2602 sustollens
1925 2578 2027 2602 corium

1355 2614 1461 2639 Detuli.
1481 2617 1507 2637 et
1525 2620 1638 2643 puerum
1656 2614 1731 2642 iutra
1748 2612 1842 2636 limina

1354 2649 1429 2672 Pono
1448 2648 1539 2678 templi
1559 2648 1653 2677 huius,
1672 2647 1799 2676 aperiens
1819 2646 1921 2670 corium

1353 2683 1455 2706 Nexum
1472 2687 1555 2706 arcae
1567 2699 1574 2713 ,
1594 2684 1623 2706 ut
1642 2682 1782 2705 videretur
1801 2686 1874 2710 puer.
