2373 2980
25 0 34 70 Ἰ

29 100 33 163 1

29 200 33 303 ἑ

30 379 33 392 b

73 106 147 141 113

169 188 210 222 In
233 187 341 232 signis
363 186 519 227 mutilis,
555 192 616 220 aut
641 196 794 231 quorum
820 184 953 226 figurae
977 187 1060 215 sunt

64 240 304 287 imperfectae,
332 244 393 271 aut
408 237 500 270 circa
517 236 811 282 caputMedusae‚
838 234 938 267 Mars
954 232 1062 276 signi-

30 308 31 319 *
63 295 146 327 ficat
163 290 277 334 capite
295 289 533 329 truncandos,
563 295 624 322 aut
643 286 813 320 membris
831 285 1061 318 mutilandos.

165 340 207 374 In
232 340 381 384 Scorpio
415 351 521 380 vero,
563 346 624 372 aut
648 338 846 376 Centauro,
888 335 1064 379 significat

30 398 32 403 '
65 392 262 426 morituros
281 391 493 431 ustionibus,
520 397 581 424 aut
598 388 813 423 sectionibus
830 387 1064 425 medicorum,

28 1175 29 1178 ¹
71 1158 172 1191 nium
190 1157 284 1197 eius,
313 1156 375 1201 qui
391 1162 442 1189 est
467 1157 504 1188 in
530 1157 608 1188 loco
633 1155 873 1188 interfectore.

16 475 18 477 .
66 449 128 478 aut
149 442 312 487 spasmis.

169 493 259 526 Cum
277 504 362 525 vero
380 491 478 524 Mars
497 491 636 524 culmen
653 490 754 529 coeli,
783 494 846 522 aut
860 486 1064 532 oppositum

66 545 187 578 locum
204 549 322 583 tenet,
354 542 529 585 significat
549 554 671 574 necem
696 541 733 573 in
758 551 880 578 cruce,
912 538 1066 570 maxime

67 596 98 630 si
113 595 213 628 Mars
231 605 343 637 prope
363 590 543 635 Cepheum
561 599 621 625 aut
639 591 909 624 Andromedam
928 589 1005 621 erit.

171 645 240 678 Sed
263 643 301 675 in
322 654 447 675 occasu
473 649 506 674 et
527 643 692 687 opposito
716 639 927 684 horoscopi,
961 638 1068 682 signi-

29 710 31 721 2
70 697 150 729 fleat
164 693 327 727 comburi
345 693 456 725 vivos.

171 743 212 777 In
233 743 341 787 signis
366 749 485 776 autem
510 742 651 781 ferinis,
693 741 938 786 significantur
961 752 1069 782 'neces

70 808 113 829 ex
128 796 231 839 lapsu
246 800 308 827 aut
327 794 514 827 tractione.

171 845 218 878 Et
250 857 330 878 cum
356 843 492 888 Iupiter
527 842 678 886 adspicit
704 842 860 875 Martem
896 841 1069 880 adflictus,

70 902 176 930 erunt
190 907 294 928 neces
316 894 550 938 insigniores,
585 905 627 926 ex
651 893 810 933 iudiciis,
845 899 906 927 aut
930 893 982 925 ira
1007 893 1071 925 du-

71 959 150 981 cum
167 952 230 979 aut
248 958 386 989 regum.

172 1004 218 1038 Et
235 1016 314 1038 cum
333 1004 441 1038 simul
457 1010 539 1037 sunt
556 1003 707 1036 malefici
723 1009 785 1035 aut
803 1000 959 1046 oppositi
978 1000 1071 1033 inter

71 1068 106 1090 se
137 1056 333 1090 secundum
364 1054 647 1098 longitudinem,
688 1054 726 1086 in
753 1053 839 1086 locis
870 1050 1072 1091 lethalibus,

71 1107 151 1152 plus
166 1107 357 1140 conferunt
370 1107 414 1138 ad
431 1106 526 1139 necis
542 1105 764 1138 atrocitatem
776 1131 785 1144 ,
816 1109 856 1137 ut
871 1104 939 1136 fert
957 1103 1072 1135 domi-

932 1152 978 1185 Et
1003 1153 1073 1185 erit

72 1208 295 1252 duplicatum
310 1207 466 1246 malum,
494 1213 555 1239 aut
573 1206 688 1239 maius
706 1205 876 1250 qualitate
902 1210 936 1235 et
961 1215 1073 1248 quan-

72 1259 196 1298 titate,
239 1270 320 1290 cum
351 1257 457 1289 ambo
490 1256 641 1289 malefici
667 1257 844 1288 rationem
867 1252 1003 1287 habent
1029 1255 1073 1287 ad

74 1310 195 1343 locum
210 1308 488 1340 interfectorem.

178 1367 284 1400 Tales
308 1372 342 1399 et
366 1364 535 1408 insepulti
556 1364 805 1408 relinquentur
830 1369 864 1396 et
887 1363 1074 1395 laniabun-

74 1425 134 1451 tur
154 1429 173 1449 a
197 1416 319 1450 bestiis
344 1422 379 1448 et
404 1415 628 1454 volucribus,
661 1414 690 1447 si
713 1413 865 1446 malefici
889 1414 928 1445 in
952 1413 1074 1446 ferinis

74 1467 183 1511 signis
201 1472 318 1506 erunt,
345 1478 411 1499 nec
427 1465 576 1509 adspicit
592 1465 709 1497 locum
727 1464 990 1497 interfectorem
1012 1463 1075 1496 ali-

75 1518 155 1564 quis
169 1517 359 1551 beneficus.
413 1516 459 1549 Et
483 1522 588 1549 erunt
610 1527 712 1549 neces
738 1515 776 1548 in
798 1515 994 1559 peregrinis
1020 1526 1075 1547 re-

74 1568 260 1613 gionibus,
288 1580 367 1601 cum
385 1568 506 1601 stellae
523 1566 761 1611 significantes
776 1565 920 1599 venient
936 1567 981 1598 ad
997 1565 1075 1598 illo-

74 1632 158 1653 rum
184 1618 356 1652 itinerum
379 1625 564 1662 tempora,
607 1617 761 1650 maxime
792 1629 872 1650 cum
895 1617 944 1649 ibi
970 1616 1073 1649 Luna

76 1670 164 1710 erit,
193 1676 255 1702 aut
271 1670 448 1714 quadrato
469 1669 655 1712 adspectu,
684 1674 745 1701 aut
763 1680 804 1701 ex
826 1668 990 1712 opposito
1013 1667 1073 1700 illa

76 1721 154 1754 loca
172 1720 354 1764 adspiciet.

343 1822 397 1853 De
424 1825 609 1862 temporum
635 1820 810 1853 divisione.

178 1893 409 1928 Pertractatis
425 1893 571 1936 singulis
587 1893 747 1937 partibus
765 1893 801 1925 in
817 1905 969 1932 summa,
985 1905 1076 1938 quae

76 1946 122 1978 de
147 1956 319 1989 corpore,
347 1944 507 1977 moribus
534 1950 568 1976 et
592 1945 736 1977 fortuna
764 1951 1005 1989 quaeruntur,
1038 1950 1077 1976 ut

77 1996 181 2029 initio
199 1995 436 2034 instituimus,
465 2007 544 2027 cum
570 1994 714 2039 quidem
739 1995 977 2028 consideratio
1000 2001 1077 2027 tan-

78 2053 155 2080 tum
179 2047 222 2079 de
245 2045 446 2090 praecipuis
471 2051 504 2078 et
526 2045 758 2079 crassioribus
774 2047 935 2090 partibus
952 2046 1078 2090 loqua-

78 2104 156 2131 tur:
185 2109 281 2130 nunc
297 2097 460 2129 addenda
478 2102 529 2129 est
545 2096 782 2129 consideratio
802 2097 844 2129 de
871 2103 1073 2141 temporum

77 2148 274 2188 divisione,
313 2145 458 2192 physica
492 2152 525 2180 et
557 2148 772 2181 conveniens
802 2147 979 2192 superiori
1015 2148 1077 2180 do-

77 2199 226 2232 ctrinae.

183 2257 234 2291 Ut
258 2256 366 2301 igitur
390 2255 427 2288 in
453 2255 618 2289 omnibus
641 2257 945 2301 praedictionibus
964 2258 1076 2291 satum

79 2320 270 2343 commune
286 2307 467 2352 potentius
483 2307 759 2351 particularibus
775 2309 903 2353 respici
919 2309 1075 2353 primum

79 2360 187 2394 solet:
215 2360 263 2392 ita
279 2359 378 2403 regio
396 2359 611 2400 attendatur,
633 2372 702 2404 qua
719 2360 948 2404 particularia
966 2360 1077 2393 multa

80 2411 297 2450 iudicantur,
325 2410 489 2442 videlicet
507 2410 597 2442 circa
614 2410 748 2444 formas
766 2423 971 2456 corporum,
1000 2423 1077 2443 mo-

80 2474 137 2495 res
154 2461 277 2501 animi,
304 2461 421 2505 legum
439 2461 642 2495 varietates.
694 2461 739 2494 Et
755 2460 898 2508 physice
916 2463 1077 2496 conside-

79 2525 165 2546 rans
192 2524 332 2556 semper
358 2511 599 2556 potentiorem
628 2524 770 2546 causam
800 2514 991 2553 anteferet,
1032 2525 1076 2546 ne

80 2569 230 2609 propter
267 2563 537 2596 similitudinem
579 2563 829 2605 nativitatum,
880 2566 923 2597 de
960 2565 1075 2597 forma

80 2614 178 2648 dicat
198 2612 412 2658 Aethiopem
439 2614 558 2648 album
583 2615 679 2654 sore,
714 2622 775 2649 aut
797 2615 936 2659 prolixa
963 2622 996 2648 et
1018 2616 1077 2648 de·

81 2665 188 2699 missa
213 2665 384 2702 caesarie;
425 2666 645 2699 Germanum
672 2678 757 2700 vero
787 2668 923 2700 fuscum
954 2673 988 2699 et
1011 2666 1077 2699 cri-

134 2722 319 2754 MELANTH.
344 2722 451 2753 open.
473 2723 558 2754 Vot..
580 2723 703 2755 XVIII.

250 100 386 136 XLVII.
419 96 817 135 INTERPRETATIO
844 96 1015 131 OPERIS
1042 94 1427 142 QUADRIPARTITI
1453 92 1736 130 PTOLEMAEI
1762 97 1850 133 LOE,
1868 97 1926 134 IV,

2034 101 2109 137 114

1114 194 1236 225 spum;
1265 187 1326 213 aut
1342 179 1407 214 hos
1425 181 1584 225 placidos
1601 182 1696 222 fore,
1732 190 1766 216 et
1792 192 1952 219 amantes
1977 188 2109 222 artium

1116 238 1149 264 et
1172 232 1473 275 spectaculorum;
1518 238 1661 265 econtra
1690 246 1776 268 vero
1802 236 1977 277 Graecos,
2019 239 2112 273 seros

1117 289 1150 315 et
1166 281 1375 314 ineruditos.
1427 282 1524 315 ‘Neve
1541 285 1583 316 de
1604 283 1738 327 legibus
1757 292 1791 319 et
1806 287 1948 320 vivendi
1966 300 2113 322 consue-

1117 333 1240 366 tudine
1257 332 1399 364 aberret
1417 344 1436 364 a
1453 334 1565 375 gentis
1590 336 1767 370 moribus:
1804 344 1843 370 ut
1866 338 1895 371 si
1922 339 2000 384 quis
2024 339 2113 373 Italo

1118 383 1307 428 promittat
1322 383 1457 415 sororis
1472 384 1689 417 connubium
1703 412 1711 425 ,
1741 389 1835 431 quod
1845 388 2028 434 Aegyptiis
2044 392 2115 424 usi-

1118 441 1232 467 tatum
1252 439 1319 471 est3
1349 435 1410 465 aut
1420 432 1595 477 Aegyptio
1612 437 1735 470 matris
1751 441 1989 481 connubium,
2018 443 2115 486 quod

1118 485 1237 518 Persis
1254 484 1425 517 usitatum
1453 490 1514 517 est.
1566 484 1729 530 Denique
1754 500 1891 533 semper
1915 492 2116 526 universale

1119 537 1232 569 fatum
1252 535 1522 568 anteferendum
1550 541 1618 575 est,
1655 537 1781 570 deinde
1805 541 2034 582 particularia
2065 556 2117 577 se-

1122 588 1278 620 cundum
1299 585 1411 629 magis
1431 592 1464 618 et
1480 586 1598 619 minus
1618 591 1934 625 accommodanda.

1222 636 1360 669 Eodem
1379 637 1487 669 modo
1505 637 1592 669 etin
1616 637 1789 671 divisione
1813 646 2037 685 temporum,
2073 645 2118 677 ad

1123 687 1342 720 differentias
1361 694 1518 719 aetatum
1539 691 1835 722 accommodandi
1852 699 1934 725 sunt
1961 701 2118 735 eventus,

1123 751 1166 771 ue
1186 736 1446 771 hallucinantes
1464 738 1592 770 infanti
1612 739 1811 775 tribuamus
1828 743 2026 783 actionem,
2060 752 2121 779 aut

1123 789 1286 833 nuptias,
1313 795 1374 821 aut
1391 788 1487 821 aliud
1507 790 1721 823 conveniens
1740 793 1888 830 adultis;
1917 801 1977 827 aut
1993 796 2120 829 effoeto

1123 840 1198 873 seni
1221 839 1487 883 generationem
1501 866 1510 879 ,
1538 846 1599 873 aut
1616 841 1711 873 aliud
1730 842 1905 877 iuventuti
1922 846 2122 890 proprium.

1124 891 1192 924 Sed
1212 903 1278 934 pro
1300 896 1504 934 temporum
1521 891 1661 923 ratione
1689 894 1863 928 aetatibus
1888 898 2122 940 congruentia

1125 948 1159 975 et
1175 941 1356 986 possibilia
1376 943 1699 976 accommodemus.

1228 992 1309 1025 Una
1328 998 1379 1025 est
1397 992 1491 1025 enim
1510 993 1711 1026 coniectura
1732 994 1774 1027 de
1791 995 1985 1031 universali
2007 996 2124 1032 homi-

1125 1055 1211 1075 num
1237 1049 1387 1082 natura,
1424 1043 1521 1076 iuxta
1548 1044 1776 1078 collationem
1801 1048 1936 1082 ordinis
1964 1049 2124 1093 planeta-

1125 1105 1227 1132 rum,
1253 1093 1426 1137 incipiens
1444 1106 1461 1126 a
1479 1094 1594 1137 prima
1614 1101 1728 1128 aetate
1747 1103 1780 1129 et
1803 1098 1888 1131 orbe
1911 1100 2014 1134 nobis
2039 1113 2123 1145 pro-

1126 1144 1242 1183 ximo,
1286 1144 1451 1176 videlicet
1475 1144 1628 1184 Lunari;
1670 1152 1704 1178 et
1735 1148 1898 1183 desinens
1929 1151 1966 1183 in
1997 1152 2124 1185 ultima

1127 1201 1260 1234 aetate,
1289 1200 1323 1227 et
1338 1207 1505 1238 supremo
1525 1197 1610 1229 orbe
1634 1197 1859 1240 planetarum
1872 1227 1880 1241 ,
1916 1202 2047 1235 scilicet
2062 1203 2124 1236 Sa-

1127 1252 1236 1278 turni.

1229 1295 1275 1328 Et
1293 1295 1457 1328 accidunt
1476 1297 1619 1330 cuilibet
1636 1299 1745 1331 aetati
1761 1302 1994 1345 congruentia
2020 1309 2125 1337 natu·

1127 1358 1187 1378 rae
1203 1347 1257 1379 sui
1274 1346 1450 1389 planetae,
1476 1360 1567 1392 quae
1586 1354 1704 1381 tamen
1721 1353 1934 1393 generaliter
1951 1356 2124 1388 sumenda

1127 1403 1226 1434 sunt;
1272 1403 1306 1428 et
1345 1397 1567 1431 differentiae
1604 1400 1835 1443 particulares
1864 1411 2052 1438 sumantur
2084 1417 2126 1439 ex

1127 1446 1407 1491 proprietatibus
1422 1447 1575 1482 inventis
1591 1449 1629 1482 in
1646 1451 1815 1497 cuiusque
1833 1455 1963 1497 genesi.

1230 1497 1373 1531 Primos
1408 1498 1516 1542 igitur
1549 1507 1705 1544 quatuor
1739 1514 1852 1537 annos
1868 1531 1878 1545 ‚
1929 1507 2125 1540 secundum

1128 1548 1315 1592 proprium
1332 1561 1522 1583 numerum
1544 1551 1792 1596 quadriennii,
1825 1554 1928 1588 Luna
1954 1557 2128 1600 gubernat

1128 1599 1275 1632 infantis
1295 1606 1447 1633 aetatem
1470 1608 1503 1634 et
1525 1599 1776 1637 humiditatem
1803 1617 1843 1638 ac
1864 1606 1978 1641 fluxus
2000 1621 2127 1653 corpo-

1128 1649 1176 1682 ris
1201 1656 1235 1682 et
1259 1651 1475 1684 celeritatem
1501 1652 1713 1687 incrementi
1742 1662 1776 1688 et
1807 1668 1982 1702 aquosum
2012 1659 2128 1692 nutri-

1128 1707 1290 1733 mentum
1310 1708 1343 1734 et
1358 1703 1634 1737 mutabilitatem
1661 1708 1935 1750 temperamenti
1961 1715 1995 1742 et
2021 1708 2128 1743 hebe-

1129 1758 1198 1784 tem
1216 1752 1289 1784 vim
1306 1753 1492 1787 rationalis
1512 1756 1642 1798 partis,
1670 1757 1761 1800 regit
1776 1770 1842 1802 pro
1867 1771 1952 1792 snae
1977 1767 2127 1794 naturae

1130 1802 1300 1847 qualitate
1317 1810 1351 1836 et
1367 1805 1534 1838 efficacia.

1233 1853 1391 1899 Sequens
1423 1856 1635 1889 decennium
1667 1858 1791 1892 aetatis
1824 1860 1992 1904 puerilis,
2036 1861 2128 1906 regit

1130 1903 1330 1939 Mercurius
1347 1905 1443 1939 iuxta
1461 1907 1649 1940 dimidium
1671 1908 1797 1952 viginti
1823 1923 2021 1952 annorum,
2055 1925 2127 1958 quo

1130 1955 1245 1999 spatio
1265 1962 1404 2000 partem
1421 1958 1634 1991 rationalem
1654 1960 1787 1993 format
1805 1967 1839 1994 et
1860 1962 1978 2006 fingit,
2010 1969 2049 1996 ut
2076 1976 2129 1997 se—

1130 2005 1228 2038 mina
1246 2007 1515 2051 disciplinarum
1532 2009 1756 2051 inserantur,
1791 2018 1825 2044 et
1840 2025 1983 2046 morum
2002 2026 2042 2046 ac
2057 2020 2129 2048 stu-

1130 2056 1273 2089 diorum
1303 2059 1541 2102 proprietates
1574 2061 1862 2105 conspiciantur,
1899 2070 1933 2096 et
1959 2065 2129 2098 exuscitat

1130 2107 1270 2164 animos
1303 2110 1488 2150 doctrina,
1531 2112 1787 2146 assuefactione
1820 2120 1854 2147 et
1880 2115 2006 2158 primis
2029 2127 2128 2148 exer-

1130 2164 1232 2192 citus.

1232 2209 1394 2244 Tertiam
1425 2217 1599 2252 aetatem,
1643 2212 1807 2246 videlicet
1838 2215 2128 2257 adolescentiam,

1129 2261 1220 2304 regit
1238 2261 1379 2302 Venus,
1407 2263 1636 2307 sequentibus
1658 2270 1737 2296 octo
1763 2264 1884 2305 annis,
1919 2267 1982 2311 qui
2001 2277 2128 2300 nume:

1130 2324 1190 2345 rus
1211 2312 1376 2356 congruit
1395 2325 1475 2346 cum
1492 2314 1642 2358 proprio
1663 2314 1772 2358 ipsius
1789 2316 1950 2351 circuitu.
1997 2317 2128 2363 Incipit

1130 2363 1226 2395 enim
1256 2369 1342 2397 tunc
1370 2370 1488 2398 motus
1520 2365 1611 2397 ciere
1635 2365 1861 2400 seminalium
1883 2375 2068 2402 meatuum
2092 2376 2127 2403 et

1130 2425 1256 2447 eorum
1283 2414 1530 2458 impletionem
1554 2421 1589 2447 et
1612 2416 1869 2459 adpetitionem
1891 2419 1936 2451 ad
1960 2431 2125 2454 venerea.

1129 2465 1234 2499 Tunc
1251 2465 1347 2498 enim
1363 2465 1511 2497 maximi
1528 2471 1610 2499 sunt
1624 2466 1759 2500 stimuli
1775 2474 1809 2501 et
1834 2469 1980 2504 ardores
2005 2471 2127 2504 libidi-

1128 2516 1204 2556 nis,
1232 2528 1347 2556 amor,
1376 2527 1477 2548 error
1495 2522 1529 2549 et
1544 2516 1777 2561 incogitantia
1795 2519 1833 2552 in
1852 2531 1893 2552 eo
1907 2520 1999 2566 ipso,
2027 2523 2126 2567 quod

1131 2567 1242 2601 oculis
1268 2566 1437 2600 cernitur.

1231 2617 1406 2662 Quartam
1426 2630 1511 2651 vero
1528 2624 1562 2652 et
1578 2619 1733 2653 mediam
1752 2627 1906 2655 aetatem
1929 2622 2124 2656 iuvenilem

1129 2668 1191 2702 Sol
1214 2669 1325 2713 regit,
1361 2668 1423 2714 qui
1446 2669 1601 2702 mediam
1628 2668 1816 2716 sphaeram
1841 2678 1958 2713 tenet,
1996 2685 2037 2707 ac
2060 2675 2126 2708 do-

1687 2723 1709 2756 8
