2373 2980
206 97 274 130 511

207 181 280 216 6-25
311 179 441 218 „Nunc
466 187 548 207 vero
573 172 724 216 primum
751 168 817 203 hoc
841 171 973 204 malum
1000 173 1128 206 ducere
1160 173 1195 206 in

625 223 728 255 aedes

261 281 477 319 „volentes
517 273 747 318 expendimus
775 284 898 305 omues
919 278 1058 308 nostras
1089 275 1196 309 facul-

617 330 715 357 tates.

260 382 372 419 „tum—
390 379 532 424 quidem
550 375 774 409 manifestum
803 380 872 413 est,
901 386 1006 419 quam
1028 388 1194 421 magnum

613 426 745 459 malum
764 424 808 458 sit
823 424 965 459 mulier.

261 485 397 523 „Pater
415 479 508 514 enim
520 505 529 518 ,
556 477 617 524 qui
634 476 754 521 genuit
775 482 807 508 et
825 476 1006 516 educavit,
1035 478 1167 511 addens

263 535 441 572 „Dotem,
469 531 601 569 elocat‚
628 535 667 562 ut
685 528 853 560 liberetur
870 539 887 559 a
906 527 1019 565 malo;

212 589 283 623 630
294 589 301 593 “
312 613 332 625 „
344 584 388 618 Et
403 583 462 629 qui
479 580 604 624 recipit
622 580 658 612 in
675 579 821 612 domum
841 579 973 611 malum
990 578 1136 611 noxium
1147 605 1156 618 ,

264 637 432 677 „Gaudet
444 661 453 671 ,
480 633 613 666 addens
630 636 795 663 ornatum
811 635 945 662 statuae

264 687 472 727 „Pessimae
487 681 672 729 pulchrum
685 707 693 719 ,
721 687 755 713 et
772 686 876 713 ornat
893 679 1048 713 vestibus

262 738 414 779 „Infelix
426 763 434 777 ‚
463 747 586 768 omnes
603 732 784 765 facultates
800 731 978 764 auferens.

265 790 337 829 „Et
364 795 413 822 est
438 785 644 820 constrictus
666 782 890 821 necessitate,
929 788 987 821 ut,
1021 786 1199 814 contracta

621 834 790 867 affinitate
814 846 890 866 cum
908 832 1012 865 bonis

645 890 760 918 servet
797 885 962 917 acerbum
999 881 1200 926 coniugium

624 936 801 979 gaudens;

268 994 367 1033 „Aut
384 992 516 1023 bonum
535 986 771 1024 connubium,
799 985 911 1017 malos
929 995 1069 1017 soceros

268 1072 288 1083 „
299 1042 482 1086 Accipiens
493 1067 501 1079 ‚
528 1039 615 1072 lenit
630 1037 726 1069 bono
747 1035 832 1069 illud
851 1034 1102 1068 infortunium.

269 1093 425 1136 „Melius
443 1091 534 1135 agit,
561 1088 616 1122 cui
631 1085 721 1119 nihil
738 1093 787 1119 est
806 1086 967 1124 istorum,
993 1086 1054 1118 sed
1070 1083 1205 1117 inutilis

269 1147 451 1189 „Propter
468 1140 728 1186 simplicitatem
757 1137 883 1171 mulier
908 1137 944 1168 in
967 1136 1112 1168 aedibus
1136 1135 1205 1167 col-

621 1189 771 1222 locatur.

218 1250 290 1283 640
320 1244 420 1285 „Odi
444 1242 639 1287 sapientem
664 1240 868 1275 niulierem;
911 1250 1024 1283 neque
1053 1238 1145 1270 enim
1170 1237 1205 1269 in

628 1303 706 1324 mea
725 1291 833 1323 domo

268 1350 351 1388 „Sit
374 1345 521 1384 mulier,
549 1353 639 1388 quae
664 1342 743 1386 plus
767 1339 878 1384 sapit,
911 1350 1018 1384 quam
1044 1345 1208 1383 oporteat

627 1392 815 1426 mulierem
831 1401 966 1434 sapere.

272 1451 394 1491 „Nam
412 1446 532 1479 Venus
549 1445 661 1489 magis
677 1443 771 1488 parit
789 1441 953 1476 astutiam

271 1501 339 1541 „In
356 1496 606 1544 prudentibus;
634 1496 695 1528 sed
710 1493 838 1527 mulier
853 1491 1002 1535 simplex

274 1580 294 1592 ‚,
306 1549 465 1595 Simplici
482 1548 602 1580 animo
618 1546 790 1579 liberatur
809 1556 826 1576 a
845 1541 1076 1586 turpitudine.

225 1603 297 1639 645
325 1602 437 1643 „Non
455 1597 642 1643 oportebat
657 1598 699 1629 ad
719 1594 881 1628 dominas
894 1593 1014 1625 venire
1033 1592 1209 1631 ancillam,

276 1654 373 1693 „Sed
390 1662 459 1684 una
476 1648 638 1682 habitare
655 1660 733 1680 cum
750 1646 833 1690 ipsis
851 1650 947 1677 muta
965 1643 1159 1676 animantia

277 1705 394 1745 „Fera
409 1729 417 1743 ,
444 1713 489 1734 ne
506 1698 695 1738 haberent,
722 1708 874 1742 quocum
892 1695 1135 1739 loquerentur.

278 1756 430 1800 „Neque
449 1764 465 1784 a
485 1761 666 1796 quoquam
683 1748 883 1791 reciperent
900 1756 1035 1777 vocem.

278 1808 411 1847 „Nunc
422 1815 507 1835 vero
523 1801 637 1834 malae
654 1799 747 1832 mala
766 1799 860 1831 intus
876 1797 1010 1829 faciunt

229 1859 301 1894 650
330 1853 514 1897 „Consilia
529 1879 537 1892 ,
566 1858 599 1884 et
615 1850 766 1884 efferunt
784 1847 943 1881 ancillae.

278 1905 589 1955 Quemadmodum
615 1908 649 1934 et
675 1907 731 1940 tu,
765 1913 786 1933 o
811 1899 944 1932 malum
969 1902 1092 1940 caput,
1125 1893 1213 1927 mihi

637 1950 747 1996 patris

280 2011 329 2045 Ut
344 2006 548 2043 conciliares
566 2014 639 2036 non
658 2001 853 2045 tangendos
869 1996 1057 2036 thalamos,
1076 1996 1215 2035 venisti,

281 2064 382 2107 Quae
398 2057 527 2093 scelera
548 2067 611 2098 ego
628 2053 817 2085 fluentibus
835 2049 935 2095 aquis
953 2049 1152 2091 abstergam
1165 2073 1174 2086 ,

283 2111 353 2153 „In
389 2121 490 2143 aures
523 2105 708 2139 instillans.
778 2101 970 2147 Quomodo
1005 2099 1098 2132 enim
1134 2099 1214 2131 fiam

641 2154 774 2192 malus,

234 2213 308 2250 655
335 2211 431 2257 „Qui
446 2220 560 2254 neque
578 2205 723 2240 audiens
736 2202 834 2242 haec,
855 2213 964 2246 purus
982 2211 1054 2233 esse
1072 2197 1218 2231 videor?

287 2263 432 2305 „Probe
450 2260 537 2295 scias
549 2286 558 2299 ,
585 2270 605 2289 o
624 2256 768 2295 mulier,
795 2265 874 2286 mea
892 2252 1004 2296 pietas
1023 2255 1140 2283 servat
1155 2255 1200 2282 te.

287 2316 323 2348 Si
341 2326 414 2347 non
432 2313 593 2345 incautus
610 2308 781 2341 dedissem
802 2302 1047 2338 iusiurandum
1060 2327 1069 2340 ,

286 2367 371 2401 Non
384 2363 576 2408 potuissem
593 2361 718 2398 facere,
742 2356 829 2402 quin
847 2354 1000 2388 dicerem
1014 2349 1101 2384 haec
1116 2350 1221 2395 patri.

288 2417 392 2452 Nunc
408 2426 491 2447 vero
508 2424 581 2445 non
601 2417 650 2444 est
669 2409 784 2446 domi,
812 2419 829 2439 e
848 2412 940 2438 terra
955 2399 1136 2447 'profectus

240 2469 313 2504 660
339 2464 515 2501 Theseus;
540 2463 648 2500 abeo,
670 2460 776 2493 tacite
793 2455 1053 2490 continebimus
1072 2465 1120 2486 os.

288 2517 427 2551 Videbo
446 2521 582 2552 autem,
609 2524 687 2544 cum
705 2521 835 2543 venero
852 2506 920 2540 huc
937 2518 1015 2539 cum
1034 2510 1153 2549 patre,

289 2567 481 2615 Quomodo
498 2564 543 2599 sis
561 2575 642 2597 eum
657 2563 855 2605 inspectura
873 2565 910 2591 tu
923 2563 957 2590 et
971 2563 1030 2595 tua
1048 2554 1205 2589 domina.

291 2620 407 2655 Sciam
419 2644 428 2658 ,
454 2621 644 2662 postquam
663 2612 799 2657 gustavi
814 2617 910 2643 tuam
929 2608 1126 2641 audaciam.

292 2669 460 2705 Pereatis.
512 2666 593 2701 Non
608 2664 765 2698 desinam
785 2661 897 2695 odisse

215 892 288 928 655
325 919 345 931 ,,
356 887 572 933 propinquis
585 914 594 927 ‚

775 84 896 120 PHIL.
931 86 1041 121 MEL.
1082 87 1282 123 SCRIPTA
1317 90 1648 126 PHILOLOGICA.

2159 93 2233 131 512

1222 207 1224 234 Ι,
1251 174 1325 210 665
1353 177 1539 217 Mulieres,
1580 187 1714 221 neque,
1755 176 1784 209 si
1816 177 1894 222 quis
1928 179 2039 218 dicat,
2079 192 2135 212 me
2166 178 2233 214 hoc

1665 238 1803 271 semper
1818 228 1945 263 dicere.

1300 277 1392 311 Nam
1408 278 1490 311 illae
1508 289 1646 321 semper
1663 283 1745 311 sunt
1760 279 1884 313 malae.

1300 328 1370 361 Aut
1388 341 1481 362 nunc
1500 341 1557 362 eas
1575 330 1700 362 doceat
1717 328 1844 374 aliquis
1859 331 2041 363 moderate
2059 343 2182 375 agere,

1301 380 1371 412 Aut
1387 393 1442 413 me
1460 380 1552 413 sinat
1571 380 1639 413 illis
1656 392 1795 424 semper
1813 381 2034 415 maledicere.

1567 438 1620 483 [A
1634 437 1920 486 ntistroplze]

1302 499 1396 532 Ghor.
1425 496 1601 538 Infelices,
1628 510 1648 530 o
1666 497 1832 531 miserum
1853 497 2040 531 mulierum
2057 499 2166 531 fatum
2180 526 2188 539 ,

1252 549 1325 582 670
1353 548 1469 592 Quam
1488 548 1557 580 iam
1576 554 1687 581 artem
1707 554 1767 581 aut
1784 548 1958 581 rationem
1977 547 2147 582 habemus

1302 599 1506 633 Frustratae
1527 625 1536 638 ,
1589 600 1632 631 ad
1667 599 1929 633 dissolvendum
1964 601 2098 633 nodum
2134 598 2238 634 huius

1668 649 1816 682 causae?

1303 702 1404 734 Phae.
1431 699 1542 734 Nacta
1559 712 1635 733 sum
1654 712 1805 744 poenam
1818 727 1828 740 ,
1856 713 1875 733 ο
1894 706 1986 734 terra
2006 708 2039 734 et
2055 703 2174 736 lumen
2187 729 2196 742 ,

1304 752 1384 795 Quo
1402 751 1566 795 effugiam
1585 763 1625 784 ex
1640 748 1706 784 hac
1720 752 1861 784 fortuna
1872 751 1888 784 't’

1306 802 1517 846 QuomOdO,
1546 815 1566 835 o
1586 799 1731 842 charae,
1760 802 1944 835 occultabo
1962 803 2093 836 malum
2105 803 2119 835 ἐ’

1255 852 1329 887 675
1357 853 1444 898 Quis
1459 853 1554 886 Deus
1573 853 1640 886 erit
1656 853 1855 893 auxiliator,
1884 859 1944 886 aut
1961 854 2039 899 quis
2055 852 2239 887 hominum

1306 905 1459 938 Atliutor
1476 910 1537 937 aut
1551 910 1762 948 cooperator
1777 904 1948 937 scelerum

1306 954 1512 999 Appareat?
1539 967 1621 987 nam
1642 952 1710 987 hoc
1727 961 1888 988 nostrum
1906 954 2039 988 malum

1306 1006 1409 1038 Vitae
1426 1018 1590 1050 praesens
1606 1005 1814 1050 inexplebile
1830 1006 1938 1039 venit.

1307 1056 1382 1099 Ego
1400 1069 1475 1089 sum
1494 1057 1692 1090 miserrima
1713 1057 1873 1090 omnium
1893 1056 2094 1089 mulierum.

1258 1106 1333 1141 680
1361 1108 1458 1142 Chor.
1485 1107 1564 1140 Heu
1577 1105 1664 1140 heu!
1692 1113 1808 1140 actum
1826 1114 1887 1146 est,
1916 1119 1987 1139 non
2005 1112 2243 1140 successerunt

1657 1155 1823 1190 'technae

1311 1208 1410 1241 Tuae
1432 1208 1599 1247 ancillae,
1627 1220 1648 1240 o
1664 1207 1827 1245 domina;
1855 1208 1945 1240 male
1964 1219 2000 1240 se
2016 1219 2071 1240 res
2088 1205 2206 1241 habet.

1309 1260 1413 1292 Phae.
1441 1258 1473 1291 O
1490 1258 1640 1302 pessima
1658 1264 1692 1291 et
1708 1258 1904 1291 amicorum
1925 1257 2144 1301 corruptrix,

1312 1310 1412 1353 Quae
1430 1310 1540 1343 fecisti
1556 1307 1660 1341 mihi!
1697 1307 1849 1353 Iupiter,
1877 1315 1978 1352 pater
1992 1320 2109 1348 meus,

1310 1360 1440 1393 Perdat
1456 1367 1488 1393 te
1506 1360 1693 1399 radicitus,
1720 1360 1868 1392 fulmine
1883 1360 2078 1403 fulgurans.
2152 1393 2158 1400 ,

1261 1409 1335 1444 685
1367 1411 1495 1445 Nonne
1526 1410 1622 1443 dixi?
1663 1421 1709 1442 an
1738 1421 1812 1442 non
1843 1410 2003 1453 praevidi
2034 1415 2132 1441 tuum
2163 1419 2244 1440 con-

1669 1459 1787 1493 silium
1799 1486 1808 1499 ,

1312 1512 1361 1545 Ut
1377 1518 1510 1545 taceres
1528 1511 1571 1555 in[
1584 1524 1623 1545 ea
1648 1522 1705 1550 re,
1737 1516 1884 1554 propter
1907 1522 2014 1554 quam
2039 1519 2132 1540 nunc
2154 1507 2245 1539 male

1670 1560 1835 1603 affligor?

1314 1613 1381 1647 Sed
1406 1619 1443 1646 tu
1468 1623 1541 1645 non
1566 1610 1829 1654 obtemperasti.

1671 1661 1825 1706 gloriosa

1314 1713 1468 1753 Moriar,
1494 1713 1552 1746 sed
1573 1725 1661 1756 opus
1679 1718 1730 1746 est
1746 1723 1840 1744 nova
1858 1717 1944 1744 arte.

1313 1765 1405 1799 Nam
1428 1764 1643 1808 Hippolytus
1673 1762 1832 1796 animum
1863 1762 1916 1794 ira
1949 1760 2162 1794 concitatum
2188 1758 2268 1792 ha:

1669 1814 1777 1853 bens,

1266 1866 1340 1901 690
1365 1865 1469 1898 Dicet
1483 1871 1604 1898 contra
1621 1876 1686 1898 nos
1704 1863 1799 1907 patri
1815 1868 1929 1895 errata
1944 1888 1953 1901 ,

1317 1916 1419 1949 Dicet
1436 1914 1576 1948 Pittheo
1595 1915 1669 1948 seni
1689 1913 1924 1951 calamitates,

1317 1966 1480 2012 Implebit
1521 1973 1652 1999 terram
1697 1976 1840 1997 omnem
1875 1961 2087 2007 turpissimis
2121 1972 2252 1993 sermo-

1676 2014 1847 2060 nibus'ffl).

1319 2068 1393 2109 „Et
1411 2075 1449 2101 tu
1465 2078 1607 2112 pereas,
1636 2072 1669 2099 et
1687 2066 1889 2111 quicunque
1910 2062 2032 2096 amicis
2055 2072 2255 2105 repugnan-

1677 2117 1771 2150 tibus

1889 1607 1963 1641 Iam
1993 1620 2068 1641 non
2097 1608 2246 1652 amplius

1242 2162 1247 2239 ι
1321 2170 1501 2210 „Paratus
1518 2168 1593 2201 vult
1609 2167 1854 2212 intempestiva
1873 2164 1985 2198 officia
2010 2169 2188 2208 praestare
2197 2162 2255 2207 ¹²⁴).

1272 2219 1346 2255 695
1371 2223 1453 2254 Nut.
1489 2219 1666 2259 Domina,
1701 2217 1809 2251 hahes
1833 2227 1994 2254 causam,
2030 2226 2092 2247 cur
2118 2225 2254 2247 mecum

1685 2267 1883 2313 expostules
1898 2267 1940 2299 de
1955 2265 2043 2298 meis
2056 2264 2170 2297 malis.

1324 2321 1430 2366 Quod
1447 2327 1479 2353 te
1494 2321 1653 2359 mordet,
1680 2319 1790 2352 vincit
1805 2324 1940 2351 rectum
1957 2315 2145 2349 iudicium:

1323 2372 1472 2405 Possum
1493 2377 1526 2404 et
1542 2383 1605 2415 ego
1623 2371 1665 2403 ad
1686 2368 1794 2410 haec,
1828 2369 1857 2402 si
1878 2367 2024 2412 recipis,
2058 2366 2180 2411 dicere}
2197 2366 2259 2398 ali-

1679 2420 1776 2466 quid.

1309 2519 1356 2551 43)
1376 2516 1542 2548 turpissimis
1556 2515 1744 2544 sermonibus]
1763 2514 1804 2538 sic
1822 2516 1868 2543 (=
1881 2513 1972 2543 Eurip.
1992 2513 2143 2544 αἰσχίστων
2156 2509 2258 2544 λόγων)

1347 2553 1429 2577 Editt.
1447 2551 1536 2581 1558„
1554 2551 1653 2581 Bam,
1672 2551 1791 2580 Musgr.‚
1811 2549 1888 2578 Fix.;
1916 2548 1964 2572 Ed.
1982 2547 2054 2573 1562.
2074 2547 2260 2577 turpissimum

1345 2586 1524 2611 sermonibus.

1311 2632 1359 2659 44)
1378 2630 1411 2654 11.
1430 2629 1449 2654 1.
1476 2628 1504 2652 in
1526 2627 1610 2652 Editt.
1626 2627 1718 2658 1558.‚
1746 2626 1819 2650 ¹562.
1847 2627 1911 2649 nota
1935 2630 2034 2655 marg:
2066 2623 2261 2654 Intempestive

1347 2663 1444 2696 gratia.
