2373 2980
298 715 417 756 LIV.
490 715 663 755 PHIL.
727 713 888 755 MEL.
942 710 1529 755 IN'I'ERPRETATIO
1579 711 1877 754 DUORUM
1930 709 2264 754 LocoRUM

762 787 852 826 EX
897 784 1290 828 SOPHOCLIS
1340 783 1795 830 TRAGOEDIIS.

264 912 315 965 Α
337 938 430 975 poetis
454 936 544 973 epicis
567 935 605 963 ad
628 934 919 972 tragoediarum
949 934 1106 971 scriptores
1131 935 1350 972 transgrediens
1372 936 1498 973 primum
1520 935 1716 964 Melanthonis
1739 934 2010 972 interpretationem
2032 934 2151 962 latinam
2173 934 2296 963 duorum

266 982 394 1009 locorum
418 987 455 1006 ex
479 978 590 1005 duabus
615 977 818 1014 Sophoclis
842 976 1017 1014 tragoediiS‚
1039 974 1215 1014 Antigone
1237 982 1267 1005 et
1283 975 1404 1014 Aiace,
1426 977 1567 1014 afferam,
1591 988 1712 1016 quarum
1734 978 1870 1012 alteram,
1891 977 2068 1014 Antigonen,
2089 985 2115 1004 a.
2135 974 2229 1005 1534.
2250 978 2296 1005 iu-

265 1027 443 1060 terpretatus
472 1025 534 1054 est,
564 1019 595 1046 id
625 1019 702 1057 quod
731 1027 768 1046 ex
799 1019 860 1046 eius
889 1018 927 1045 ad
949 1018 1148 1046 Camerarium
1176 1019 1301 1056 epistola
1324 1029 1364 1047 m.
1388 1019 1453 1050 Oct.
1477 1020 1562 1049 huius
1584 1021 1652 1048 anni
1683 1021 1789 1058 scripta
1819 1017 2039 1058 cognoscitur*)
2063 1023 2094 1047 et
2115 1028 2133 1047 a
2153 1018 2244 1055 Mylio
2266 1020 2296 1046 in

265 1063 458 1100 Chronologia
488 1062 661 1098 scriptorum
684 1061 756 1088 Mel.
778 1060 815 1087 ad
846 1060 924 1087 hunc
955 1069 1063 1087 annum
1086 1060 1141 1090 sol.
1165 1060 1240 1089 051·
1268 1068 1521 1092 commemoratur.
1573 1064 1678 1092 Utrum
1710 1068 1807 1090 autem
1843 1063 1986 1099 integram
2008 1062 2084 1089 hanc
2105 1061 2294 1098 tragoediam,

265 1116 302 1135 nn
324 1115 414 1133 unum
445 1103 643 1132 tantummodo
671 1103 767 1130 locum
792 1102 853 1130 eius
882 1103 1093 1139 interpretatus
1116 1103 1169 1139 sit,
1198 1103 1408 1143 nescim-nam
1431 1111 1552 1142 praeter
1582 1106 1676 1134 locum
1706 1106 1782 1132 illico
1806 1103 1991 1132 afferendum
2020 1103 2189 1140 hucusque,
2217 1103 2295 1140 quod

267 1149 340 1183 scio,
363 1147 434 1175 nihil
458 1155 496 1174 ex
514 1145 569 1172 hac
592 1144 838 1182 interpretatione
862 1144 979 1181 prodiit.

304 1272 335 1300 ss)
355 1272 383 1295 ln
403 1272 453 1295 hac
471 1271 588 1300 epistola
606 1269 763 1293 Melanthon
782 1268 942 1293 Camerario
964 1271 1073 1298 praeter
1093 1269 1148 1292 alia
1169 1269 1280 1292 scribit:
1313 1269 1495 1301 „Antigonen
1518 1271 1676 1301 Sophoclis,
1705 1273 1754 1295 abs
1774 1272 1801 1293 te
1820 1269 1919 1293 editam
1938 1270 2020 1298 atque
2037 1267 2220 1299 illustratam,
2243 1273 2298 1293 non

338 1306 428 1329 solum
447 1312 517 1328 nunc
535 1305 705 1334 interpretor
717 1320 723 1331 ,
743 1303 792 1326 sed
811 1309 863 1334 ago
884 1301 991 1328 etiam.’'
1014 1303 1095 1332 [Vid.
1112 1303 1193 1326 liuius
1213 1303 1294 1332 Corp.
1313 1304 1435 1327 Reform.
1455 1305 1517 1329 Vol.
1532 1306 1563 1330 ll.
1584 1313 1608 1335 p.
1620 1306 1696 1333 792.)
1733 1305 1783 1328 Hic
1801 1305 1877 1328 locus
1897 1308 1993 1326 ansam
2013 1303 2172 1332 praebuisse
2190 1303 2297 1326 videtur

336 1340 369 1363 ad
383 1340 452 1363 hauc
469 1338 724 1368 interpretationem
742 1337 814 1361 inter
833 1338 892 1361 eius
910 1338 996 1361 libros
1016 1337 1201 1361 referendam.
1221 1337 1295 1360 Inter
1308 1337 1357 1360 hos
1376 1338 1445 1361 enim
1465 1339 1585 1362 refertur
1598 1340 1625 1363 iu
1641 1338 1752 1363 Zedleri
1772 1338 1804 1362 l.:
1825 1339 1946 1362 Grosses
1961 1337 2163 1368 vollstindiges
2178 1336 2298 1360 Univer-

338 1373 528 1397 sal-Lexicou
547 1373 617 1396 aller
635 1372 882 1397 Wissenschasten
901 1379 926 1395 u.
946 1372 1053 1394 Kiiivste
1078 1371 1141 1394 Vol.
1163 1370 1228 1393 XX.
1256 1371 1350 1399 [Halle
1368 1378 1394 1395 u.
1414 1372 1508 1401 Leipz.
1530 1373 1604 1397 1739.
1626 1374 1700 1401 Fol.)
1719 1380 1746 1401 p.
1763 1372 1838 1400 431.‚
1864 1371 1907 1395 uhi
1926 1371 1959 1395 ad
1978 1377 2002 1396 a.
2023 1371 2097 1397 1534.
2121 1371 2232 1402 praeter
2249 1377 2298 1395 sex

337 1408 406 1432 alios
426 1407 509 1431 libros
528 1407 609 1430 ctiam
627 1406 669 1430 hic
688 1407 869 1429 memoratur:
891 1406 941 1435 7-6,
962 1405 1100 1435 Antigone
1120 1404 1263 1434 sophoclis
1283 1410 1299 1427 a
1319 1404 1480 1429 camerario
1500 1407 1570 1430 edita
1591 1405 1732 1439 iiberftgtfl

717 1625 748 1649 a.
787 1612 868 1648 EX
906 1612 1230 1650 ANTIGONE
1264 1611 1605 1651 SOPHOCLIS
1640 1610 1835 1648 LOCUS

808 1679 1032 1708 PH1L1PP0
1064 1680 1397 1711 MELANTHONE
1436 1678 1764 1709 INTERPRETE.

353 1765 528 1802 Antigon.
559 1775 585 1792 r.
613 1762 804 1794 175-190.
857 1764 911 1792 Ed.
935 1764 1063 1792 Brunck.
1093 1763 1262 1804 (SophocUs

269 1808 436 1846 tragoediae
458 1808 522 1837 VII.
553 1807 602 1837 ed.
637 1807 673 1836 R.
701 1807 751 1836 Fr.
781 1805 837 1834 Ph.
860 1806 987 1836 Brunck.
1025 1807 1109 1836 Tom.
1139 1808 1174 1837 ΙΙ.
1203 1808 1262 1836 Ar-

270 1849 460 1889 gent21786.
490 1848 552 1889 S.).

356 1909 446 1937 Huius
469 1908 525 1937 loci
545 1907 620 1935 duae
636 1906 831 1935 Melanthonis
852 1908 1111 1945 interpretationes
1135 1914 1251 1937 exstant

272 1961 394 1990 quarum
417 1951 510 1979 altera
533 1950 678 1978 invenitur

356 2012 381 2032 a.
404 2002 434 2029 in
457 2000 607 2029 Grathusii
638 2000 809 2027 collectione
837 2000 1085 2038 Epigrammatum
1115 2001 1187 2031 Mel.
1209 2002 1262 2030 sol.

398 2044 428 2073 Μ
444 2042 486 2079 5.,
508 2043 661 2080 inscripta:
684 2042 833 2078 „lambica
849 2051 885 2070 ex
902 2043 1047 2080 Antigone
1064 2042 1262 2081 Sophoclis’‘;

357 2096 385 2124 b.
409 2096 438 2122 in
462 2092 611 2122 Vincentii
624 2092 680 2122 Ed.
696 2093 877 2131 Epigramm.
890 2093 963 2123 Mel.
986 2093 1037 2123 lib.
1049 2093 1098 2122 ΙΙΙ.
1118 2094 1171 2124 sol.
1187 2094 1264 2132 LS.,

398 2137 500 2165 iisdem
523 2136 619 2165 verbis
642 2136 794 2173 inscripta;

358 2198 381 2216 c.
407 2189 436 2215 in
465 2187 550 2215 huius
574 2187 661 2224 Corp.
685 2185 753 2214 Res.
784 2186 851 2217 Vol,
867 2186 904 2214 X.
928 2195 958 2223 p.
977 2185 1051 2215 541.
1075 2196 1121 2216 nr.
1138 2186 1210 2217 119.
1227 2189 1261 2216 A.

396 2229 499 2258 iisdem
529 2229 624 2257 verbis
653 2228 807 2265 inscripta,
847 2229 950 2265 quibus
984 2229 1138 2266 praecedit
1168 2230 1262 2258 altera

399 2272 562 2309 inscriptio:
585 2271 651 2307 „Ex
673 2271 818 2307 Antigone
841 2270 1011 2307 Sophoclis,
1035 2271 1082 2298 ubi
1106 2273 1263 2309 exponitur

399 2314 507 2343 dictum
528 2314 655 2342 Biantis:
677 2310 762 2351 ἄρχα
785 2309 840 2341 τὸν
863 2309 965 2351 ἄνδρα
987 2312 1114 2347 δείξαθ’

359 2364 389 2394 d.
410 2366 440 2391 in
464 2364 548 2392 huius
562 2364 649 2401 Corp.
673 2363 739 2391 Vol.
753 2362 846 2390 XVII.
870 2372 900 2400 p.
918 2360 983 2391 872
995 2372 1040 2399 sq.
1065 2361 1109 2399 (et
1127 2363 1157 2389 in
1171 2362 1263 2391 Editt.

399 2407 429 2434 in
444 2406 636 2443 Prolegomm.
659 2405 719 2432 illic
735 2403 875 2441 laudatis)
900 2404 928 2431 iu
953 2404 1015 2432 loco
1032 2414 1069 2433 ex
1085 2405 1263 2433 Demosthe-

400 2449 446 2476 nis
470 2449 597 2476 oratione
619 2447 657 2475 de
681 2447 755 2475 salsa
777 2447 924 2484 legatione
943 2455 959 2474 a
974 2447 1046 2475 Mel.
1065 2455 1166 2483 verso3
1189 2456 1263 2485 qua-

401 2496 525 2528 propter
546 2490 619 2518 hanc
643 2489 759 2527 quidem
781 2489 1054 2526 interpretationem
1076 2489 1107 2518 h.
1131 2490 1151 2517 l.
1177 2490 1262 2517 omit-

400 2533 485 2561 timus
509 2532 588 2569 (vide
603 2541 698 2576 supra
720 2541 749 2569 p.
768 2530 827 2561 121
845 2542 890 2569 sq.
907 2536 1003 2559 notam
1012 2530 1093 2571 **).).

275 2594 375 2623 Altera
397 2591 526 2620 eiusdem
550 2591 605 2617 loci
627 2591 829 2627 interpretatio
852 2588 1007 2618 exhibetur

359 2653 385 2672 a.
412 2652 430 2671 a
448 2642 601 2671 Vincentio
624 2642 643 2669 l.
667 2641 686 2669 l.
709 2640 759 2669 fol.
776 2640 845 2678 Pl,
867 2642 906 2669 sic
929 2640 1082 2678 inscripta:
1106 2639 1179 2677 „Ex
1199 2641 1260 2667 An-

403 2686 501 2723 tigone
534 2684 704 2722 Sophoclis,
741 2683 787 2711 ubi
820 2684 976 2722 exponitur
1010 2683 1118 2711 dictum
1147 2682 1256 2710 Biantis

1432 1761 1539 1803 ’Ἁρχα
1562 1760 1617 1792 τὸν
1630 1760 1753 1802 ’Ἄνδρα
1777 1761 1888 1799 δείξει,
1911 1763 2018 1791 citante
2041 1762 2197 1792 Aristotele
2217 1764 2248 1792 in
2263 1765 2299 1793 V.

1436 1803 1578 1843 ἦθικῶν,
1600 1806 1686 1833 aliter
1708 1804 1855 1832 redditum
1879 1813 1966 1842 quam
1989 1814 2079 1843 snpra
2101 1806 2149 1834 lib.
2164 1804 2236 1835 Ill-’²

1394 1858 1421 1886 b.
1445 1858 1475 1885 in
1505 1857 1590 1884 huius
1618 1856 1705 1893 Corp.
1728 1855 1861 1884 Reform.
1884 1855 1950 1884 Vol.
1966 1855 2002 1884 X.
2025 1865 2056 1893 p.
2070 1854 2143 1885 542.
2166 1865 2212 1886 nr.
2227 1855 2297 1887 119,

1436 1899 1488 1936 B.,
1509 1898 1663 1935 inscripta:
1685 1895 1788 1934 „Idem
1811 1897 1891 1925 locus
1914 1906 1952 1925 ex
1966 1897 2102 1936 Sophocl.
2124 1899 2296 1937 Antigone.”

1361 1958 1445 1994 Non
1466 1957 1607 2003 penitus
1628 1956 1734 1991 ullius
1758 1956 1923 1990 voluntas
1943 1957 2098 2001 perspici

1361 2010 1503 2050 Potest,
1529 2009 1739 2054 priusquam
1764 2008 1928 2041 admotus
1955 2008 1999 2041 ad
2023 2009 2278 2053 rempublicam

1361 2061 1476 2105 Fungi
1504 2060 1715 2104 magistratu
1741 2065 1848 2104 atque
1872 2058 2032 2103 imperiis
2057 2060 2223 2103 coeperit.

1361 2111 1459 2155 Ego,
1486 2109 1581 2144 hunc
1606 2110 1724 2143 virum
1747 2109 1943 2154 pronuntio
1972 2122 2044 2144 esse
2068 2110 2272 2154 pessimum,

1363 2162 1436 2207 Qui
1461 2162 1639 2195 civitatem
1666 2160 1813 2194 consilio
1839 2172 1965 2204 regens
1991 2173 2069 2201 suo,

1362 2213 1446 2247 Non
1467 2213 1584 2246 dicere
1611 2212 1717 2246 audet
1740 2211 1893 2256 optimas
1918 2211 2122 2253 sententias,

1362 2263 1572 2309 Tacensque
1601 2263 1786 2296 veritatem
1812 2261 2011 2296 dissimulat
2035 2269 2146 2303 metu,

1362 2313 1408 2348 Et
1430 2315 1605 2348 anteferre
1631 2313 1782 2346 amicum
1808 2313 1946 2356 patriae
1971 2313 2071 2348 solet.

1362 2366 1491 2400 Testor
1510 2364 1667 2410 supremi
1692 2376 1824 2397 numen
1848 2364 2062 2398 immensum
2081 2362 2187 2405 Iovis,

1361 2417 1399 2450 Si
1421 2417 1507 2462 quid
1530 2417 1662 2449 malum
1685 2415 1891 2460 impendere
1914 2415 2052 2460 patriae
2074 2414 2211 2456 videro,

1361 2467 1420 2501 Me
1445 2467 1578 2501 civibus
1601 2468 1767 2500 daturum
1792 2466 1828 2499 id
1850 2478 1922 2501 esse
1941 2466 2065 2507 libere,

1359 2519 1506 2554 Nullum
1529 2516 1618 2552 mihi
1642 2518 1766 2551 foedus
1791 2517 1857 2551 erit
1878 2530 1957 2551 cum
1970 2517 2108 2562 patriae
2123 2513 2293 2550 hostibus.

1360 2570 1457 2604 Haec
1481 2570 1576 2603 salva
1602 2576 1722 2603 tuetur
1747 2576 1781 2602 et
1803 2569 1952 2603 salutem
1978 2568 2110 2602 civium

1359 2620 1400 2655 In
1423 2619 1489 2655 hac
1510 2621 1642 2655 amicos
1666 2627 1780 2655 stante
1804 2626 1978 2666 quaerant
1999 2619 2141 2663 singuli,

1358 2671 1458 2707 Illam
1484 2673 1603 2707 videre
1632 2673 1693 2719 qui
1719 2673 1926 2713 florentem,
1953 2667 2141 2717 gaudeant.
