2373 2980
197 104 266 137 931

248 185 373 230 Adogit
391 193 532 217 currum
552 180 595 212 ad
614 187 724 222 equos
740 170 941 218 Eurysthei.
987 171 1178 216 Reliquum

609 227 757 261 audiens
774 224 902 270 aliquis
1159 213 1162 219 ¹

246 290 300 323 Ab
322 287 441 331 aliquo
460 281 571 328 possit
588 279 722 314 ‹licere;
748 289 812 319 ego
833 275 967 314 dicam,
991 286 1081 319 quae
1098 273 1182 305 vidi.

248 338 443 372 Transiens
477 333 570 367 enim
604 329 807 373 religiosum
842 327 958 359 vicum
986 325 1183 364 Minervae,

607 393 697 427 quae
716 379 843 413 colitur
864 378 900 410 in
915 377 1110 416 Pallenide,

201 441 273 475 850
300 439 431 471 Videns
450 447 592 469 currum
610 429 814 476 Eurysthei,

252 491 382 524 Votum
400 488 480 521 fecit
497 486 664 519 Iuventae
681 489 715 516 et
730 481 804 514 lovi
816 507 824 520 ‚
849 486 888 512 ut
903 491 976 512 uno
994 478 1050 511 die.

254 543 474 575 {tenderetur
512 536 577 571 sibi
611 535 712 578 vigor
747 530 958 570 iuventutis,
1001 536 1035 562 et
1068 527 1184 561 ulcisci

614 591 732 630 posset

254 645 393 677 Hostes:
422 640 543 674 audire
560 638 629 670 iam
648 642 746 681 potes
765 632 989 666 miraculum.

254 697 351 728 Duae
370 693 462 727 enim
481 690 600 725 stellae
620 699 725 731 supra
745 696 887 718 currum
906 684 949 715 ad
970 683 1088 725 iugum

205 746 278 782 855
304 747 463 783 Stantes,
490 745 651 775 texerunt
669 749 811 771 currum
831 735 978 767 obscura
1001 733 1104 765 nube.

255 796 496 842 Sapientiores
516 793 638 826 dicunt
653 789 757 823 fuisse
777 793 875 819 tuum
896 785 1020 821 filium,

258 849 301 882 Et
318 848 440 881 Heben
451 846 507 890 ⁵²).
549 843 615 876 Hic
632 852 715 873 vero
734 836 916 881 egrediens
935 848 975 868 ex
993 835 1049 866 illa
1073 830 1189 865 aetbe—

620 904 679 924 rea
700 888 860 932 caligine,

258 949 423 984 Ostendit
440 948 591 980 sormam
608 941 799 975 iuvenilem
817 934 1058 973 brachiorum,

258 1001 361 1045 Capit
380 1010 463 1031 vero
483 996 634 1040 inclytus
649 991 764 1025 Iolaus
784 985 974 1032 Eurysthei

208 1054 282 1087 860
304 1049 565 1096 Quadriiugum
583 1055 725 1078 currum
746 1041 790 1074 ad
806 1050 886 1073 saxa
906 1035 1081 1073 Scironia,

259 1104 303 1136 Et
324 1101 481 1135 vinciens
496 1096 645 1131 vinculis
661 1104 788 1126 manus
804 1089 913 1129 venit,

260 1154 420 1199 Spolium
439 1147 718 1196 pulcherrimum
732 1144 848 1188 ipsum
865 1142 988 1174 ducem
1003 1137 1194 1173 adducens,

261 1208 375 1239 Antea
393 1203 622 1248 opulentum;
645 1198 705 1231 sed
727 1196 784 1228 illa
802 1190 982 1238 praesenti
998 1190 1142 1222 fortuna

262 1258 396 1291 Omnes
413 1253 577 1288 homines
586 1249 632 1296 53)
651 1249 743 1281 clare
761 1247 876 1284 docet,

213 1308 286 1344 865
314 1308 398 1349 „Ne
423 1307 554 1339 ducant
576 1303 720 1335 beatum
748 1309 848 1335 eum,
872 1293 933 1339 qui
957 1292 1097 1325 videtur
1122 1300 1193 1322 esse.

613 1353 846 1401 fortunatus,
873 1345 1081 1390 priusquam

264 1408 433 1451 „Viderit
457 1418 538 1440 eum
564 1402 693 1448 aliquis
716 1405 918 1436 mortuum,
942 1395 1025 1441 quia
1052 1394 1194 1426 fortuna

541 1454 649 1489 habet
670 1450 897 1498 quotidianas
913 1444 1129 1480 mutationes
1138 1441 1195 1487 54).

266 1514 362 1548 ler.
386 1510 418 1543 Ο
436 1508 569 1553 Iupiter
584 1507 717 1544 victor,
741 1513 836 1535 nunc
853 1500 935 1532 licet
949 1494 1038 1530 mihi

264 1563 395 1596 Videre
411 1560 504 1594 diem
520 1559 672 1591 liberum
693 1567 710 1587 a
729 1553 859 1586 misero
875 1555 984 1583 metu.

266 1616 340 1649 Ale.
372 1612 404 1646 O
426 1610 577 1656 Iupiter,
610 1604 799 1651 adspexisti
828 1614 905 1636 sero
942 1598 1085 1644 quidem
1120 1606 1195 1627 mea

620 1658 731 1692 mala:

216 1718 290 1753 870
306 1717 446 1749 Tamen
463 1712 578 1747 habeo
595 1709 660 1744 tibi
677 1706 828 1753 gratiam
847 1715 913 1748 pro
930 1702 997 1735 isto
1014 1697 1198 1735 beneficio,

267 1768 314 1801 Et
330 1767 442 1801 filium
461 1757 578 1798 meum
597 1773 675 1795 cum
696 1764 799 1792 antea
817 1767 891 1788 non
908 1759 1070 1798 putarem
1088 1762 1159 1783 esse

267 1820 362 1852 Inter
380 1818 494 1857 Deos,
519 1814 591 1848 scio
607 1823 702 1846 nunc
718 1820 790 1843 esse
808 1805 1007 1840 manifesto.

268 1871 301 1904 O
316 1870 398 1910 filii,
421 1869 491 1901 iam
508 1864 681 1910 nuncffia)
699 1859 803 1894 liberi
821 1871 838 1891 a
856 1855 1051 1893 laboribus,

220 1921 293 1958 875
318 1920 439 1954 Liberi
456 1920 499 1952 ab
514 1915 532 1933 ἧς
550 1912 750 1960 Eurystheo
771 1909 879 1949 eritis,
895 1906 957 1953 qui
974 1905 1067 1938 male
1084 1901 1200 1947 periit,

270 1973 315 2006 Et
334 1973 511 2005 civitatem
530 1967 642 2012 patris
661 1961 837 2001 videbitis,

269 2025 313 2058 Et
329 2020 546 2067 occupabitis
564 2019 689 2051 domos
712 2010 931 2059 patrimonii,

268 2076 314 2110 Et
330 2071 569 2109 sacrificabitis
585 2068 662 2102 Diis
677 2065 800 2111 patriis
811 2090 820 2102 ,
849 2074 866 2094 a
889 2059 1016 2106 quibus
1034 2055 1162 2090 exclusi

271 2126 437 2171 Hospites
454 2121 610 2168 agebatis
625 2119 734 2152 vitam
752 2115 930 2149 miseram.

270 2180 338 2213 Sed
356 2187 510 2223 quanam
529 2172 646 2206 Iolaus
663 2168 796 2203 occulta
816 2161 989 2208 sapientia

221 2232 294 2266 880
318 2225 534 2273 Pepercit55)
552 2219 772 2268 Eurystheo,
797 2223 836 2250 ut
850 2226 924 2248 non
941 2207 1179 2245 interficeret?

253 2364 300 2391 52)
322 2357 426 2390 Heben]
445 2356 507 2382 huic
524 2354 623 2379 nomini
642 2353 668 2376 in
690 2356 774 2379 marg.
795 2347 878 2372 Editt.
896 2344 981 2371 ¹558.q
1003 2342 1076 2366 1562.
1096 2341 1202 2364 adiecta

290 2399 333 2420 est
356 2392 513 2418 annotatio:
555 2389 712 2415 Iuventam,
743 2389 811 2414 quae
835 2380 905 2411 apud
929 2383 1047 2408 superos
1074 2375 1201 2399 Herculis

253 2432 428 2493 533Sbi1iiiteis-
441 2456 575 2488 homines]
596 2456 635 2479 sic
655 2452 770 2483 scripsi:
796 2449 879 2474 Editt.
902 2447 994 2476 ¹558„
1016 2445 1091 2469 1562.
1114 2444 1199 2467 male:

290 2500 392 2524 Omnes
410 2494 569 2518 hominibus.

253 2536 302 2562 54)
322 2533 355 2557 Η,
374 2531 391 2553 l.
411 2530 437 2552 in
456 2528 539 2551 Editt.
561 2524 651 2553 1558.,
673 2521 746 2545 ¹562.
773 2521 838 2543 nota
857 2523 958 2547 marg:

289 2568 390 2591 obitum
410 2563 523 2587 incerta.

253 2601 317 2633 54a)
337 2596 419 2629 nunc]
440 2596 480 2620 sic
497 2594 580 2619 Editt.
599 2592 700 2615 recent.
721 2587 766 2619 (ε
787 2586 881 2616 Eut-ip.
902 2583 983 2615 νῦν);
1009 2582 1093 2607 Editt.
1117 2581 1200 2612 1558„

253 2635 459 2699 553³gng¹ssi¹ij
478 2663 518 2687 sic
538 2662 584 2692 (z
592 2659 683 2688 Enrip.
698 2651 847 2689 infame-9³)
864 2655 953 2685 Bam„
973 2654 1095 2683 musgr.;
1116 2649 1200 2674 Eunt.

290 2704 374 2728 1558..
397 2700 470 2725 1562.
490 2696 586 2722 mendo
607 2697 733 2724 typogr.:
753 2689 869 2720 Peperit.

984 2513 1114 2538 Felicitas
1137 2514 1201 2535 ante

784 86 906 121 PHlL.
934 85 1047 119 MEL.
1074 83 1274 119 SCRIPTA
1301 77 1634 116 PHILOLOGICA.

2143 77 2217 114 932

1284 168 1422 205 Dicito;
1464 167 1558 210 apud
1581 177 1645 197 nos
1674 162 1816 208 quidem
1850 175 1923 196 non
1958 169 2008 197 est
2040 162 2217 207 sapienter

1643 215 1789 253 factum,

1286 270 1320 303 Si
1342 269 1420 315 quis
1437 267 1568 311 ceperit
1586 263 1743 304 hostem,
1769 276 1842 297 non
1856 277 2000 309 poscere
2021 276 2187 310 poenam.

1284 324 1375 355 Fam.
1423 318 1505 351 Tibi
1532 316 1627 350 hunc
1656 314 1832 349 honorem
1858 314 2001 356 habuit,
2037 323 2075 349 ut
2100 316 2220 350 videas

1649 367 1779 412 ipsum,

1290 421 1358 466 Qui
1386 426 1487 453 antea
1514 418 1769 452 dominabatur
1792 417 1875 458 tibi,
1914 423 1947 450 et
1973 430 2066 450 nunc
2087 418 2220 462 regitur

1651 476 1710 503 tua
1729 481 1849 502 manu.

1239 522 1313 557 885
1337 522 1418 557 Non
1440 527 1531 554 certe
1549 521 1728 554 volentem
1748 519 1910 560 adducit,
1935 520 1994 552 sed
2013 519 2163 553 invitum

1290 573 1431 617 Ligavit
1445 585 1546 609 eum;
1571 584 1644 605 non
1664 572 1758 605 enim
1778 571 1892 605 voluit

1294 625 1403 658 Vivus
1436 624 1471 656 in
1509 629 1736 668 conspectum
1771 629 1870 656 tuum
1904 622 2045 662 venire,
2079 628 2112 654 et
2140 622 2224 654 dare

1651 686 1796 718 poenas.

1291 727 1378 766 Sed,
1404 738 1423 758 o
1443 738 1551 765 anus,
1580 726 1712 769 gaude,
1742 732 1773 759 et
1794 725 1998 758 memineris
2017 724 2100 763 mei,

1293 778 1397 822 Quod
1416 777 1570 821 primum
1587 776 1717 817 dixisti,
1736 778 1879 822 quando
1898 775 1997 820 coepi
2014 785 2227 812 sermonem,

1243 827 1316 862 890
1343 828 1542 861 Pronuntia
1561 841 1616 861 me
1634 828 1805 866 liberum3
1828 840 1910 861 nam
1928 829 1964 861 in
1985 826 2047 860 tali
2066 832 2226 869 tempore

1652 885 1793 924 oportet

1296 929 1534 973 Ingennorum
1552 931 1724 974 promissa
1742 936 1818 962 rata
1838 941 1922 963 esse.

1593 1011 1799 1059 [strophe
1834 1012 1886 1060 1.]

1298 1081 1394 1114 Chor.
1423 1078 1512 1112 Mihi
1531 1087 1579 1113 est
1601 1087 1720 1123 gratus
1738 1079 1886 1121 chorus,
1915 1081 1941 1114 si

1296 1131 1418 1163 Fuerit
1434 1131 1543 1163 dulcis
1561 1132 1674 1174 gratia
1693 1132 1827 1164 fistulae
1846 1132 1882 1164 in
1903 1131 2079 1170 convivio,
2113 1151 2116 1154 -

1297 1181 1342 1214 Et
1358 1182 1402 1215 sit
1420 1182 1489 1214 iam
1508 1188 1606 1225 grata
1626 1181 1758 1222 Venus,

1248 1231 1322 1267 895
1348 1233 1393 1266 Et
1408 1233 1511 1266 liceat
1528 1233 1597 1265 iam
1614 1233 1734 1265 videre
1753 1233 1923 1265 laetantes
1939 1233 2083 1271 amicos,

1299 1285 1368 1337 Qui
1387 1291 1467 1317 ante
1487 1283 1672 1317 victoriam
1691 1284 1904 1317 videbantur
1921 1295 1993 1317 esse
2009 1282 2142 1317 miseri.

1298 1336 1438 1368 Etenim
1457 1336 1566 1368 multa
1588 1336 1702 1368 adfert
1717 1336 1828 1368 fatum
1842 1361 1852 1374 ‚
1874 1335 2075 1378 gubernans
2093 1333 2216 1374 exitus,

1249 1387 1322 1420 900
1346 1387 1392 1420 Et
1412 1393 1569 1430 tempus,
1592 1386 1683 1419 filius
1702 1386 1859 1419 Saturni.

1535 1466 1848 1515 [Antistropke
1879 1465 1938 1515 1.]

1300 1537 1416 1570 Habes
1434 1536 1653 1580 exemplum,
1681 1547 1701 1568 o
1719 1535 1854 1575 civitas,

1299 1588 1431 1622 lustum
1443 1614 1451 1627 ,
1474 1588 1560 1620 illud
1578 1587 1630 1620 ius
1647 1599 1721 1619 non
1738 1593 1788 1620 est
1806 1587 2016 1625 tollendum,

1302 1640 1351 1673 Ut
1366 1640 1460 1672 colas
1477 1638 1604 1672 Deum.
1659 1637 1731 1681 Qui
1749 1649 1847 1671 secus
1862 1637 1979 1676 sentit,

1301 1690 1360 1723 Ille
1379 1696 1429 1724 est
1444 1690 1601 1729 insanus,

1251 1741 1325 1776 905
1350 1742 1437 1775 Cum
1456 1741 1526 1774 sint
1541 1738 1694 1773 exhibita
1711 1739 1898 1773 manifesta
1914 1745 2134 1782 argumenta.

1302 1793 1443 1826 Etenim
1465 1792 1649 1825 manifeste
1666 1790 1761 1824 Deus

1302 1844 1467 1878 Ostendit
1484 1855 1519 1877 se
1538 1843 1662 1876 tollere
1679 1841 1882 1886 superbiam
1902 1840 2127 1874 iniustorum.

1611 1927 1810 1971 [Strophe
1843 1922 1894 1972 2.]

1253 1997 1327 2031 910
1353 1996 1415 2030 Est
1432 1996 1467 2028 in
1487 1995 1585 2028 coelo
1602 1995 1693 2028 filius
1709 1999 1790 2027 tuus
1802 2020 1810 2033 ‚
1839 2006 1859 2026 o
1878 2006 1977 2028 anus.

1304 2048 1379 2081 Iam
1399 2047 1520 2091 effugit
1538 2047 1637 2079 illum
1653 2056 1868 2083 sermonem,

1305 2100 1411 2144 Quod
1433 2100 1477 2131 ad
1495 2098 1627 2131 inferos
1645 2095 1876 2133 descenderit,

1306 2151 1500 2184 Combusto
1521 2161 1671 2193 corpore
1687 2147 1760 2180 acri
1776 2147 1867 2191 ignis
1883 2146 2039 2179 flamma.

1255 2201 1328 2236 915
1356 2201 1403 2234 Et
1420 2207 1524 2234 ornat
1539 2200 1727 2232 amabilem
1744 2199 1871 2231 lectum
1890 2196 2016 2236 Hebes,

1304 2253 1343 2286 ln
1363 2253 1441 2286 aula
1461 2263 1579 2285 aurea.

1305 2305 1338 2339 O
1354 2304 1557 2349 Hymenaee
1569 2328 1578 2341 ,
1599 2302 1688 2334 duos

1304 2356 1414 2389 Filios
1429 2353 1520 2388 Iovis
1536 2353 1699 2396 dignatus
1719 2363 1765 2386 es.

1556 2435 1857 2484 [Antisti-opha>
1886 2432 1937 2482 2]

1304 2509 1516 2544 conducunt
1528 2505 1639 2538 multa
1658 2503 1790 2537 multis.

1253 2562 1329 2598 920
1350 2560 1490 2593 Etenim
1509 2557 1603 2601 patri
1618 2554 1748 2589 horum
1767 2554 1949 2588 Palladem

1304 2613 1437 2645 Dicunt
1453 2607 1707 2642 auxiliatricem
1726 2618 1815 2644 esse;

1304 2664 1347 2697 Et
1363 2661 1428 2696 hos
1447 2666 1569 2695 nostra
1586 2659 1721 2699 civitas,

2365 2854 2373 2980 —m
