2373 2980
103 75 202 111 1029
621 73 742 109 LXXI.

151 161 249 201 Heu,
276 167 315 194 ut
330 171 471 204 semper
488 159 549 192 odi
566 159 771 205 improbos,
1121 182 1124 225 y

151 212 221 257 Qui
253 218 393 255 agentes
429 211 596 244 iniustam
629 224 769 245 causam
784 237 792 250 ,
835 211 963 244 deinde
996 224 1095 256 prae-

508 268 622 296 textus
1121 230 1124 303 l

150 314 323 358 Fingnnt;
353 340 373 354 ‚‚
386 325 564 347 assumere
577 314 712 347 bonum
731 320 764 347 et
778 314 927 347 inertem

97 364 171 399 835
200 365 345 408 „Magis
366 365 470 397 velim
484 392 492 404 ,
521 376 627 409 quam
645 366 779 399 malum
798 366 1006 410 sapientem.
1119 401 1121 411 7

146 416 192 449 Et
212 415 340 450 horum
362 417 510 449 omuino
530 422 726 450 extremum
746 418 835 451 seres
851 418 995 450 malum.
1118 413 1121 462 Ι

148 467 231 508 Hic,
275 469 335 513 qui
362 475 412 501 est
437 467 473 499 in
498 467 596 500 nullo
620 480 744 509 censu,
782 475 886 502 natus
912 469 1033 513 ignota
1061 474 1092 500 et
1118 484 1119 511 3

508 530 609 551 serva
1117 514 1119 539 l

146 569 261 602 Matre
272 570 338 615 ⁸⁹),
367 570 613 603 introducetur
629 571 665 603 in
682 577 780 605 tuam
805 572 952 604 domum
977 570 1091 602 domi-

507 633 608 655 nans.

145 671 301 715 Simplex
322 679 410 705 esset
430 670 496 705 hoc
513 673 647 706 malum
660 699 668 711 ,
697 674 726 707 si
743 674 787 706 ab
805 673 922 718 aliqua
942 671 1054 704 nobili

93 722 166 758 840
196 723 365 763 Muliere‚
395 730 427 756 te
451 724 684 764 concedente,
721 725 876 768 allegans
900 730 996 756 tuam
1022 728 1088 755 ste·
1116 715 1117 756 l

510 775 677 808 rilitatem
690 802 698 814 ‚

141 825 329 859 Genuisset
350 827 611 870 posteritatem3
646 826 674 859 si
693 838 777 859 vero
795 824 862 859 hoc
881 824 944 858 tibi
968 824 1089 858 fuisset

506 877 691 916 acerbum,

140 926 341 971 Oportebat
373 928 488 971 ipsum
517 934 637 972 petere
660 929 803 973 nuptias
829 927 872 959 ab
895 926 1007 960 Aeolo
1028 938 1085 971 pa·
1113 925 1114 929 ’

504 985 556 1011 tre
568 978 626 1023 90).

141 1029 262 1074 ltaque
281 1035 422 1073 oportet
440 1035 472 1062 te
492 1029 627 1075 aliquid
646 1030 819 1063 muliebre
838 1030 973 1068 facere,

134 1080 206 1114 Aut
223 1087 421 1114 sumentem
438 1081 594 1125 gladium
607 1108 616 1121 ‚
645 1087 706 1114 aut
723 1082 806 1114 dolo
825 1082 980 1126 quodam
994 1106 1002 1119 ‚

87 1130 161 1166 845
193 1132 266 1165 Aut
283 1132 429 1166 venenis
446 1139 545 1165 tuum
562 1133 761 1165 interficere
779 1132 948 1165 maritum

133 1182 180 1214 Et
195 1183 305 1216 filium
319 1210 327 1223 ‚
354 1184 562 1228 priusquam
580 1183 646 1216 tibi
663 1196 759 1216 mors
778 1196 819 1216 ex
833 1183 902 1216 illis
919 1182 1071 1216 eveniat.

138 1233 174 1267 Si
191 1234 285 1266 enim
303 1234 371 1267 eris
388 1234 537 1277 ignava,
566 1240 604 1266 tu
621 1234 761 1267 amittes
784 1235 906 1267 vitum.

139 1284 319 1323 „Duobus
346 1286 438 1317 enim
464 1283 626 1318 hostibus
652 1285 689 1317 in
714 1297 822 1318 unam
849 1286 998 1318 domum
1028 1296 1084 1316 ve-

500 1336 680 1369 nientibus
694 1362 702 1375 ‚

139 1388 239 1425 „Aut
264 1387 412 1419 alterum
441 1393 583 1430 oportet
608 1399 680 1419 esse
706 1387 990 1425 infortunatum,
1024 1391 1085 1418 aut
1111 1386 1112 1426 J

496 1437 659 1470 alterum.
1111 1440 1112 1470 ἒ

87 1486 160 1523 850
182 1487 260 1531 Ego
282 1495 375 1521 certe
392 1489 474 1521 volo
490 1495 523 1521 te
541 1488 710 1522 adiuvare
722 1513 731 1526 ‚

134 1538 180 1572 Et
194 1539 299 1573 simul
316 1539 512 1573 interficere
527 1540 652 1580 filium,
672 1551 750 1572 cum
767 1538 908 1571 rediero
923 1539 1083 1577 domum,
1110 1532 1112 1572 ἶ

137 1590 292 1634 Quando
311 1591 514 1624 convivium
533 1597 705 1635 apparat,
734 1596 767 1622 et
789 1589 948 1633 praemia
971 1590 1083 1623 nutri-
1109 1608 1111 1625 ς

502 1642 652 1675 cationis
671 1641 827 1674 dominis
1109 1637 1111 1646 ’

190 1793 239 1822 Qui
260 1794 286 1815 te
306 1793 407 1815 ducens
428 1793 525 1822 hospes
546 1793 705 1823 ingrediens
726 1792 882 1816 civitatem.

188 1828 223 1849 Et
242 1827 366 1854 domum,
391 1829 419 1848 et
438 1829 510 1849 tuam
530 1833 676 1849 assumens
696 1828 781 1849 totam
800 1824 1014 1853 haereditatem,

188 1861 229 1883 Ex
247 1859 302 1882 alia
322 1859 437 1882 muliere
455 1860 557 1883 liberos
578 1866 729 1890 procreans

189 1894 265 1917 Clam
285 1893 474 1922 deprehensus
495 1895 544 1917 est.
576 1896 662 1923 Quam
680 1893 774 1918 furtim
797 1899 879 1921 vero,
900 1899 951 1923 ego
971 1893 1065 1916 dicam.

189 1928 337 1957 Postquam
356 1929 384 1950 te
403 1928 528 1951 sterilem
548 1929 654 1955 sensit,
681 1935 735 1952 non
757 1929 801 1950 sat
821 1927 913 1950 habuit
933 1927 981 1950 tihi

190 1962 294 1985 similis
316 1968 396 1990 esse,
423 1963 451 1984 et
470 1963 598 1985 fortunae
617 1963 811 1991 aequalitatem
831 1962 924 1987 terrm

189 1996 243 2020 sed
261 1995 373 2025 capiens
392 1995 512 2018 serviles
532 1997 636 2019 lectos.
665 2001 833 2026 congressus
851 1995 938 2025 clam,

189 2031 266 2054 Hunc
285 2036 396 2059 puerum
417 2031 583 2059 procreavit.
620 2031 783 2060 Ablegatum
804 2035 870 2052 vero
891 2030 973 2053 alicui

190 2065 355 2094 Delphorum
375 2065 459 2087 tradit
478 2064 653 2087 educandum.
691 2065 743 2087 Hic
762 2069 828 2087 vero
849 2063 874 2086 in
895 2064 944 2087 Dei

189 2099 308 2128 Templis
327 2105 423 2129 sacer,
450 2100 480 2121 ut
500 2099 617 2127 lateret,
642 2099 805 2122 instituitur.

188 2133 400 2157 Adolescentem
421 2139 486 2156 vero
509 2140 568 2156 cuin
587 2133 691 2156 audivit
710 2133 850 2156 educatum
862 2150 868 2159 ,

189 2167 294 2191 Venire
312 2168 363 2191 huc
381 2168 429 2191 tibi
450 2168 604 2198 persuasit,
631 2167 758 2191 orbitatis
778 2167 877 2197 gratia.

188 2203 224 2226 Et
243 2202 283 2225 sic
302 2202 376 2225 Deus
394 2208 448 2226 nou
468 2202 599 2225 mentitus
618 2204 678 2232 est3
703 2201 764 2231 ipse
782 2207 850 2225 vero
868 2201 1014 2226 mentitus.

187 2237 294 2260 Dudum
312 2237 393 2259 alens
412 2237 483 2260 hunc
503 2242 630 2267 puerum,
660 2237 687 2259 et
706 2235 800 2259 nexuit
822 2242 909 2259 nexus

188 2270 357 2295 Huiusmodi.
396 2271 588 2300 Deprelieusus
609 2270 734 2300 quidem,
755 2270 873 2294 referret
892 2270 919 2293 in
939 2271 1033 2294 Deum.

188 2305 311 2329 Veniens
331 2311 415 2335 vero,
435 2306 462 2328 et
481 2305 688 2329 diuturnitatem
707 2305 839 2335 temporis
852 2306 1017 2335 propulsare
1033 2311 1082 2328 vo-

497 2340 556 2363 lens
569 2357 576 2371 ‚

189 2373 334 2403 Imperium
354 2373 406 2397 sibi
425 2374 567 2397 vindicare
586 2374 646 2397 vult
667 2375 771 2398 terrae.

188 2409 294 2432 Novum
314 2413 380 2431 vero
401 2413 499 2431 nomen
519 2414 566 2438 per
585 2409 669 2432 otium
688 2409 780 2432 fictum
800 2410 857 2433 est.

188 2443 250 2473 lon,
278 2442 351 2465 eunti
372 2442 479 2465 scilicet
499 2442 570 2472 quod
588 2443 698 2466 obviam
716 2443 808 2466 factus
827 2443 875 2466 sit.

119 2494 167 2521 89)
187 2495 214 2517 et
233 2499 318 2517 serva
336 2494 441 2522 Matre]
461 2493 500 2516 sio
518 2493 636 2524 scripsi3
669 2494 719 2518 Ed.
736 2494 811 2517 1562.
831 2494 916 2517 male:
951 2496 975 2516 et
996 2500 1081 2517 serva

153 2528 242 2551 Matre
260 2529 288 2551 et
306 2533 408 2557 serva;
438 2527 521 2551 Editt.
545 2527 620 2552 1558.
646 2529 673 2551 et
698 2530 829 2552 recentt.:
859 2535 891 2551 ex
910 2533 994 2551 serva
1013 2534 1080 2557 qua-

155 2563 216 2585 dam
234 2562 332 2591 [Editt.
354 2563 472 2585 recent.:
505 2567 538 2584 ex
556 2561 649 2591 aliqua
668 2563 767 2591 serva]
785 2563 901 2586 Muliere
921 2564 969 2590 (=
988 2562 1079 2592 Eurip.

155 2595 184 2620 ἐκ
203 2594 301 2625 δούλης
318 2593 392 2623 τινός
410 2593 567 2625 Γυναικός).

120 2648 169 2675 90)
188 2649 281 2677 petere
299 2647 409 2677 nuptias
428 2648 461 2670 ab
480 2646 566 2670 Aeolo
583 2648 686 2675 patre]
711 2647 754 2669 his
780 2646 806 2669 in
827 2652 914 2677 marg.
934 2647 982 2670 Ed.
1006 2647 1078 2670 ¹5o2.

155 2682 293 2711 adscripta
311 2684 354 2705 est
373 2681 533 2710 explicatio:
560 2687 593 2704 ex
612 2686 663 2703 sua
681 2683 763 2710 geute
783 2681 891 2704 ducere.

796 70 1195 109 INTERPRETATIO
1232 69 1357 105 10le
1390 70 1637 106 EUfflPlDls.

2054 83 2151 117 1030

1200 157 1385 197 Reddens,
1414 164 1448 191 et
1467 157 1560 191 mori
1580 164 1613 191 et
1631 157 1748 192 vivere
1767 166 1884 195 tecum
1905 165 1998 199 volo.

1200 234 1221 247 ‚,
1233 208 1356 242 Solum
1376 209 1470 242 enirn
1488 210 1603 242 adfert
1620 211 1729 245 servis
1748 212 1899 247 dedecus

1149 257 1224 292 855
1253 259 1440 299 „Nomem
1467 261 1504 293 in
1522 262 1668 295 caeteris
1688 264 1871 305 omnihus,
1898 265 2018 301 liberis

1200 310 1355 349 „Nullus
1371 324 1493 347 servus
1513 313 1629 346 bonus
1646 320 1696 347 est
1714 315 1935 363 deteriorffl).

1199 362 1295 395 Chor.
1324 362 1369 395 Et
1385 376 1463 407 ego,
1491 361 1595 396 chara
1615 365 1773 405 domina,
1800 367 2036 403 calamitatem
2059 374 2139 406 volo

1199 411 1475 448 Communicans
1496 422 1608 449 tecum
1629 422 1689 449 aut
1708 417 1819 458 mori,
1848 425 1908 452 aut
1935 421 2052 455 vivere
2077 422 2139 457 ho-

1563 473 1672 500 nesle.

1199 515 1271 547 Cre.
1301 514 1333 547 O
1350 516 1467 548 anima
1481 542 1489 555 ,
1519 518 1700 561 quomodo
1720 519 1855 560 tacebo,
1879 529 1939 555 aut
1956 528 2137 568 quomodo

1145 563 1220 598 860
1246 565 1416 609 Aperiam
1437 568 1663 601 concubitum
1682 569 1905 612 illegitimum
1921 600 1929 612 ‚

1195 615 1375 650 Pudorem
1396 630 1480 650 vero
1500 620 1681 663 quomodo
1700 621 1852 654 exuam?

1195 666 1302 711 Quod
1329 669 1423 701 enim
1461 669 1755 713 impedimentum
1795 673 1911 708 obstat
1946 675 2033 710 mihi
2065 691 2137 712 am-

1558 720 1676 765 plius?

1192 767 1247 801 Ad
1267 771 1362 815 quod
1382 776 1560 804 certamen
1580 771 1694 815 posita
1714 772 1854 808 virtutiS
1872 788 1948 810 sum
1961 779 1976 810 ?

1192 819 1322 854 Nonne
1339 822 1490 856 maritus
1507 835 1606 856 meus
1623 824 1787 867 proditor
1803 826 1914 861 factus
1931 829 2005 862 est?

1114 883 1115 910 j
1142 869 1214 904 865
1241 872 1372 906 Privor
1390 874 1498 906 domo
1516 881 1550 907 et
1566 875 1691 917 privor
1706 875 1846 917 liberis,

1192 922 1326 957 Omnes
1343 937 1420 969 spes
1436 925 1639 969 perierunt,
1668 938 1756 972 quas
1773 928 1963 973 disponere

1192 974 1346 1018 Cupiens
1365 983 1457 1009 recte
1477 989 1551 1009 non
1568 978 1688 1019 potui,

1192 1024 1329 1059 Tacens
1360 1027 1587 1061 concubitum
1623 1034 1656 1060 et
1688 1035 1806 1064 tacens
1840 1038 1982 1075 partum
2016 1037 2137 1080 deplo-

1552 1080 1718 1113 randum.

1140 1126 1213 1159 870
1242 1127 1307 1160 Sed
1328 1140 1399 1160 non
1417 1140 1481 1171 per
1497 1129 1611 1162 solum
1629 1131 1806 1165 sidereum
1826 1132 1939 1174 Iovis,

1189 1177 1235 1210 Et
1252 1190 1326 1211 non
1346 1191 1408 1223 per
1424 1179 1539 1213 Deum
1565 1178 1786 1216 habitantem
1805 1197 1911 1228 supra
1937 1199 2034 1222 meos
2061 1202 2136 1223 sco-

1553 1233 1674 1276 pulos,

1189 1279 1233 1312 Et
1252 1292 1325 1312 non
1347 1293 1410 1324 per
1429 1282 1566 1325 paludis
1584 1296 1739 1329 aquosae
1759 1286 1969 1322 Tritonidos

1189 1331 1335 1364 Sacrum
1362 1332 1479 1373 littus,
1513 1346 1586 1366 non
1613 1337 1767 1381 amplius
1794 1340 1978 1374 occultabo
2008 1354 2135 1376 concu-

1546 1385 1659 1419 bitum
1672 1415 1680 1428 ,
1708 1395 1748 1422 nt
1764 1401 1782 1422 a
1802 1392 1908 1424 corde

1139 1430 1212 1465 875
1241 1433 1398 1466 Ablucns
1417 1434 1481 1466 sim
1503 1435 1627 1471 levior.

1188 1483 1332 1516 Stillant
1347 1496 1446 1517 meae
1464 1487 1622 1530 pupillae
1642 1487 1833 1535 lachrymis
1846 1518 1853 1531 ‚

1188 1534 1233 1567 Et
1250 1535 1370 1568 anima
1388 1537 1484 1569 dolet
1501 1536 1640 1573 insidiis
1656 1541 1766 1584 petita

1189 1586 1233 1618 Et
1247 1588 1291 1619 ab
1309 1585 1515 1622 hominibus
1531 1597 1565 1623 et
1588 1603 1605 1623 a
1627 1590 1703 1626 Diis
1715 1619 1723 1631 ‚

1189 1638 1287 1682 Quos
1313 1640 1523 1672 convincam

1170 1791 1216 1821 9¹)
1237 1791 1293 1813 Heu
1315 1793 1342 1814 ut
1360 1804 1393 1808 —-
1412 1791 1540 1816 deterior.
1563 1792 1618 1823 (νς.
1636 1794 1829 1823 ἓ’32-856.)]
1849 1795 1889 1819 sic
1902 1796 1952 1821 Ed.
1968 1797 2058 1825 1562.;
2085 1800 2132 1824 Ed<

1208 1825 1280 1848 1558.
1291 1833 1296 1847 :

1240 1858 1316 1888 „Hei
1339 1858 1419 1887 mihi,
1447 1859 1611 1889 versipelles
1632 1866 1659 1883 ut
1677 1862 1800 1885 homiues
1819 1869 1927 1893 semper
1947 1865 2008 1893 odi,

1239 1892 1318 1922 „Qui
1338 1895 1532 1922 componentes
1553 1894 1670 1925 iniusta,
1693 1897 1790 1920 deiude
1809 1898 1921 1921 fraudes

1240 1927 1418 1956 „Adornann
1455 1927 1576 1951 Inertem
1596 1931 1709 1957 probum
1730 1932 1856 1961 accipere
1875 1933 1991 1956 amicum

1238 1961 1399 1992 „Cuperem
1418 1962 1526 1993 magis,
1551 1969 1630 1992 quam
1651 1965 1752 1988 malum
1771 1966 1974 1996 sapientiorem.

1239 1996 1273 2018 Et
1291 1996 1386 2018 horum
1407 1996 1524 2020 omnium
1545 1998 1686 2029 ultimum,
1714 2001 1928 2028 persuadeberis
1947 2002 2062 2028 malum.

1239 2030 1385 2054 carentem
1406 2032 1509 2057 matre,
1536 2031 1640 2055 nullius
1659 2034 1765 2057 numeri
1785 2041 1817 2057 ex
1837 2040 1922 2058 serva
1941 2037 2056 2066 quadam

1237 2064 1353 2087 Munere
1372 2065 1398 2087 in
1419 2065 1524 2088 domum
1544 2067 1616 2089 tuam
1636 2067 1772 2091 domiuum
1792 2068 1925 2097 recipere.

1239 2098 1360 2126 Simplex
1381 2099 1451 2122 enim
1470 2099 1571 2122 fnisset
1589 2101 1709 2132 malum,
1734 2102 1758 2124 si
1777 2107 1794 2125 a
1813 2102 1898 2126 nobili

1238 2134 1343 2162 Matre,
1366 2134 1538 2162 persuadens
1558 2133 1620 2164 tibi,
1646 2136 1739 2159 dicens
1759 2137 1833 2160 tuam
1852 2136 2011 2168 orbitatem,

1238 2167 1457 2196 Frequentasset
1470 2167 1574 2192 domos,
1613 2169 1642 2192 Si
1656 2175 1721 2193 vero
1739 2169 1786 2193 tihi
1804 2171 1855 2194 hoc
1874 2171 1975 2194 fuisset
1992 2174 2127 2199 acerbum.

1238 2202 1279 2224 Ab
1297 2202 1382 2225 Aeolo
1402 2201 1488 2230 ipsum
1509 2203 1653 2231 oportebat
1670 2205 1802 2233 appetere
1820 2205 1938 2234 nuptias.

1238 2236 1279 2258 Ex
1298 2235 1360 2258 istis
1378 2237 1487 2265 oportet
1507 2236 1533 2259 te
1553 2236 1605 2260 iam
1626 2238 1757 2261 muliebre
1777 2238 1903 2268 quiddam
1922 2240 2023 2263 facere.

1238 2271 1293 2292 Aut
1312 2270 1383 2293 enim
1402 2270 1521 2300 gladium
1541 2270 1736 2301 accipientem,
1762 2274 1809 2295 aut
1828 2273 1890 2296 dolo
1911 2274 2024 2302 quodam

1237 2304 1293 2326 Aut
1311 2304 1443 2331 venenis,
1469 2305 1523 2327 tum
1544 2304 1699 2328 interficere
1718 2307 1844 2329 maritum

1237 2339 1272 2360 Et
1291 2344 1420 2367 puerum,
1444 2338 1591 2367 antequam
1610 2339 1658 2363 tibi
1676 2345 1751 2362 mors
1770 2347 1803 2363 ex
1822 2340 1878 2363 illis
1898 2341 2016 2366 eveniat.

1216 2376 1223 2384 ·
1238 2372 1267 2394 Si
1286 2372 1356 2394 enim
1375 2371 1521 2401 negligens
1540 2372 1644 2402 fueris,
1671 2373 1796 2403 fungeris
1814 2375 1864 2397 hac
1883 2375 1948 2398 vita.

1237 2407 1375 2437 „Duobus
1396 2405 1466 2429 enim
1484 2405 1607 2429 hostibus
1627 2407 1799 2431 venientibus
1819 2409 1846 2432 in
1866 2415 1947 2432 unum
1966 2411 2081 2437 tectum,

1237 2441 1317 2467 „Aut
1336 2440 1500 2463 alterutrum
1520 2442 1628 2468 oportet
1645 2441 1824 2466 infortunium
1841 2442 1907 2472 pati.

1237 2475 1295 2503 Ego
1320 2475 1396 2497 certe
1416 2473 1463 2496 tibi
1483 2474 1563 2496 etiam
1584 2475 1756 2499 collaborare
1774 2476 1854 2507 volo,

1236 2509 1271 2531 Et
1289 2508 1371 2531 simul
1389 2508 1545 2532 interficere
1563 2509 1663 2540 filium,
1690 2510 1778 2533 obiter
1795 2510 1955 2541 ingrediens
1974 2511 2097 2536 domum.

1236 2542 1288 2565 Ubi
1307 2542 1462 2566 convivium
1480 2544 1576 2571 parat,
1607 2546 1634 2566 et
1653 2545 1773 2572 praemia
1793 2545 1964 2568 educationis
1981 2546 2096 2569 dominis

1236 2576 1382 2607 Reddens,
1409 2577 1436 2599 et
1455 2576 1540 2605 niori,
1569 2578 1595 2600 et
1614 2578 1710 2601 vivens
1731 2579 1820 2602 lumen
1838 2579 1987 2608 adspicere.

1235 2611 1350 2641 „Unum
1370 2611 1468 2634 etenim
1487 2611 1579 2634 servis
1597 2611 1772 2642 ignominiam
1792 2615 1861 2637 t'ert.

1235 2661 1254 2673 „
1265 2644 1386 2675 Nomen,
1410 2645 1436 2668 in
1457 2645 1576 2669 caeteris
1595 2646 1717 2670 omnibus
1740 2647 1835 2670 liberis

1235 2679 1360 2707 „Nullus
1377 2679 1454 2708 peior
1474 2685 1592 2710 servus,
1620 2681 1770 2711 quicunque
1791 2683 1875 2705 bonus
1895 2681 1986 2704 fuerit,

1465 2712 1549 2746 65*
