2373 2980
224 116 298 152 451

225 202 321 235 1130
349 200 402 234 Ad
415 198 657 241 Crenaeamw)
673 204 815 242 portam
833 199 924 233 filius
940 205 1019 233 tuus
1029 199 1216 245 Polynices

272 252 381 285 Duxit
401 251 538 294 copias,
566 250 680 282 suriae
698 261 782 281 vero
801 249 839 281 in
857 250 981 294 clypeo

272 303 418 346 Signum
447 307 546 333 orauit
558 327 566 337 ‚
607 299 713 331 catuli
740 311 920 340 cursores,
962 303 1023 346 qui
1046 302 1216 335 ludebant

638 350 864 390 terribiliter,

269 400 421 435 Pulchre
442 398 615 433 machinis
637 400 730 434 intus
748 401 951 435 circumacti

269 453 341 486 Sub
363 452 469 484 fibula
482 477 491 490 ,
516 457 553 483 ut
571 451 778 484 viderentur
797 452 964 486 insanire.

223 502 319 537 1135
348 503 429 536 Non
447 502 563 535 minus
583 501 698 535 Marte
716 502 752 534 in
773 514 890 547 pugna
911 504 1027 535 audax

271 554 459 598 Capaneus
478 552 624 585 adduxit
641 552 760 596 copias
777 555 821 586 ad
842 555 982 598 p'ortam
1000 552 1190 585 Electram.

270 604 410 638 Fcrreis
426 604 462 636 in
478 604 600 648 clypeo
617 603 737 646 figuris
756 603 895 647 signum
913 610 1008 642 erat,

271 656 379 699 Gigas
397 666 414 687 e
434 661 527 687 terra
545 660 649 687 natus
661 681 670 693 ,
696 654 733 686 in
752 652 910 688 humeris
928 661 1038 688 totam
1056 654 1180 686 urbem

270 706 474 745 Sustinens,
501 705 658 738 vectibus
675 705 852 739 conuilsis
869 707 1061 739 violenter:

223 758 320 792 1140
348 757 397 790 Ut
415 763 502 790 esset
518 757 658 800 signnm
683 755 807 796 nobis,
842 758 961 802 qualia
991 766 1136 800 passura
1163 766 1214 787 es-

637 812 689 840 set
704 807 801 839 urbs.

271 860 444 893 Adrastus
459 863 535 890 erat
552 857 588 889 in
606 856 756 901 septima
776 863 878 901 porta
890 883 899 896 ,

272 910 426 954 Implens
444 909 607 952 clypeum
623 908 762 952 pictura
775 933 784 947 ‚
813 919 904 952 quae
927 905 1053 941 habuit
1075 912 1214 940 centum

638 969 779 1000 Viperas

272 1010 431 1055 Hydrae:
460 1006 595 1041 habens
614 1008 651 1039 in
665 1007 766 1039 laevo
785 1004 932 1039 brachio

272 1060 446 1104 Argivum
463 1059 623 1102 signum,
652 1063 748 1090 extra
770 1058 912 1089 moenia

228 1109 325 1147 1145
352 1110 533 1143 Dracones
566 1109 761 1142 efferebant
794 1119 924 1151 pueros
953 1104 1146 1140 Thebanos
1180 1106 1218 1138 in

634 1159 744 1203 genis.

274 1214 341 1248 Fui
360 1217 538 1257 spectator
554 1209 682 1243 borum
703 1208 864 1242 omnium
877 1234 886 1247 ‚

274 1266 462 1298 Tesseram
477 1263 594 1295 serens
607 1261 755 1294 ducibus
775 1258 955 1291 ordinum.

273 1315 319 1349 Et
336 1314 454 1359 primo
471 1313 615 1358 quidem
635 1311 785 1344 arcubus
800 1316 834 1342 et
849 1308 985 1352 sagittis

274 1365 528 1410 Pugnabamus
539 1391 548 1403 ,
575 1371 609 1397 et
624 1362 742 1396 fundis
760 1362 864 1404 longe
881 1359 1100 1392 ferientibus.

229 1416 326 1451 1150
351 1416 395 1449 Et
411 1414 629 1460 lapidumffl)
645 1412 854 1456 fragmentis
880 1423 960 1444 cum
986 1421 1139 1443 essemus
1163 1420 1219 1442 su-

639 1475 798 1508 periores
815 1474 932 1506 pugna
944 1488 953 1500 ,

276 1516 454 1551 Clamavit
469 1515 613 1560 Tydeus
633 1521 668 1547 et
683 1515 774 1547 filius
792 1525 833 1546 ex
851 1519 883 1545 te
899 1518 1021 1544 natus:

277 1569 309 1602 Ο
327 1568 390 1601 filii
405 1566 572 1599 Danaum
585 1593 594 1605 ,
622 1565 830 1609 priusquam
846 1564 1042 1595 laceremur
1059 1559 1219 1596 iactibus,

275 1619 371 1664 Quid
417 1616 634 1649 cunctamini
678 1614 784 1648 simul
827 1625 949 1646 omnes
992 1611 1147 1644 incidere
1182 1608 1220 1640 in

644 1672 766 1710 portas
777 1691 786 1705 ,

277 1719 310 1753 O
328 1717 481 1762 expediti
498 1717 632 1763 equites
648 1723 682 1749 et
700 1717 956 1760 gubernatores
971 1710 1164 1746 curruum?

232 1768 327 1804 1155
355 1770 551 1813 Postquam
577 1767 792 1801 audiverunt
817 1763 909 1798 hanc
932 1776 1076 1803 vocem,
1104 1763 1221 1796 nullus

647 1825 722 1851 erat
745 1818 913 1861 ignavus:

280 1870 386 1904 Multi
405 1870 579 1903 cadebant
594 1869 769 1903 cruentati
788 1867 961 1911 capitibus

279 1921 319 1954 In
337 1927 498 1954 nostrum
518 1921 651 1957 solium
680 1919 825 1953 vidisses
842 1924 923 1950 ante
941 1915 1083 1948 moenia

281 1973 432 2006 Crebros
450 1972 613 2005 saltando
632 1971 793 2015 expirare
810 1969 989 2006 animam,

281 2024 416 2057 Siccam
434 2023 599 2065 rigabant
617 2028 749 2054 terram
764 2021 861 2052 fluxu
877 2016 1069 2061 sanguinis.

231 2075 328 2108 1160
354 2075 463 2107 Areas
476 2099 484 2112 ‚
512 2084 586 2105 non
602 2072 755 2115 Argivus
768 2097 776 2109 ,
798 2071 858 2103 sed
877 2069 968 2102 filius
983 2067 1191 2106 Atalantae,

280 2125 377 2158 Sicut
392 2124 497 2157 turbo
517 2123 644 2168 aliquis
660 2122 798 2154 invadit
812 2126 953 2164 portas,
981 2118 1109 2150 clamat

279 2175 399 2219 Ignem
419 2181 452 2207 et
467 2175 622 2218 ligonem
634 2200 643 2213 ,
671 2180 841 2218 tanquam
860 2181 1046 2203 eversurus
1063 2169 1200 2201 urbem.

282 2227 350 2259 Sed
368 2226 536 2269 repressit
556 2225 671 2269 ipsum
688 2224 863 2257 furentem
882 2221 1012 2254 marini
1030 2219 1097 2252 Dei

280 2274 737 2320 FiliusPericlymenusffla),
749 2273 915 2307 deiiciens
928 2284 1049 2305 saxum
1061 2270 1098 2302 in
1108 2275 1225 2313 caput,

234 2326 331 2361 1165
348 2327 455 2371 Quod
473 2326 682 2372 impleretffl)
704 2337 860 2364 currum,
880 2324 1026 2367 pinnam
1043 2323 1085 2354 de
1102 2320 1224 2359 muris,

267 2444 314 2474 79)
335 2444 501 2470 Crenaeam]
529 2443 589 2465 huic
610 2443 670 2466 voci
699 2442 725 2465 in
751 2448 838 2472 marg.
858 2441 940 2465 Editt.
963 2440 1054 2470 1553„
1075 2438 1149 2462 1562.
1175 2437 1227 2461 ad-

302 2479 411 2507 scripta.
430 2479 508 2500 sunt:
536 2483 580 2503 „a
597 2475 696 2500 fonte'’
719 2474 841 2508 (κρήνη).

267 2519 315 2551 80)
335 2519 468 2549 lapidum]
489 2518 528 2541 sic
541 2519 589 2541 Ed.
603 2519 676 2541 1558.
692 2517 738 2549 (=
753 2518 846 2548 Eurip,
861 2515 983 2548 πετριῦνς
1002 2516 1095 2544 Barn.,
1114 2516 1227 2546 Musgr„

302 2554 363 2578 Fix.
384 2551 544 2582 saxorum);
569 2552 618 2575 Ed.
631 2552 704 2576 1552.
725 2558 822 2576 errore
840 2554 968 2582 typogr.:
992 2550 1117 2579 lapidem.

268 2594 338 2627 80³)
359 2595 580 2624 Periclymenus]
601 2593 645 2624 (=
661 2594 754 2623 Eurip.
774 2590 990 2625 Περικλύμενος)
1004 2592 1086 2615 Editt.
1106 2593 1226 2621 recent.;

303 2630 387 2653 Editt.
404 2629 495 2659 1558.‚
516 2628 591 2652 1562.
612 2628 820 2656 Periclymenus*

268 2672 316 2703 81)
336 2672 477 2702 impleret]
498 2671 537 2694 sic
556 2670 640 2694 Editt.
657 2670 748 2699 1558.‚
771 2670 862 2700 1562.;
893 2671 991 2700 nam,
1011 2670 1133 2700 Musgr.,
1154 2668 1227 2693 Fixa

306 2706 483 2736 implevisset.

799 113 920 149 PHIL.
956 114 1069 148 MEL.
1103 113 1304 149 SCRIPTA
1337 112 1673 148 PHILOLOGICA.

2186 116 2261 154 432

1320 199 1398 244 Qua
1417 199 1582 244 dispersit
1601 203 1786 232 cruentum
1805 205 1929 243 caput,
1956 205 1992 233 et
2010 201 2190 236 vertebras

1319 250 1461 283 Ossium
1480 250 1577 293 rupit
1589 276 1597 289 ‚
1625 248 1743 282 statim
1761 249 1887 282 rubras
1905 261 2012 293 genas

1321 300 1549 337 Cruentavit;
1578 311 1693 345 neque
1710 299 1839 333 reseret
1855 300 1965 333 vitam

1319 350 1450 394 Insigni
1469 350 1664 383 iaculati-ici
1681 350 1807 390 matri,
1835 351 1972 394 puellae
1985 351 2155 386 Maenali.

1273 402 1368 435 1170
1397 402 1592 446 Postquam
1608 399 1700 434 hanc
1719 407 1859 444 portam
1879 401 1968 434 vidit
1982 402 2221 443 fortunatam,

1319 452 1473 485 Accessit
1489 453 1532 484 ad
1550 452 1705 497 reliquas
1723 451 1815 485 filius
1833 458 1933 492 tuus,
1960 453 2133 498 sequebar
2149 465 2226 498 ege.

1319 502 1432 535 Video
1453 509 1571 536 autem
1588 503 1709 547 Tydea
1721 528 1730 542 ,
1759 508 1792 535 et
1810 503 1951 536 crebros
1968 503 2097 538 milites

1319 553 1486 587 Aetolicis
1503 551 1612 587 hastis
1631 554 1668 586 in
1686 553 1906 587 summitates

1318 604 1492 637 Turrium
1513 604 1724 643 iaculantes,
1752 610 1791 637 ut
1807 616 1994 637 murorum

1272 653 1369 689 1175
1404 656 1620 689 Altitudines
1652 654 1897 699 relinquerent
1927 654 2041 689 nostri
2070 654 2263 699 fugientes;

1685 706 1746 739 sed
1764 717 1823 739 eos
1839 717 1960 739 rursus

1321 756 1513 801 Tanquam
1531 762 1682 789 venator
1702 755 1792 789 filius
1809 762 1889 789 tuus
1905 755 2057 800 colligit,

1320 806 1365 839 Et
1383 819 1441 840 eos
1457 819 1579 840 rursus
1596 807 1633 839 in
1649 805 1777 840 turrim
1799 806 2003 845 collocavit;
2030 818 2096 841 nos
2113 817 2200 840 vero
2219 807 2264 840 ad

1686 857 1794 890 aliam
1817 863 1961 902 portam

1320 907 1591 941 Festinabamus
1603 935 1612 947 ,
1640 914 1762 941 curato
1781 905 1849 941 hoc
1866 908 1973 942 malo.

1322 959 1514 1003 Quomodo
1541 960 1654 992 dicam
1667 985 1676 998 ,
1704 970 1811 1004 quam
1831 959 2017 1004 Capaneus
2033 955 2265 992 insaniverit?

1273 1010 1371 1043 1180
1399 1009 1544 1053 Longae
1563 1011 1676 1043 scalae
1692 1011 1821 1053 gradus

1323 1061 1609 1099 conscendebat,
1638 1067 1671 1093 et
1689 1060 1738 1093 sic
1756 1060 1996 1104 gloriabatur,

1322 1110 1374 1144 Ne
1398 1111 1560 1144 divinum
1588 1111 1731 1156 quidem
1757 1111 1874 1154 ignem
1899 1111 2014 1155 ipsum
2032 1109 2126 1143 Iovis
2143 1106 2266 1153 prohi-

1692 1161 1849 1193 biturum
1861 1187 1871 1200 ,

1323 1211 1404 1256 Quo
1423 1211 1541 1244 minus
1559 1211 1595 1243 in
1612 1211 1759 1244 summis
1775 1211 1887 1244 muris
1902 1209 2020 1253 capiat
2035 1211 2173 1244 urbem.

1322 1261 1367 1295 Et
1383 1260 1469 1295 haec
1487 1262 1592 1295 simul
1607 1261 1713 1302 dixit,
1741 1267 1774 1294 et
1791 1261 1878 1295 ictus
1894 1260 2022 1304 lapide,

1275 1311 1372 1347 1185
1398 1313 1616 1353 Declinavit‚
1658 1314 1874 1357 detorquens
1898 1323 2027 1355 corpus
2055 1311 2120 1344 sub
2149 1310 2266 1356 ipsum

1689 1363 1852 1407 clypeum
1864 1389 1874 1403 ,

1323 1413 1526 1447 Ascendens
1542 1425 1620 1446 rasa
1638 1414 1794 1446 tabulata
1813 1414 1995 1457 tignorum
2012 1412 2138 1445 scalae.

1322 1465 1369 1496 At
1385 1465 1456 1496 iam
1475 1465 1783 1497 transcendentem
1802 1464 1931 1508 pinnas
1949 1473 2138 1495 murorum

1322 1515 1421 1548 Ferit
1435 1527 1514 1548 eum
1531 1515 1678 1548 fulmine
1697 1514 1841 1558 Iupiter.
1893 1512 2081 1546 Intremuit
2097 1523 2182 1544 vero

1324 1566 1439 1598 Terra
1450 1592 1458 1604 ,
1483 1573 1522 1599 ut
1539 1578 1661 1599 omnes
1678 1571 1896 1603 metuerent3
1923 1570 1960 1596 at
1976 1575 2018 1596 ex
2033 1563 2136 1597 scalis

1277 1616 1374 1650 1190
1401 1615 1682 1655 Evertebantur,
1724 1615 1820 1647 velut
1843 1626 1862 1647 a
1882 1615 2014 1653 sunda,
2057 1613 2131 1646 eius
2156 1625 2268 1646 mem-

1687 1665 1750 1697 bra
1761 1664 1808 1711 82)
1825 1665 1962 1699 divulsa
1979 1664 2144 1697 invicem.

1325 1717 1475 1750 Versum
1495 1715 1630 1749 coelum
1648 1727 1789 1755 comae,
1806 1716 1948 1760 sanguis
1964 1727 2050 1748 vero
2067 1714 2106 1747 in
2122 1720 2268 1754 terram,

1326 1768 1394 1801 Sed
1414 1775 1583 1812 tanquam
1604 1773 1682 1800 rota
1699 1766 1849 1807 Ixionis,
1878 1778 2004 1800 manus
2018 1772 2058 1798 ‘et
2074 1766 2236 1799 membra

1326 1819 1589 1852 Volvebantur:
1636 1817 1786 1862 ignitum
1817 1830 1902 1851 vero
1936 1818 1974 1850 in
2007 1823 2138 1850 terram
2174 1816 2268 1850 cadit

1690 1870 1851 1902 cadaver.

1326 1920 1521 1965 Postquam
1538 1920 1625 1952 vidit
1643 1919 1814 1953 Adrastus
1830 1919 1949 1953 Iovem
1966 1918 2152 1951 inimicum
2171 1929 2269 1951 exer-

1687 1970 1791 2007 citui,

1279 2018 1376 2054 1195
1403 2019 1511 2052 Extra
1530 2019 1659 2052 fossam
1677 2020 1815 2051 reduxit
1834 2018 2007 2062 Argivum
2027 2017 2230 2051 exercitum-

1326 2071 1448 2104 Nostri
1464 2069 1616 2103 vicissim
1634 2070 1797 2103 dextrum
1815 2068 1907 2102 Iovis
1925 2069 2064 2112 signum

1327 2121 1514 2159 Videntes,
1542 2122 1740 2154 eduxerunt
1756 2133 1897 2160 currus,

1327 2172 1473 2218 Equites
1491 2178 1524 2204 et
1540 2172 1686 2215 pedites,
1706 2178 1740 2204 et
1756 2172 1792 2204 in
1809 2171 1924 2204 media
1936 2169 2153 2213 Argivorum
2169 2181 2270 2202 arma

1329 2223 1593 2256 Commiserunt
1611 2234 1766 2267 pugnam
1792 2220 1922 2261 hastis,
1957 2220 2078 2254 onmia
2106 2221 2198 2253 mala
2224 2221 2270 2254 si-

1693 2274 1766 2306 mul
1783 2280 1896 2306 erant.

1282 2325 1379 2361 1200
1407 2324 1674 2365 Moriebantur,
1702 2325 1876 2357 cadebant
1893 2336 1934 2357 ex
1950 2322 2020 2356 suis
2037 2321 2217 2362 curribus,

1331 2375 1474 2415 „Rotae
1489 2377 1684 2415 saltabant,
1712 2381 1745 2407 et
1763 2376 2019 2420 frangebantur
2036 2385 2135 2413 axes,

1331 2426 1376 2459 Et
1392 2428 1562 2460 cadavera
1581 2426 1811 2460 cadaveribus
1827 2426 2099 2460 cumulabantur
2116 2424 2233 2457 simul.

1330 2475 1584 2512 Prohibuimus
1602 2479 1708 2522 igitur
1725 2478 1948 2512 effossionem
1976 2475 2129 2509 turrium
2154 2481 2269 2508 terrae

1689 2526 1793 2562 huius

1333 2579 1466 2618 Hodie,
1495 2591 1540 2611 an
1560 2591 1645 2612 vero
1661 2580 1756 2613 salva

1315 2663 1361 2695 82)
1382 2666 1409 2687 at
1428 2671 1460 2688 ex
1479 2664 1565 2688 scalis
1585 2683 1590 2689 .
1607 2683 1613 2689 .
1629 2683 1634 2688 .
1656 2664 1714 2687 eius
1733 2664 1864 2692 membra]
1884 2662 1924 2686 sic
1942 2662 2025 2687 Editt.
2044 2664 2165 2693 recent.;
2183 2661 2269 2686 Editt.

1353 2698 1443 2730 1558„
1466 2699 1539 2723 1562.
1558 2700 1586 2722 at
1606 2699 1663 2722 eius
1684 2705 1716 2722 ex
1736 2698 1819 2722 scalis
1839 2715 1845 2721 .
1866 2716 1872 2722 .
1894 2715 1899 2721 .
1920 2697 2046 2721 membra.
