2373 2980
219 111 294 147 407

219 197 294 233 310
318 197 432 231 Aedes
461 197 543 231 istas
569 195 733 235 audiens,
759 194 779 212 ‘¹⁶
804 203 941 230 senecta
970 197 1163 232 tremulum

270 248 445 282 lucessum
482 248 579 292 pedis
614 245 730 280 traho.

630 297 870 339 intervallum,

267 350 313 383 Et
334 356 414 393 post
437 349 567 381 multos
592 345 666 382 dies
694 350 852 393 adspicio
877 351 1017 384 oculum
1040 358 1154 388 tuum.

266 401 488 443 Amplectere
510 401 619 432 ubera
643 400 768 433 matris
793 399 947 436 brachiis
971 403 1041 436 tuis

218 450 292 485 315
312 451 357 483 Et
375 451 518 484 delicias
544 463 734 495 genarum,
752 449 772 467 ’ἴ
790 459 824 486 et
839 465 944 488 canas
963 466 1082 487 comas
1099 454 1206 498 capil-

623 502 753 543 lorum,

268 553 498 587 Obumbrans
517 553 646 586 collum
672 566 804 587 meum.

267 603 326 645 lo,
370 605 429 638 vix
463 617 639 650 apparens
681 611 822 649 praeter
855 617 953 650 spem
991 612 1025 639 et
1064 611 1207 650 praeter

633 668 841 701 opinionem

265 705 306 739 In
327 704 481 740 brachiis
499 707 643 748 matris,
673 709 855 752 quomodo
875 708 1097 751 compellabo
1120 707 1181 741 te'.¹>

634 760 817 804 quomodo
838 759 901 791 tibi
921 760 1039 791 omnia
1065 757 1207 792 dicam?

271 808 426 853 Quando
462 810 627 843 manibus
663 816 697 843 et
724 811 841 843 verbis
876 810 1110 854 multiplicem
1145 822 1208 843 vo—

625 861 811 905 luptatem,

219 910 293 946 320
317 910 394 943 Huc
415 917 449 944 et
469 911 550 945 illuc
576 912 823 951 inambulans,
847 917 881 944 et
905 911 1180 945 delectationem

268 961 405 994 Veteris
430 963 551 1005 gaudii
576 962 774 1006 accipiam?
828 962 861 995 O
879 963 940 1001 fili,

265 1012 455 1057 Reliquisti
480 1020 665 1057 paternam
690 1014 837 1045 domum
864 1014 1053 1052 desertam,

267 1062 359 1096 Exul
385 1064 511 1097 missus
535 1064 654 1097 fratris
680 1063 824 1096 iniuria.

217 1113 291 1150 325
311 1115 427 1159 Quam
443 1115 664 1149 desideratus
682 1114 816 1155 amicis,
831 1111 851 1130 '³⁹
863 1125 971 1159 quam
987 1112 1208 1147 desideratus

626 1164 777 1199 Thebis!

267 1217 372 1250 Unde
392 1216 462 1250 rasi
486 1229 593 1251 canos
616 1230 728 1257 meos,

268 1269 462 1301 Dimittens
486 1269 631 1312 capillos
656 1270 814 1302 funestos
839 1272 873 1299 et
896 1266 1090 1307 luctuosos,

268 1319 314 1352 Et
337 1331 411 1351 non
436 1319 559 1352 induta
586 1333 663 1353 sum
691 1318 850 1352 candidis
876 1318 1049 1351 vestibus:
1075 1330 1096 1350 o
1120 1317 1183 1358 fili,

267 1372 374 1404 Atras
397 1376 431 1403 et
457 1371 637 1416 squalidas
662 1369 727 1404 has
751 1369 906 1403 tenebris
935 1370 1040 1403 aedes

219 1423 293 1457 330
324 1421 464 1460 lncolo;
487 1435 593 1456 senex
616 1423 653 1455 in
681 1424 789 1455 domo

267 1473 506 1513 Excaecatns,
535 1473 684 1506 iumenti
696 1473 770 1515 3²³)
800 1470 978 1514 comparis

269 1528 355 1561 Eius
367 1554 376 1568 ,
404 1530 500 1572 quod
516 1529 719 1561 abiunctum
730 1524 760 1544 ³2
770 1519 802 1570 b)
820 1535 837 1554 a
855 1534 916 1555 sua
935 1521 1069 1553 familia
1082 1547 1091 1560 ,
1119 1520 1209 1554 desi-

630 1576 768 1609 derium
791 1571 1057 1617 lachrymosum

274 1629 422 1673 Semper
445 1627 599 1668 habens,
624 1626 748 1660 insiliit
773 1624 944 1669 gladium,

221 1679 296 1716 335
322 1681 371 1714 Ut
387 1680 453 1714 sibi
479 1686 632 1712 mortem
661 1677 911 1715 conscisceret,
929 1672 949 1690 ⁷*
967 1680 1001 1706 et
1017 1674 1054 1706 in
1070 1684 1209 1707 summa

638 1735 740 1773 parte
764 1727 907 1760 aedium
1137 1730 1139 1732 ’

274 1783 314 1817 In
356 1781 674 1826 strangulationem
724 1777 892 1824 prorupit
936 1787 1014 1809 cum

635 1843 800 1864 execrans
824 1830 955 1861 liberos

274 1887 362 1921 Cum
387 1883 702 1917 vociferationibus
730 1881 958 1928 querelarum
991 1878 1027 1910 in
1055 1876 1211 1910 tenebris

275 1937 493 1971 Occultatur.
547 1935 599 1968 Te
622 1947 725 1974 vere,
749 1946 769 1966 o
792 1932 860 1972 fili,
884 1929 991 1963 audio
1017 1928 1197 1962 connubio

223 1989 299 2024 340
325 1988 584 2026 Coniunctum,
610 1985 831 2028 coniugalem
858 1982 1081 2025 voluptatem

272 2041 413 2073 Habere
438 2039 474 2070 in
502 2044 644 2070 externa
673 2043 765 2068 terra
791 2041 824 2067 et
849 2031 1057 2077 peregrinos

275 2093 409 2126 Curare
436 2090 568 2122 affines.
622 2087 716 2120 Haec
732 2092 813 2120 sunt
832 2082 1072 2116 intolerabilia
1092 2081 1212 2121 matri,

224 2141 299 2178 345
330 2141 376 2175 Et
400 2141 488 2174 Laio
517 2153 583 2173 avo
607 2145 690 2178 tuo,
716 2135 735 2153 ’ὅ
762 2135 968 2179 nuptiarum
995 2146 1068 2167 esse
1097 2144 1212 2166 accer-

635 2190 737 2223 sitam
764 2199 907 2220 noxam.

273 2245 398 2289 Neque
424 2255 487 2287 ego
509 2243 631 2275 lumen
655 2240 746 2284 ignis
772 2237 915 2270 accendi
940 2235 1004 2268 tibi

276 2295 316 2328 In
333 2295 466 2338 nuptiis
492 2292 667 2337 legitime,
691 2297 730 2323 ut
751 2291 849 2322 decet
875 2293 1026 2320 matrem
1052 2286 1213 2324 beataum

277 2347 351 2382 Nec
374 2345 532 2379 Ismenus
557 2342 694 2376 curavit
718 2341 980 2386 Hymenaeum,

227 2397 302 2433 350
326 2397 398 2442 Qui
416 2409 457 2429 ex
473 2395 608 2429 balneis
632 2398 770 2426 constat
787 2390 1013 2425 ‹leliciarum;
1040 2398 1103 2430 per
1119 2384 1213 2419 The-

635 2445 766 2477 banam
792 2442 918 2475 urbem

278 2497 497 2533 Praeteritus
523 2503 574 2530 est
597 2495 738 2529 silentio
763 2494 939 2538 ingressus
955 2497 1036 2524 tuae
1051 2502 1214 2534 sponsae.

1065 1772 1211 1818 gemitu,

265 2617 330 2645 32a)
350 2614 474 2643 iumenti]
499 2612 540 2636 sic
563 2611 645 2636 Editt.
670 2611 760 2640 1558„
788 2586 878 2641 ¹532?
906 2609 990 2634 Editt.
1015 2608 1132 2632 recent:
1157 2607 1215 2638 iugi

264 2648 517 2713 32btiriiineibiiiiiim]
537 2680 577 2704 sic
596 2679 696 2709 scripsi
715 2678 761 2710 (Ξ
780 2678 872 2707 Eun-ip.
892 2674 1089 2710 εἷποζυγείσας,
1113 2678 1213 2703 Barn.:

299 2715 491 2748 disiunctum);
509 2716 593 2741 Editt.
615 2715 687 2738 1558.
700 2731 707 2744 ,
729 2713 803 2737 1562.
822 2713 988 2737 adiunctum.

799 110 922 145 PHIL.
955 110 1070 146 MEL.
1103 111 1304 147 SCRIPTA
1336 111 1672 148 PHILOLOGICA.

2179 117 2254 154 408

1309 199 1481 233 Pereant:
1509 199 1581 233 sive
1605 199 1768 239 serrum,
1791 198 1864 232 sive
1885 199 2084 242 dissidium,

784 248 817 280 O
844 248 913 288 sili,
949 255 1030 293 post
1057 250 1204 295 longum
1259 249 1335 286 355
1356 251 1436 284 Sive
1462 257 1562 295 pater
1585 257 1665 283 tuus
1693 250 1730 282 in
1755 261 1856 283 cansa
1885 257 1954 291 est,
1975 249 1995 268 ’¹‘
2011 253 2084 286 sive
2103 253 2215 287 fatum

1309 302 1515 336 Petulanter
1539 301 1669 334 invasit
1700 302 1846 334 domum
1871 301 2021 347 Oedipi:

1311 352 1365 386 Ad
1392 365 1448 385 me
1472 353 1621 385 veniunt
1643 352 1791 386 dolores
1815 350 1945 385 horum
1971 355 2162 390 malorum.

1313 406 1409 439 Chor.
1428 403 1592 443 „Partus,
1608 404 1669 448 qui
1696 404 1868 443 eduntur,
1885 404 2008 437 dolore
2025 404 2254 441 vehementer

1677 460 1824 487 movent
1844 460 1975 488 matres
1985 455 2048 502 ³³):

1314 505 1388 543 „Ac
1405 511 1518 538 totum
1538 517 1647 549 genus
1664 506 1838 539 muliebre
1847 518 1970 540 amans
1981 513 2032 540 est
2047 507 2256 544 liberorum.

1259 556 1337 590 360
1362 557 1433 590 Pol.
1457 556 1594 596 Mater,
1619 557 1709 590 bene
1727 563 1761 589 et
1778 569 1851 590 non
1866 557 1955 591 bene
1975 558 2154 602 cogitans,
2172 559 2256 592 veni

1313 607 1369 640 Ad
1395 608 1490 641 viros
1516 607 1698 646 inimicos;
1723 609 1784 641 sed
1806 620 1947 642 necesse
1972 615 2023 642 est

1315 658 1480 699 „Omnes
1506 671 1626 692 amare
1646 658 1822 703 patria1n;
1847 660 1908 704 qui
1932 660 2035 693 aliter
2055 659 2152 700 dicit,

1315 709 1472 749 „Verbis
1496 710 1710 750 delectatur,
1736 716 1892 742 mentem
1918 723 2004 743 vero
2030 710 2101 744 illic
2124 708 2244 745 habet.

1311 762 1413 794 Adeo
1440 767 1557 794 autem
1577 762 1620 793 ad
1646 761 1768 794 turbas
1794 767 1828 794 et
1844 761 2011 794 timorem
2028 767 2174 794 ventum
2193 767 2257 802 est,

1232 798 1236 849 i
1263 810 1338 846 365
1364 812 1416 846 Ne
1436 813 1514 857 quis
1545 812 1647 845 dolus
1671 824 1690 844 a
1717 812 1827 844 fratre
1851 824 1909 845 me
1934 812 2084 852 occidat,

1314 864 1364 896 Ut
1386 861 1520 897 habens
1539 875 1686 896 manum
1712 869 1886 896 armatam
1910 864 2027 907 gladio
2046 874 2112 907 per
2128 863 2256 896 urbem

1314 914 1483 947 Venerim
1520 915 1772 948 circumferens
1806 914 1957 949 vultum.
2037 914 2158 947 Unum
2195 926 2253 947 me

1678 964 1827 1005 iuvabit,

1314 1014 1481 1049 Induciae
1504 1022 1539 1048 et
1561 1021 1620 1049 tua
1647 1017 1753 1056 fides,
1775 1028 1867 1061 quae
1888 1028 1945 1050 me
1968 1015 2169 1050 introduxit

1312 1065 1409 1100 Intra
1446 1067 1589 1099 moenia
1625 1073 1787 1111 paterna.
1856 1065 1947 1100 Veni
1980 1080 2065 1101 vero
2100 1067 2256 1100 multum

1675 1116 1915 1162 lachrymans,

1263 1166 1337 1200 370
1370 1166 1457 1200 Post
1480 1167 1626 1211 longum
1651 1174 1791 1211 tempus
1811 1168 1935 1202 videns
1960 1169 2079 1202 aulam
2105 1174 2139 1201 et
2158 1169 2256 1201 focos

1683 1218 1858 1259 Deorum,

1314 1268 1361 1301 Et
1399 1268 1604 1314 gymnasia,
1648 1269 1686 1301 in
1723 1270 1850 1315 quibus
1886 1269 2040 1302 nutritus
2074 1281 2174 1309 sum,
2223 1274 2258 1302 et

1676 1332 1806 1366 aquam
1832 1320 1968 1361 Dirces,

1315 1369 1347 1401 A
1374 1370 1501 1414 quibus
1520 1382 1594 1402 non
1611 1370 1700 1404 iuste
1719 1372 1859 1415 pulsus,
1886 1372 2113 1416 peregrinam
2130 1371 2257 1405 urbem

1317 1421 1470 1461 Habito,
1494 1419 1630 1455 habens
1655 1423 1859 1466 adspectum
1884 1433 1948 1466 per
1971 1422 2092 1455 oculos
2116 1419 2257 1466 lachry-

1675 1479 1846 1506 mantem.

1320 1522 1373 1556 Ex
1399 1522 1468 1556 illis
1492 1522 1677 1557 doloribus
1699 1523 1786 1557 meis
1811 1529 1844 1555 te
1868 1523 1973 1555 video
1997 1523 2122 1555 dolore

1268 1572 1344 1608 375
1368 1574 1540 1607 Affectam
1566 1574 1681 1617 capite
1707 1586 1825 1607 rasam
1850 1579 1883 1606 et
1905 1574 2066 1607 luctuosa
2090 1579 2198 1607 veste.
2243 1594 2248 1596 -

1318 1624 1398 1657 Heu
1422 1636 1501 1656 mea
1526 1624 1638 1656 mala!

1318 1675 1469 1720 „Quam
1496 1674 1626 1708 misera
1655 1686 1710 1708 res
1728 1680 1796 1714 est,
1819 1686 1840 1707 o
1866 1680 2001 1715 mater,
2024 1674 2147 1708 odium
2163 1673 2258 1707 inter

1679 1724 1961 1771 domesticosffl),

1320 1776 1397 1817 „Et
1427 1789 1533 1822 quam
1558 1776 1699 1810 difficile
1721 1776 2017 1810 reconciliantur!

1321 1828 1416 1873 Quid
1440 1829 1512 1872 agit
1534 1834 1636 1872 pater
1657 1840 1764 1861 senex
1788 1828 1826 1860 in
1851 1827 1997 1861 aedibus

1266 1880 1341 1914 380
1366 1879 1500 1914 Videns
1524 1878 1713 1912 tenebras?
1739 1878 1824 1924 quid
1840 1890 1950 1922 porro
1975 1889 2116 1911 sorores
2140 1877 2257 1911 duae?

1319 1932 1375 1965 An
1404 1943 1479 1963 non
1506 1930 1656 1963 miserae
1681 1936 1827 1973 gemunt
1851 1929 1994 1962 exilium
2016 1928 2162 1962 meum?

1316 1984 1382 2015 loc.
1409 1981 1549 2026 Aliquis
1571 1980 1668 2013 Deus
1693 1981 1784 2012 male
1808 1980 1926 2024 perdit
1949 1992 2058 2024 genus
2081 1979 2225 2023 Oedipi.

1319 2033 1376 2066 Sic
1396 2032 1489 2065 enim
1509 2030 1680 2076 coepitffi)
1693 2057 1701 2069 ,
1725 2037 1765 2064 nt
1783 2043 1847 2074 ego
1867 2043 2030 2075 parerem
2050 2036 2174 2064 contra
2191 2030 2256 2071 fas,

1319 2083 1365 2116 Et
1386 2089 1426 2116 ut
1442 2083 1534 2115 male
1563 2083 1708 2115 duceret
1733 2094 1879 2115 uxorem
1896 2088 1999 2126 pater
2021 2087 2257 2127 tuus‚›tuque

1683 2144 1890 2166 nascereris.

1266 2182 1341 2219 385
1366 2184 1499 2216 Verum
1511 2184 1554 2215 ad
1575 2183 1660 2228 quid
1677 2181 1788 2216 haec?
1818 2183 1996 2227 „Oportet
2012 2184 2105 2216 serre
2120 2182 2256 2216 fatalia.

1319 2235 1512 2280 Quomodo
1550 2241 1668 2268 autem
1703 2235 1941 2278 interrogem,
1981 2247 2026 2267 ne
2068 2235 2255 2268 mordeam

1675 2292 1776 2319 tuum
1802 2286 1976 2325 animum,

1320 2337 1457 2377 Metuo,
1476 2348 1566 2382 quae
1581 2337 1681 2376 volo3
1699 2337 1798 2370 venis
1815 2337 1908 2370 enim
1919 2335 2009 2370 mihi
2021 2336 2252 2371 desideratus.

1319 2389 1391 2423 Pol.
1415 2389 1578 2433 Quaere,
1601 2386 1691 2421 nihil
1717 2388 1872 2422 omittas.

1320 2440 1446 2484 „Quae
1458 2439 1551 2472 enim
1569 2446 1606 2472 tu
1621 2440 1686 2480 vis,
1704 2451 1743 2473 ea
1756 2437 1889 2473 etmihi
1904 2444 2002 2483 grata
2013 2444 2109 2479 sunt,
2126 2443 2254 2471 mater.

1302 2570 1349 2611 ³3)
1371 2571 1404 2610 Β..
1423 2571 1440 2594 1.
1459 2570 1486 2593 ἰη
1505 2571 1588 2595 Editt.
1605 2572 1690 2601 1558.,
1712 2571 1786 2596 1562.
1806 2572 1871 2594 nota
1890 2570 2024 2601 margin.:
2042 2570 2159 2594 Matrum
2176 2573 2254 2593 amor

1301 2606 1525 2671 wainni-*hirtzffid‘
1545 2640 1610 2662 nota
1628 2645 1733 2669 marg.:
1754 2639 1850 2664 Odium
1868 2640 2056 2667 cognatorum.

1300 2675 1349 2702 35>
1367 2674 1472 2703 coepit]
1492 2674 1533 2696 sic:
1553 2672 1599 2703 (=
1618 2674 1709 2703 Eun-ip.
1731 2670 1836 2706 ἤρξατ’)
1857 2674 1955 2706 Barth,
1973 2674 2050 2704 Fix.;
2067 2672 2150 2698 Editt.
2166 2670 2253 2701 1558„

1334 2708 1409 2733 1562.
1426 2708 1496 2738 cepit
1515 2707 1603 2739 (11.1.‚
1621 2707 1639 2732 ἰ.
1653 2714 1678 2738 q.
1696 2707 1808 2739 coepit).
