2373 2980
0 105 26 145 ⁰⁴
40 88 59 159 ij
99 114 176 155 105
277 114 419 152 van.
456 113 856 151 INTERPRETATIO
881 113 1055 150 orl-:ms
1079 114 1467 162 QUADRIPARTITI
1492 119 1778 157 ProLEMAm
1803 121 1892 159 Lm.
1909 123 1968 160 1v.

0 189 25 227 V..
40 218 44 226 ,

0 230 57 290 ωιξ*

0 334 55 388 ηςζ,

0 411 22 432 Ὦ.

3 450 20 483 ti

0 502 19 536 jo

0 560 19 587 it-

0 617 18 847 .==·‘r¹.=⁴.=¹.=

50 715 51 720 ’
97 713 227 752 ferant,
245 718 280 745 et
296 712 368 746 suis
385 713 563 747 celebrent
579 714 816 748 sermonibus.

2074 126 2151 163 106

99 201 328 248 occuparint,
355 201 547 237 incendent
564 202 602 236 in
624 202 718 237 natis
740 202 998 235 immoderatas
1021 207 1097 235 tur·
1148 202 1187 235 in
1214 202 1390 238 Venerem
1425 212 1459 240 et
1487 207 1635 252 cupidas
1658 208 1886 250 concubitus,
1928 213 2150 248 verecundas

98 254 328 300 pissimarum
344 253 536 288 libidinum
559 254 742 295 flammas,
776 259 811 287 et
832 265 970 298 pronos
991 264 1098 297 para-

99 312 226 351 tosque
248 305 293 338 ad
314 305 477 350 quemvis
501 306 750 347 concubitum,
782 305 858 340 sine
878 303 1097 344 discrimine,

98 355 172 391 sive
188 361 298 400 agant
312 356 400 400 ipsi,
427 356 500 390 sive
516 357 719 402 patiantur,
746 356 910 390 efficient.
961 354 1003 388 In
1023 367 1097 388 cer-

98 406 144 440 tis
158 419 244 440 vero
257 407 399 451 figuris,
427 408 533 441 etiam
549 408 723 452 flagitiose
743 408 939 442 obscoenos
962 419 1002 440 ac
1023 407 1098 440 foe-

97 458 185 498 dos,
226 464 265 491 ut
295 458 333 491 in
358 458 597 493 anterioribus
618 465 653 492 et
676 458 934 503 posterioribus
953 457 1098 498 Arietis,

98 521 212 554 prope
236 509 402 548 Suculas;
438 510 474 542 in
497 509 755 554 posterioribus
771 509 923 550 Leonis,
949 509 987 542 in
1008 508 1097 542 facie

100 560 326 605 Capricorni.
359 560 475 594 Porro
494 561 523 594 si
541 559 609 594 hoc
624 561 746 605 positu
762 567 824 594 aut
840 561 877 593 in
892 558 1097 604 horoscopo

98 611 281 651 fulserint,
316 617 378 644 aut
400 611 437 643 in
463 612 553 645 coeli
578 612 720 656 fastigio
746 612 982 651 eminuerint‚
1023 611 1097 651 fiet,

98 668 140 696 ut
156 668 298 695 autores
314 661 383 705 ipsi
400 674 481 702 sua,
509 675 600 708 quae
615 669 837 707 perpetrant,
863 662 996 706 flagitia
1014 674 1098 706 pro-

869 712 908 746 In
930 713 1097 747 extremis

98 763 239 797 duobus
262 761 332 796 hoc
355 765 464 797 modo
490 764 654 798 collocati
682 765 906 805 cardinibus,
947 764 1096 797 occiduo

97 813 270 848 nimirum
301 820 336 848 et
364 815 507 856 infimo,
551 817 752 860 spadonum
785 823 819 849 et
849 813 1095 850 eunuchorum

98 877 202 899 causa
222 871 346 904 erunt,
382 867 438 899 vel
461 867 683 901 sterilitatem
710 867 900 907 inducent,
930 866 1097 911 virgaeve

97 922 236 950 meatus
255 917 487 953 obturabunt.
541 918 638 952 Mars
653 918 714 952 ubi
731 918 935 958 accesserit,
963 918 1098 962 genita—

96 967 145 1001 lia
167 967 253 1002 viris
275 970 493 1013 amputabit;
535 982 576 1003 ex
599 969 768 1011 femellis,
804 982 892 1016 quas
915 966 1099 1017 τριβάδας

98 1025 246 1059 vocant,
275 1020 413 1054 efficiet.

201 1070 363 1104 Omnino
381 1083 490 1117 quam
508 1072 553 1105 ad
570 1083 719 1105 venerea
746 1071 971 1104 affectionem
996 1068 1098 1104 habi-

99 1121 172 1156 turi
193 1122 265 1156 sint
287 1123 374 1163 viri,
408 1123 507 1157 Mars
532 1124 706 1157 ostendet.
756 1122 900 1155 Etenim
924 1134 943 1154 a
958 1121 1098 1154 Venere

97 1173 327 1220 Saturnoque
351 1181 554 1218 separatus,
580 1180 614 1207 et
629 1173 724 1207 Iovis
747 1174 889 1207 adiutus
915 1173 1098 1216 suffragio,

100 1225 278 1269 elegantes
293 1231 328 1258 et
342 1226 562 1259 verecundos
578 1225 616 1257 in
634 1224 823 1258 concubitu
836 1251 845 1264 ,
882 1230 917 1257 et
941 1223 1099 1257 naturali

100 1288 168 1309 usu
196 1287 433 1309 venereorum
464 1282 667 1314 contentos;
707 1275 773 1309 soli
794 1275 950 1309 Saturno
973 1275 1099 1308 adiun-

102 1333 200 1366 ctus,
241 1338 364 1371 segnes
392 1333 426 1360 et
452 1327 600 1371 frigidos
636 1328 681 1360 ad
717 1326 944 1360 concubitum
981 1326 1099 1360 efficit.

99 1377 239 1410 Venere
256 1389 342 1410 vero
360 1384 394 1410 et
408 1377 505 1418 Iove,
533 1378 654 1423 aliquo
672 1377 818 1410 annexis
832 1377 900 1411 sibi
918 1378 1100 1422 adspectu,

98 1433 288 1472 promptos
303 1428 448 1473 quidem
473 1435 508 1461 et
529 1434 735 1473 appetentes
758 1440 994 1461 venereorum
1020 1428 1100 1461 red-

100 1479 170 1518 dit;
204 1479 265 1512 sed
282 1478 330 1512 ita
349 1485 490 1520 tamen,
525 1486 565 1513 ut
582 1480 790 1513 contineant
811 1486 847 1513 et
865 1480 1100 1513 moderentur

99 1542 195 1570 sese,
231 1536 469 1577 caveantque,
506 1543 551 1564 ne
576 1531 765 1565 incurrant
788 1531 825 1563 in
850 1531 1036 1564 infamiam
1066 1536 1101 1563 et

99 1579 410 1626 reprehensiones.
464 1581 552 1615 Cum
572 1582 646 1616 sola
661 1582 821 1622 Venere,
853 1589 914 1616 aut
936 1582 966 1616 si
991 1583 1099 1615 etiam

98 1631 235 1677 Iupiter
260 1632 371 1674 adsit,
407 1632 564 1666 Saturno
590 1639 711 1667 tamen
736 1639 896 1674 remoto,
936 1634 1101 1673 lascivos,

101 1683 250 1729 cupidos
265 1683 320 1716 rei
336 1696 529 1724 venereae,
555 1684 712 1719 intentos
735 1684 773 1717 in
797 1697 920 1718 omnes
945 1685 1101 1719 occasio-

100 1748 164 1770 nes
180 1735 375 1780 explendae
390 1735 549 1769 libidinis
565 1736 671 1780 parit.
729 1734 776 1768 Et
793 1736 822 1769 si
838 1736 927 1769 alter
940 1736 1102 1781 planeta-

99 1800 182 1822 rum
198 1788 422 1832 vespertinus
438 1787 637 1821 matutinus
654 1787 743 1820 alter
759 1787 877 1828 fuerit,
904 1789 949 1820 ad
965 1800 1102 1822 mascu-

99 1841 174 1874 lam
198 1840 400 1885 promiscue
422 1846 457 1873 et
478 1839 669 1872 femineam
690 1837 866 1872 Venerem
892 1851 1102 1883 propensos,

100 1891 262 1925 neutrius
279 1897 400 1925 tamen
418 1891 531 1924 nimio
549 1889 726 1924 desiderio
744 1889 929 1924 obnoxios.
964 1890 1001 1924 Si
1016 1903 1101 1924 vero

101 1949 253 1989 uterque
279 1943 502 1988 vespertinus
524 1942 652 1982 fuerit,
689 1942 735 1975 ad
768 1942 862 1976 solos
895 1942 1103 1976 concubitus

102 2007 184 2028 cum
213 1995 423 2029 mulieribus
449 1993 718 2028 ardentissimos
744 1994 950 2038 praestabit.
1004 1993 1103 2039 Quin

101 2046 211 2080 etiam
236 2045 266 2079 si
287 2052 372 2080 tunc
396 2045 503 2079 simul
524 2045 562 2078 in
586 2045 695 2089 signis
720 2045 885 2089 planetae
921 2045 1103 2079 femininis

101 2095 305 2138 haeserint,
343 2097 421 2130 nati
444 2109 480 2131 se
503 2097 606 2130 foede
630 2096 928 2130 contaminandos
954 2097 1103 2141 praehe-

102 2149 195 2183 btmt
217 2148 307 2184 aliis.
371 2148 409 2182 Si
432 2155 555 2182 contra
581 2154 732 2193 uterque
759 2148 957 2181 matutinus
984 2147 1103 2188 fuerit,

103 2200 271 2235 masculis
299 2200 483 2234 amoribus
520 2199 723 2244 capientur;
763 2205 798 2233 et
829 2199 858 2233 si
890 2205 973 2232 tunc
1001 2199 1101 2243 signa

104 2252 210 2287 simul
233 2252 429 2286 masculina
454 2251 654 2291 tenuerint,
695 2262 777 2294 erga
801 2250 955 2284 cuiusvis
978 2250 1102 2284 aetatis

104 2317 221 2339 mares
239 2304 438 2337 afficientur
454 2304 587 2350 absque
606 2302 822 2336 discrimine.
884 2302 1048 2348 Denique
1074 2302 1102 2336 si

104 2356 224 2390 Venus
245 2355 472 2389 occidentalis
490 2355 608 2395 suerit,
632 2367 711 2388 cum
728 2353 869 2394 vilibus,
889 2354 1102 2394 famulabus,

104 2415 167 2442 aut
181 2407 398 2452 peregrinis;
427 2407 454 2440 si
472 2419 512 2440 ea
529 2406 657 2440 Martis
675 2405 833 2439 conditio
857 2405 982 2446 fuerit,
1021 2418 1100 2439 cum

103 2459 349 2504 superioribus
383 2464 444 2492 aut
471 2458 685 2492 dominabus
718 2470 793 2491 rem
828 2455 1015 2490 habituros
1044 2458 1102 2490 de⁴

103 2517 218 2546 notat.

206 2562 261 2595 De
277 2561 505 2602 mulieribus,
532 2561 681 2595 Veneris
697 2561 917 2595 observanda
943 2559 1100 2594 conditio

104 2621 166 2649 est.
218 2613 359 2647 Etenim
377 2612 452 2646 Iovi
468 2614 685 2657 configurata
702 2620 736 2646 et
752 2613 931 2646 Mercurio
943 2640 951 2653 ,
980 2613 1102 2646 mode-

104 2672 184 2699 rato
210 2665 418 2710 mundoque
441 2677 677 2698 venereorum
701 2677 767 2698 usu
790 2671 992 2703 contentas3
1035 2663 1101 2697 soli

104 2718 224 2751 iuncta
242 2716 444 2756 Mercurio,
470 2715 553 2749 love
574 2716 735 2756 absente,
763 2717 939 2759 proclives
956 2715 1098 2761 quidem

1149 259 1270 288 tamen
1295 262 1329 288 et
1352 257 1508 291 maxima
1531 270 1573 291 ex
1593 265 1696 303 parte
1716 260 1952 302 difficiliores,
1986 274 2036 295 .ac
2057 263 2150 308 fugi-

1149 310 1265 339 tantes
1280 306 1530 351 turpitudinis;
1567 309 1677 343 Marti
1699 311 1766 345 soli
1789 311 1956 346 assistens
1981 320 2043 347 aut
2065 326 2149 348 con-

1149 356 1321 400 figurata,
1360 358 1490 392 salaces
1516 360 1660 405 quidem
1683 368 1718 395 et
1739 362 1777 395 in
1802 362 1978 397 Venerem
2002 376 2150 409 pronas,

1150 408 1211 441 sed
1235 419 1378 452 segnes,
1418 409 1524 442 etiam
1550 409 1579 443 si
1601 416 1686 445 tunc
1706 411 1842 457 Iupiter
1863 421 2007 459 praesto
2029 416 2151 458 fuerit,

1150 458 1267 493 efficit.
1301 458 1419 493 Marte
1435 460 1545 494 radiis
1561 461 1653 495 Solis
1671 464 1861 505 occultato,
1888 478 2023 507 servos,
2049 467 2150 508 viles,

1151 516 1212 543 aut
1228 510 1436 555 peregrinos
1455 511 1661 551 admittent;
1696 513 1834 548 Venere
1859 515 1896 549 in
1919 517 2041 551 radios
2056 518 2150 553 Solis

1150 573 1266 595 mersa
1280 587 1289 601 ‚
1313 574 1392 595 cum
1410 562 1673 607 superioribus,
1701 571 1763 598 aut
1780 567 1955 608 dominis,
1981 569 2149 613 pellicum

1151 618 1212 645 aut
1240 612 1521 647 concubinarum
1551 626 1652 647 more
1684 618 1932 652 concumbent.
1992 619 2099 664 Quod
2121 620 2151 654 si

1152 662 1251 707 signa
1281 664 1512 708 adspectusve
1534 665 1697 709 planetas
1720 667 1982 709 effeminarint,
2018 672 2061 703 ad
2088 683 2151 715 pa-

1151 714 1312 747 tiendum
1336 715 1452 748 solum
1478 713 1616 750 habiles
1642 723 1675 751 et
1696 730 1849 762 pronas;
1890 719 1920 753 si
1953 722 2148 755 masculina

1150 765 1285 798 fuerint
1302 765 1380 798 loca
1399 766 1624 810 planetarum
1637 794 1647 808 ,
1673 769 1718 801 ad
1743 769 1830 803 alias
1851 770 2045 805 irritandas
2068 785 2152 816 pro-

1151 816 1256 850 clives
1273 817 1351 850 fore
1368 818 1628 852 demonstrant.
1673 819 1867 861 Saturnus,
1893 819 1949 855 his
1967 822 2015 856 ita
2033 823 2151 867 dispo-

1152 867 1226 901 sitis
1257 867 1412 912 planetis
1441 881 1642 911 connexus,
1677 871 1706 905 si
1730 871 1839 905 fuerit
1864 879 1898 905 et
1921 872 1999 917 ipse
2018 874 2152 907 effemi-

1150 925 1279 960 natus,
1311 920 1438 953 foedae
1463 920 1622 955 libidinis
1647 928 1752 955 autor
1778 929 1840 957 est.
1907 924 1945 958 Si
1969 925 2153 959 orientalis

1151 970 1327 1011 extiterit,
1370 977 1405 1004 et
1435 972 1672 1014 masculinus,
1712 973 1890 1018 vituperia
1917 976 2084 1009 conciliat
2106 976 2152 1009 ob

1151 1034 1227 1055 rem
1247 1034 1451 1063 veneream,
1468 1030 1501 1056 et
1519 1023 1671 1057 infamat
1688 1025 1888 1069 insigniter.
1916 1025 2051 1072 Iupiter
2068 1039 2152 1061 con-

1151 1079 1205 1106 tra
1225 1073 1435 1106 moderatur
1452 1073 1535 1107 talia
1553 1080 1587 1107 et
1604 1077 1801 1120 componit.
1861 1077 2062 1113 Mercurius
2086 1091 2152 1123 pu—

1151 1124 1277 1165 blicat,
1304 1136 1344 1157 ac
1359 1125 1565 1170 pervulgat,
1593 1132 1700 1172 atque
1712 1127 1825 1162 invisa
1844 1129 1972 1165 reddit.

1548 1237 1604 1270 De
1630 1237 1758 1272 liberis.

1254 1310 1451 1356 Postquam
1486 1324 1578 1358 quae
1609 1314 1652 1346 de
1684 1314 1851 1358 coniugio
1892 1315 2153 1349 consideranda

1153 1367 1256 1403 sunt,
1292 1362 1518 1403 edocuimus,
1548 1370 1678 1405 restat,
1711 1372 1751 1399 ut
1783 1367 1825 1399 de
1857 1366 1977 1401 liberis
2004 1367 2154 1401 dissera-

1154 1425 1244 1446 mus.
1304 1413 1359 1446 De
1375 1411 1430 1447 his
1450 1415 1659 1448 consulendi
1683 1423 1826 1450 sunt'et
1848 1418 2052 1462 pensitandi
2078 1419 2154 1463 pla-

1153 1470 1275 1504 netae,
1301 1464 1341 1497 in
1358 1464 1446 1497 coeli
1471 1465 1625 1499 culmine
1651 1467 1706 1500 vel
1732 1470 1939 1502 succedente
1964 1469 2039 1515 (cui
2066 1469 2155 1502 boni

1154 1515 1340 1549 daemonis
1352 1516 1545 1560 appellatio
1561 1517 1693 1551 tributa
1711 1519 1779 1564 est)
1796 1519 2040 1560 consistentes,
2055 1518 2155 1554 hisve

1155 1566 1379 1611 configurati.
1433 1567 1470 1601 Si
1489 1568 1577 1602 tales
1594 1569 1684 1602 nulli
1709 1570 1956 1615 reperientur,
1989 1571 2060 1612 illi,
2093 1571 2155 1617 qui

1155 1618 1321 1662 opposita
1354 1618 1431 1652 loca
1469 1619 1636 1654 obsident
1677 1621 1733 1654 vel
1771 1621 1976 1663 intuentur,
2025 1634 2155 1667 expen—

1155 1669 1263 1702 dendi
1288 1676 1404 1704 erunt.

1259 1737 1458 1771 Censentur
1478 1745 1598 1772 autem
1624 1739 1749 1784 largiri
1772 1741 1911 1786 prolem
1939 1740 2065 1782 Luna,
2098 1740 2154 1776 Iu-

1154 1788 1248 1834 piter
1269 1795 1303 1822 et
1317 1788 1458 1828 Venus;
1493 1796 1617 1824 contra
1640 1803 1791 1836 negare,
1819 1793 1980 1833 auferre,
2005 1793 2063 1826 vel
2088 1793 2155 1825 mi-

1155 1852 1266 1874 nuere
1293 1840 1376 1882 Sol,
1410 1840 1509 1876 Mars
1534 1848 1567 1875 et
1584 1841 1770 1877 Saturnus.
1823 1844 2025 1878 Mercurius
2047 1850 2157 1889 prout

1155 1889 1210 1926 his
1234 1891 1349 1926 illisve
1376 1905 1412 1927 se
1438 1905 1589 1938 corpore
1609 1894 1665 1927 vel
1693 1895 1863 1938 adspectu
1886 1895 2066 1936 insinuat,
2107 1895 2156 1929 sic

1156 1943 1283 1977 effectu
1315 1955 1351 1977 se
1386 1957 1530 1990 quoque
1572 1951 1606 1978 et
1646 1945 1905 1989 significatione
1941 1948 2156 1980 conformat.

1156 1994 1350 2028 Orientalis
1374 1996 1435 2028 dat
1460 1996 1621 2041 prolem,
1664 1997 1892 2031 occidentalis
1917 1999 2042 2032 aufert.
2108 1998 2156 2031 Hi

1156 2046 1264 2090 igitur
1281 2046 1466 2091 planetae,
1499 2047 1561 2093 qui
1584 2047 1722 2092 prolem
1746 2049 1981 2093 pollicentur,
2013 2049 2081 2082 soli
2106 2049 2156 2082 sic

1155 2097 1263 2142 positi
1279 2098 1423 2131 unicam
1441 2099 1602 2142 prolem;
1637 2099 1675 2132 in
1698 2100 1920 2144 bicorporeis
1936 2100 2065 2144 signis,
2094 2106 2155 2133 aut

1155 2148 1356 2189 femininis,
1397 2155 1460 2183 aut
1487 2150 1690 2191 foecundis,
1740 2152 1859 2197 qualia
1893 2157 1975 2185 sunt
2007 2150 2154 2191 Cancer,

1156 2200 1323 2245 Scorpius
1348 2207 1382 2234 et
1399 2200 1536 2242 Pisces,
1565 2202 1744 2246 geminam
1769 2209 1830 2236 aut
1854 2201 2155 2236 numerosiorem.

1156 2251 1350 2286 Masculam
1377 2252 1621 2286 conditionem
1645 2253 1762 2287 sortiti
1797 2266 1815 2285 a
1847 2254 1969 2297 signo,
2011 2254 2049 2285 in
2081 2265 2154 2298 quo

1155 2309 1362 2343 versantur,
1390 2310 1496 2350 atque
1513 2305 1681 2348 adspectu
1699 2305 1744 2337 ad
1762 2304 1900 2344 Solem,
1935 2316 2069 2343 mares;
2104 2305 2156 2337 ef-

1154 2355 1335 2395 feminati,
1363 2355 1522 2389 femellos
1540 2356 1749 2390 decernunt.
1810 2355 1976 2400 Superati
2000 2368 2017 2388 a
2042 2355 2152 2388 male-

1155 2406 1240 2447 ficis,
1269 2412 1329 2440 aut
1347 2406 1386 2438 in
1404 2406 1581 2440 sterilibus
1600 2406 1708 2450 signis
1726 2406 1903 2447 collocati,
1932 2407 2051 2452 qualia
2071 2413 2153 2441 sunt

1154 2457 1228 2491 Leo
1246 2465 1280 2491 et
1298 2458 1430 2501 Virgo,
1458 2458 1631 2502 praebent
1648 2458 1790 2504 quidem
1810 2459 1946 2503 prolem
1959 2485 1967 2498 ,
2003 2459 2063 2491 sed
2087 2470 2152 2490 nec

1154 2507 1361 2554 pulchram,
1389 2521 1453 2541 nec
1479 2509 1689 2543 durabilem.
1750 2510 1811 2543 Sol
1835 2521 1919 2542 vero
1945 2516 1978 2542 et
2002 2509 2151 2542 malefici

1155 2561 1334 2606 praedicta
1354 2561 1429 2593 loca
1449 2561 1688 2604 possidentes,
1715 2561 1743 2594 si
1761 2561 1866 2595 simul
1883 2561 1938 2593 vel
1954 2560 2150 2594 masculina

1155 2618 1259 2652 tunc,
1295 2612 1350 2644 vel
1373 2612 1504 2645 sterilia
1529 2612 1628 2656 signa
1652 2619 1815 2652 teneant,
1852 2619 1885 2645 et
1908 2612 2148 2645 beneficorum

1154 2664 1278 2697 faustis
1294 2676 1333 2696 ac
1349 2663 1509 2697 felicibus
1535 2664 1643 2697 radiis
1667 2665 1876 2703 foveantur,
1911 2663 2048 2707 prolem
2072 2662 2150 2707 qui-

1155 2716 1234 2747 ‹lem
1269 2716 1505 2759 promittunt,
1548 2716 1607 2749 sed
1632 2715 1867 2754 imbecillam,
1907 2713 2150 2747 invaletudine
