2373 2980
221 112 294 148 427

270 199 342 231 Cre.
370 193 497 237 Fugilo
515 193 550 224 in
570 188 727 234 Delphos
746 190 930 223 transiens.

267 248 362 280 Men.
391 244 468 289 Qua
487 243 541 275 via
561 247 700 285 oportet
718 240 895 272 discedere
913 239 1094 285 pater⁷⁰)?

267 300 339 331 Cre.
367 294 405 327 lu
424 302 552 327 terram
572 291 793 324 Aelolorum.
847 292 942 324 Men.
970 290 1021 323 Ex
1039 291 1096 323 illa
1120 302 1203 323 vero

626 354 696 386 quo
715 339 874 383 fugiam?

267 400 340 431 Cre.
368 395 423 427 Ad
439 394 553 427 solum
570 391 881 435 Thesprotioruin.
935 393 1031 425 Men.
1051 390 1204 434 Religio-

626 455 699 476 sam
722 444 764 474 ad
783 443 900 475 sedem
921 441 1121 474 Dodonae?

214 497 288 530 990
318 498 389 530 Cre.
416 494 501 528 Scis.
554 495 649 528 Men.
679 493 767 537 Quis
783 499 944 537 receptus
963 490 1049 524 mihi
1066 491 1156 524 erit?

266 550 340 582 Cre.
368 546 463 579 Deus
478 552 511 578 te
529 545 768 577 comitabitur.
821 545 918 577 Men.
947 543 1049 576 Unde
1075 548 1127 575 est
1148 553 1204 574 co-

624 595 679 638 pia
703 593 897 638 pecuniae?

267 651 340 683 Cre.
368 646 443 690 Ego
464 646 556 678 dabo
574 657 713 678 aurum.
752 645 848 678 Men.
875 644 972 676 Bene
990 643 1076 677 dicis
1092 649 1205 687 pater.

267 701 339 733 Cre.
375 697 472 730 Vade
499 708 603 730 nunc.
655 697 752 730 Men.
790 695 932 728 Vadens
957 696 1002 727 ad
1025 701 1122 727 tuam
1149 705 1206 726 so-

621 758 740 779 rorem
751 772 761 785 ,

264 800 372 833 Cuius
389 799 545 843 primum
561 798 670 831 ubera
691 796 799 836 traxi,
826 795 985 829 Iocasten
1003 795 1082 828 dico
1094 821 1103 834 ‚

214 849 288 885 995
317 850 405 884 Cum
432 861 541 883 essem
566 849 726 892 privatus
753 854 886 886 maire,
927 853 961 879 et
993 846 1134 879 avulsus
1163 845 1206 876 ab

623 911 663 932 ea
674 899 720 943 ⁷¹)
737 895 938 942 orphanus:

264 952 454 996 Tanquam
469 951 685 984 salutaturus
700 950 791 981 vado
806 955 838 980 et
851 948 975 980 urbem
990 952 1206 980 servaturus.

267 1004 337 1037 Cre.
365 1003 460 1044 Age,
488 1012 550 1039 ne,
578 1001 674 1044 quod
692 999 736 1030 ad
752 1005 786 1031 te
802 998 946 1037 attinet,
980 997 1045 1030 tibi
1067 996 1135 1040 ipsi
1161 995 1207 1029 sis

626 1048 894 1092 impedimento.

265 1104 361 1137 Men.
403 1102 436 1134 O
472 1101 654 1140 mulieres,
696 1111 804 1144 quain
840 1100 930 1131 bene
965 1097 1060 1142 patri
1094 1097 1207 1130 exemi

626 1156 782 1189 metum,

266 1203 455 1247 Decipiens
478 1215 557 1235 eum
583 1201 720 1240 verbis,
757 1207 795 1234 ut
821 1211 1077 1244 consequerer,
1117 1210 1207 1243 quae

629 1253 729 1285 volo:

218 1305 314 1339 1000
342 1304 412 1349 Qui
430 1304 567 1347 ablegat
583 1316 639 1336 me
658 1315 699 1336 ex
717 1302 824 1341 urbe,
852 1300 997 1345 privans
1014 1299 1078 1334 ista
1096 1305 1209 1337 sorte,

263 1355 309 1388 Et
323 1357 384 1388 dat
400 1368 455 1388 me
472 1354 667 1388 timiditati.
721 1354 789 1386 Sed
807 1352 1062 1396 ignoscendum
1080 1356 1132 1384 est

266 1407 368 1444 Seni;
397 1419 461 1450 ego
478 1418 562 1439 vero
581 1418 655 1438 non
671 1415 829 1438 mererer
848 1403 988 1436 veniam
1001 1428 1011 1441 ,

267 1458 303 1490 Si
321 1459 440 1490 fierem
458 1458 623 1501 proditor
638 1456 796 1500 patriae,
824 1466 914 1499 quae
930 1465 986 1485 nie
1002 1450 1135 1495 genuit.

268 1508 316 1540 Ut
336 1508 442 1551 igitur
459 1508 594 1547 sciatis,
622 1507 714 1539 vado
734 1513 767 1539 et
783 1504 933 1539 servabo
950 1503 1075 1536 urbem
1087 1527 1097 1541 ,

218 1558 316 1592 1005
344 1558 390 1591 Et
407 1559 499 1591 dabo
516 1559 625 1590 xitam
637 1584 646 1597 ,
673 1557 869 1589 moriturus
886 1567 952 1598 pro
970 1552 1036 1586 hac
1055 1559 1161 1585 terra.

267 1611 420 1653 „Turpe
439 1609 532 1641 eniin
552 1614 621 1647 est,
649 1607 679 1640 si
694 1606 796 1639 liberi
813 1607 856 1638 ab
875 1603 1046 1642 oraculis,

269 1661 344 1701 „Et
359 1672 432 1692 non
449 1659 592 1703 impulsi
612 1658 818 1691 necessitate
835 1655 1024 1694 divinitus,

269 1713 440 1755 „stantes
457 1712 501 1743 ad
519 1710 680 1754 clypeos,
709 1720 782 1741 non
801 1708 998 1740 detrectent
1013 1704 1125 1744 mori,

269 1764 503 1807 „Pugnantes
521 1773 585 1805 pro
603 1760 718 1804 patria
738 1764 818 1792 ante
837 1764 972 1795 tur1·es;

221 1816 317 1851 1010
346 1812 450 1856 „Ego
467 1824 552 1845 vero
570 1818 709 1856 patrem
724 1817 758 1843 et
776 1811 921 1842 fratrem
940 1807 1115 1852 prodens,

270 1865 345 1907 „Et
361 1864 485 1897 urbem
504 1875 639 1902 meam,
664 1868 836 1906 tanquam
855 1859 1000 1892 timidus
1017 1870 1059 1891 ex
1076 1864 1171 1890 terra

269 1916 505 1958 „Discedainz
530 1914 889 1958 ubicunquexixero,
916 1909 1096 1954 apparebo
1114 1907 1212 1951 igna—

629 1976 704 1997 vus.

268 2018 351 2053 Non
368 2028 431 2062 per
448 2014 587 2054 Iovem,
622 2014 684 2059 qui
711 2020 762 2047 est
785 2013 823 2045 in
846 2012 966 2050 astris,
1001 2017 1034 2043 et
1058 2010 1210 2043 Martem

627 2064 786 2097 caedium
808 2069 968 2096 autorem
981 2088 991 2101 ,

269 2117 341 2162 Qui
359 2122 499 2150 exortos
516 2128 533 2149 e
551 2122 643 2149 terra
664 2115 859 2160 aliquando

224 2167 320 2202 1015
346 2167 449 2202 Satos
467 2179 566 2211 reges
584 2165 689 2200 huius
705 2173 820 2199 terrae
839 2162 1032 2197 constituit.

270 2219 338 2252 Sed
358 2219 467 2259 abeo,
495 2224 529 2251 et
545 2224 641 2251 stans
657 2224 753 2250 extra
772 2214 914 2248 moenia

267 2269 484 2304 Interficiens
500 2281 556 2302 ine
579 2270 623 2301 ad
641 2275 757 2301 atrum
775 2279 918 2311 specum

271 2320 466 2360 Draconis,
492 2320 553 2353 ubi
571 2326 667 2353 vates
686 2319 793 2358 dixit,

270 2370 448 2404 Liberabo
467 2377 616 2403 terram:
643 2370 716 2403 dixi
733 2368 961 2403 sententiam.

226 2440 428 2447 -—----j.--—

255 2489 303 2515 70)
325 2490 383 2518 Qua
403 2489 446 2511 via
465 2490 572 2517 oportet
589 2488 734 2511 discedere
754 2485 869 2517 pater22]
884 2487 924 2510 sic
933 2485 1015 2510 Editt.
1031 2485 1116 2511 1558..
1139 2484 1214 2509 1562.

290 2532 323 2544 =
342 2523 434 2551 Eurip.
461 2523 508 2545 Ed.
538 2523 620 2545 Basil.
649 2523 736 2545 1551‚:
774 2521 813 2554 πῇ
839 2529 872 2553 με
897 2517 950 2552 χρῆ
982 2517 1069 2549 πάτερ
1100 2517 1214 2549 ,nomm

292 2558 409 2588 (Musgr,
432 2558 459 2579 et
477 2556 535 2579 Fix.
555 2556 611 2578 Ποῖ
628 2563 661 2586 με
680 2554 749 2586 χρή,
771 2554 874 2586 πάτερ,
893 2553 1006 2585 μολεῐι’;
1032 2554 1153 2582 Quonam
1174 2559 1214 2575 nie

291 2593 398 2620 oportet
418 2590 474 2619 ire,
493 2595 508 2613 o
530 2587 629 2618 pater?
657 2591 737 2614 Barn.
757 2590 807 2612 ποῖ
823 2597 857 2621 με
877 2587 928 2620 χρὴ
947 2587 1059 2620 μολεῐνς
1092 2588 1214 2616 Quonam

294 2631 336 2649 me
356 2626 464 2654 oportet
482 2621 566 2654 ire‘Z).

257 2667 304 2693 71)
323 2668 356 2690 ab
377 2664 421 2697 ea]
435 2666 475 2689 sic
487 2667 579 2695 Barth,
598 2666 715 2695 Musgr„
735 2665 815 2694 Fix.;
836 2664 1016 2695 Editt.1558.‚
1033 2663 1108 2687 1562.
1128 2662 1213 2687 male:

291 2702 324 2724 al»
344 2707 384 2724 eo.

794 104 914 138 PlllL.
951 104 1063 139 MEL.
1098 103 1300 140 SCRIPTA
1334 104 1670 140 PHILOLOGICA.

2173 107 2247 144 428

1261 192 1358 226 1020
1383 190 1485 223 Vado
1498 216 1507 229 ,
1533 190 1668 223 donum
1686 188 1811 222 mortis
1829 201 1902 222 non
1919 196 2022 234 turpe
2040 191 2120 223 urbi

1308 242 1467 275 Daturus
1478 267 1486 280 ‚
1514 240 1674 273 liberabo
1690 239 1843 283 patriam
1863 240 1907 273 ab
1922 238 1990 273 hoc
2008 241 2101 273 malo
2111 240 2169 285 ⁷²).

1309 292 1377 331 „Si
1401 292 1495 324 enim
1531 291 1706 334 accipiens
1736 291 1979 336 unusquisque
2010 292 2248 337 quodcunque

1669 347 1782 385 possit

1311 418 1331 431 „
1341 391 1482 424 Bonum
1494 417 1503 430 ,
1531 391 1577 423 ita
1597 398 1697 435 agat,
1724 397 1764 424 ut
1779 391 1817 424 in
1833 403 2021 425 commune
2039 393 2074 426 id
2091 393 2250 426 conferat

1309 468 1330 481 ,‚
1342 442 1503 475 Patriae:
1532 441 1690 476 civitates
1705 443 1846 475 minora
1864 443 1958 475 mala

1263 491 1359 527 1025
1386 492 1664 536 „Experientes‚
1692 493 1728 526 in
1746 499 1928 537 posterum
1947 494 2070 526 beatae
2086 500 2211 528 essent.

1631 573 1883 623 [Stropha]

1312 644 1408 678 ler.
1441 643 1640 676 Ascendisti
1651 670 1661 683 ,
1695 645 1901 684 ascendisti,
1936 657 1956 677 o
1981 645 2072 677 alata
2083 670 2093 683 ,

1671 701 1813 737 partus,

1310 743 1355 776 Et
1365 744 1507 788 viperae
1525 745 1788 783 subterraneae,
1809 745 1853 776 ad
1865 744 2055 787 rapiendos
2064 744 2251 785 Cadmeos,

1263 795 1359 828 1030
1375 795 1488 829 Causa
1506 795 1702 828 multorum
1718 794 1925 834 eiulatuum,
1941 796 2093 839 perdens
2103 795 2252 837 multos,

1650 842 1670 860 '¹⁵
1682 845 1810 889 partim
1830 845 1930 889 virgo
1943 872 1952 886 ,
1978 847 2109 890 partim
2127 845 2252 893 leon),

1312 896 1448 929 Hostile
1468 901 1666 928 monstrum

1309 946 1518 990 [inpetuosis
1537 947 1600 979 alis
1612 972 1621 986 ,

1310 997 1497 1041 Unguibus
1513 998 1620 1030 cruda
1641 997 1860 1041 rapientibus
1872 1024 1882 1037 ,

1310 1047 1412 1092 Quae
1429 1048 1622 1093 aliquando
1639 1060 1681 1080 ex
1699 1047 1859 1082 Dircaeis

1312 1097 1416 1132 Locis
1434 1099 1674 1132 adolescentes
1690 1099 1853 1133 attollens
1864 1125 1873 1138 ,

1265 1147 1361 1183 1035
1388 1148 1605 1182 Inconcinno
1614 1148 1661 1193 ⁷4)
1682 1148 1832 1188 eiulatu,

1312 1200 1358 1233 Et
1374 1199 1581 1244 perniciosis
1597 1198 1698 1232 furiis

1313 1251 1508 1285 Auserebas
1535 1250 1649 1283 luctus
1663 1249 1801 1293 patriae
1811 1275 1820 1289 ,

1313 1302 1446 1335 Caedes
1464 1309 1530 1341 tu,
1547 1300 1661 1334 letalis
1672 1326 1681 1340 ‚
1708 1300 1879 1333 divinitus
1894 1298 2049 1333 immissa
2061 1325 2071 1339 ,

1314 1353 1418 1386 Unde
1437 1351 1524 1385 haec
1543 1351 1769 1394 contigerunt
1779 1350 1836 1395 75).

1266 1402 1363 1438 1040
1390 1403 1505 1436 Erant
1519 1404 1633 1435 luctus
1649 1408 1802 1434 matrum
1815 1427 1825 1440 ,

1311 1454 1357 1488 Et
1373 1455 1486 1487 luctus
1503 1453 1681 1496 virginum

1313 1505 1498 1538 Sonabant
1508 1504 1555 1551 76)
1574 1503 1612 1536 in
1629 1504 1794 1537 domibus

1312 1556 1517 1599 Lugubrem
1537 1566 1673 1593 vocem,

1313 1605 1480 1649 Lugubre
1505 1616 1661 1638 carmen.

1265 1655 1363 1692 1045
1391 1657 1491 1698 Alius
1507 1656 1616 1688 alium
1632 1655 1774 1698 lugebat
1789 1650 1981 1687 successive
1998 1661 2062 1696 per
2078 1650 2215 1684 urbem.

1314 1707 1446 1740 Luctus
1464 1713 1540 1739 erat
1555 1706 1680 1740 similis
1696 1704 1855 1738 tonitruo
1869 1729 1877 1742 ,

1314 1758 1360 1792 Et
1376 1758 1499 1792 similis
1517 1756 1723 1790 vociferatio
1735 1782 1744 1796 ,

1316 1809 1472 1854 Quando
1491 1821 1531 1841 ex
1548 1809 1635 1841 urbe
1655 1806 1783 1840 occidit

1315 1861 1418 1893 Alata
1435 1858 1571 1904 Sphinx
1590 1859 1743 1904 aliquem
1762 1857 1886 1890 civem.

2135 650 2250 677 terrae

1585 1941 1936 1991 [Antisti-ephe]

1268 2012 1366 2048 1050
1394 2013 1520 2047 Postea
1538 2011 1635 2044 venit
1653 2008 1803 2056 Pythiae
1819 2010 1928 2044 missu

1318 2065 1477 2109 Oedipus
1494 2063 1601 2096 miser

1315 2115 1355 2148 In
1373 2122 1504 2148 terram
1523 2112 1734 2147 Thebanam

1301 2284 1349 2311 72)
1370 2284 1400 2306 fl.
1415 2283 1432 2306 1.
1452 2282 1476 2305 in
1492 2282 1573 2304 Editt.
1588 2281 1671 2311 1558„
1692 2279 1766 2303 1562.
1786 2278 1851 2302 nota
1865 2282 1966 2307 mni-gs
1987 2277 2069 2299 Amor
2082 2274 2253 2304 reipublicae.

1301 2326 1348 2354 73)
1368 2326 1416 2348 His
1437 2325 1527 2348 verbis
1551 2325 1577 2347 in
1598 2330 1683 2350 marg.
1702 2321 1785 2346 Editt,
1808 2321 1881 2344 1558.
1895 2337 1902 2349 ,
1924 2319 1998 2343 1562.
2022 2317 2115 2342 addita
2138 2317 2181 2340 est
2206 2322 2255 2340 ex-

1334 2360 1458 2390 plicatio:
1489 2359 1633 2389 Sphingem
1653 2357 1724 2380 dicit.

1301 2401 1348 2433 74)
1369 2401 1544 2429 lnconcinno]
1564 2400 1613 2424 Ed.
1632 2399 1705 2423 1558.
1725 2404 1821 2421 errore
1840 2399 1967 2427 typogr.:
1996 2394 2187 2419 inconcinnuo.

1301 2446 1347 2472 75)
1370 2446 1402 2468 Et
1422 2443 1585 2472 perniciosis
1604 2456 1636 2459 —
1655 2441 1854 2471 contigerunt]
1875 2440 1970 2463 horum
1988 2440 2004 2462 4
2021 2444 2078 2461 vss.
2099 2437 2158 2460 loco
2175 2435 2254 2459 Barn.

1336 2481 1363 2503 et
1381 2480 1485 2508 Musgr.
1504 2479 1585 2500 hosce
1605 2476 1746 2499 exhibent:

1421 2514 1455 2535 Et
1475 2511 1635 2541 perniciosis
1656 2510 1751 2539 sui-iu,

1419 2546 1561 2574 Attulisti,
1586 2544 1704 2568 attulisti
1727 2544 1836 2567 dolores
1856 2542 1962 2573 patriae

1421 2581 1566 2604 Cruento&
1603 2580 1739 2602 cruentus
1756 2578 1886 2608 profecto
1903 2576 1965 2608 fuit
1983 2576 2033 2600 ille
2051 2580 2085 2598 ex
2105 2572 2174 2604 diis,

1422 2615 1579 2644 Quicunque
1598 2614 1665 2636 haee
1684 2612 1756 2636 fecit.

1302 2659 1350 2690 76)
1371 2658 1526 2685 sonabant]
1545 2656 1586 2679 sic
1602 2655 1643 2686 (:
1661 2655 1753 2684 Eurip.
1773 2652 1931 2682 ἐστέναζον)
1947 2651 2007 2676 Fix.
2027 2652 2133 2680 (Barn.‚
2152 2650 2256 2679 Musgr.

1337 2690 1542 2719 ResonabautJ:
1570 2689 1746 2713 Editt.1555.
1782 2688 1856 2714 1562.
1875 2687 1960 2711 male:
1988 2685 2137 2710 sonabunt.
