2373 2980
214 103 263 139 19

214 201 329 234 posse.
382 188 485 224 Nunc
501 201 585 221 vero
603 188 781 227 remedia,
810 200 900 233 quae
918 194 1069 222 naturae
1087 189 1212 222 ordine

217 240 415 274 contrarias
443 240 644 273 ess'ectiones
669 238 822 277 liabent,
858 241 1014 273 secundo
1045 240 1108 273 fati
1137 240 1216 273 loco

216 299 409 336 ponentes,
444 291 748 335 praedictionibus
771 291 814 322 ad
838 304 941 324 usum
967 292 1128 324 omnium
1156 292 1216 324 ad-

217 344 426 376 iunxerunt:
456 354 607 387 quorum
629 342 829 374 doctrinam
849 349 977 375 vocant
995 342 1215 375 coniunctio-

216 407 297 427 nem
317 393 512 426 medicinae
531 399 563 425 et
581 390 872 433 mathematicae,
907 400 946 427 ut
971 406 1012 426 ex
1036 400 1214 427 astrorum

217 444 518 488 contemplatione
535 450 830 488 temperamenta,
855 451 889 478 et
904 445 1042 479 futuros
1057 451 1215 484 eventus,

217 503 250 529 et
274 496 437 540 proprias
464 507 586 527 eorum
613 508 734 529 causas
758 496 967 529 iudicarent.
1004 494 1112 539 (Nam
1139 496 1214 529 sine

216 545 344 580 horum
377 546 580 590 cognitione
613 559 717 590 saepe
748 547 854 579 etiam
885 547 1041 580 remedia
1074 547 1215 586 fallunt,

217 610 296 631 cum
330 609 402 630 nou
431 598 597 631 omnibus
628 599 839 642 corporibus
867 605 901 631 et
928 598 1063 631 morbis
1089 598 1213 631 eadem

218 649 445 694 congruant.)
500 650 547 682 At
573 661 614 681 ex
637 649 772 682 medica
802 655 876 682 arte
901 649 1104 683 aversiones
1122 650 1215 681 futu-

216 712 339 733 rorum
362 700 573 732 morborum
601 706 634 733 et
656 699 811 733 remedia
835 701 1075 744 praesentium
1099 712 1215 734 sume-

218 758 318 792 rent,
344 763 417 784 non
436 751 614 790 fallentia,
643 758 816 796 quantum
838 751 914 784 fieri
934 757 1069 796 potest,
1098 764 1139 784 ex
1161 751 1215 791 iis,

219 815 310 849 quae
329 802 475 846 singulis
493 809 693 846 congruunt
710 809 771 835 aut
787 803 1034 836 adversantur.

321 854 416 886 Haec
435 853 590 885 breviter
609 851 778 887 hactenus
803 854 893 886 dicta
915 860 1016 891 sunt;
1050 852 1216 897 deinceps

219 917 304 938 vero
324 911 511 949 praecepta
530 905 732 945 trademus,
760 911 799 938 ut
816 905 851 937 in
870 906 1031 938 docendo
1057 904 1133 937 fieri
1160 916 1215 937 so-

218 957 286 995 let,
316 956 494 989 ordientes
512 968 529 987 a
552 956 755 989 coelestium
782 956 952 1001 qualitate
975 956 1069 989 iuxta
1097 956 1216 988 obser-

219 1007 382 1041 vationes
401 1013 581 1047 veterum,
610 1008 653 1039 ad
672 1005 855 1052 physicam
882 1007 1059 1040 rationem
1087 1018 1215 1039 conve-

219 1059 368 1092 nientes.
421 1059 472 1092 Ac
500 1057 657 1101 primum
685 1059 728 1091 de
752 1059 935 1092 stellarum
962 1058 1158 1091 errantium
1182 1064 1216 1090 et

219 1110 310 1144 Solis
328 1116 361 1143 et
379 1108 502 1143 Lunae
520 1115 695 1153 potestate
714 1110 883 1144 dicemus.

384 1196 439 1228 De
463 1194 637 1228 stellarum
663 1196 853 1228 errantium
876 1198 1048 1237 potestate.

323 1261 491 1301 Constat,
526 1261 644 1295 Solem
670 1261 741 1293 vim
768 1259 899 1293 habere
927 1260 1155 1294 calefaciendi
1183 1267 1218 1294 et

218 1314 403 1347 moderate
419 1313 638 1346 desiccandi:
661 1325 750 1358 quae
769 1312 970 1346 effectiones
986 1312 1123 1346 facilius
1138 1324 1216 1356 per-
1240 1306 1246 1363 Ι

218 1365 400 1409 cipiuntur
415 1370 563 1409 propter
583 1364 657 1397 eius
673 1363 956 1407 magnitudinem
970 1390 979 1403 ,
1015 1369 1048 1396 et
1073 1364 1216 1396 eviden-

218 1422 269 1450 tes
286 1416 503 1449 mutationes
520 1415 557 1448 iu
581 1415 667 1447 anni
691 1415 837 1448 vicibus.
899 1414 980 1459 Quo
1009 1414 1102 1447 enim
1132 1427 1216 1458 pro-

216 1468 297 1512 pius
314 1468 359 1500 ad
377 1467 544 1500 verticem
563 1472 725 1500 nostrum
752 1465 908 1505 accedit,
942 1478 983 1498 eo
1007 1465 1120 1509 magis
1144 1466 1216 1498 effi-

218 1519 266 1552 cit
290 1519 445 1552 calorem
469 1524 503 1551 et
525 1517 732 1551 siccitatem.
799 1515 902 1550 Luna
928 1529 1014 1549 vero
1039 1517 1217 1549 antecellit

217 1568 479 1610 humectando,
507 1569 590 1614 quia
609 1575 725 1602 terrae
747 1567 909 1612 proxima
937 1574 1007 1608 est,
1043 1574 1077 1601 ct
1099 1567 1216 1601 vicina

217 1620 375 1655 humidis
402 1620 608 1665 vaporibus.
672 1619 859 1653 Manifeste
882 1619 990 1663 igitur
1014 1617 1083 1652 hoc
1107 1620 1216 1652 modo

219 1679 254 1707 et
275 1684 428 1717 corpora
453 1672 591 1712 adficit,
633 1670 756 1703 mollia
788 1670 924 1710 reddit,
965 1677 999 1703 et
1028 1671 1219 1715 putrefacit

218 1725 450 1770 plerumque;
479 1723 741 1768 aliquantulum
762 1734 846 1754 vero
873 1728 908 1754 et
930 1722 1107 1762 calefacit,
1135 1734 1218 1766 pro-

218 1783 339 1821 pterea
358 1775 454 1820 quod
472 1786 490 1807 a
508 1775 588 1808 Sole
608 1774 728 1806 lumen
746 1773 883 1817 accipit.
946 1773 1121 1807 Saturnus
1143 1786 1219 1805 ma-

219 1827 271 1872 gis
289 1825 484 1870 frigefacit,
510 1832 543 1858 et
560 1825 821 1870 aliquantulum
840 1823 1009 1863 desiccat,
1038 1824 1121 1869 quia
1140 1825 1217 1857 lon-

219 1878 380 1923 gissime,
407 1883 447 1910 ut
461 1876 620 1915 videtur,
649 1888 666 1908 a
685 1876 802 1908 calore
821 1875 912 1909 Solis
935 1881 969 1908 et
994 1875 1037 1908 ab
1061 1873 1218 1909 humidis

219 1928 414 1973 vaporibus
438 1928 556 1961 distat.
623 1926 812 1960 Caeterum
836 1926 981 1959 Saturni
1007 1932 1041 1959 et
1065 1927 1216 1960 aliarum

219 1981 401 2015 stellarum
431 1979 524 2012 vires
555 1977 821 2011 constituuntur
852 1990 919 2022 pro
948 1977 1120 2011 varietate
1157 1979 1219 2011 ad-

219 2037 404 2076 spectuum
427 2030 519 2064 Solis
537 2036 570 2062 et
590 2029 726 2062 Lunae.
780 2028 872 2063 Nam
891 2029 1084 2062 secundum
1104 2029 1217 2073 magis

221 2090 255 2117 et
272 2083 411 2121 minus,
441 2079 572 2114 horum
599 2081 784 2124 adspectus
811 2080 902 2113 aeris
926 2080 1215 2114 constitutionem

221 2134 374 2167 variant.
409 2132 514 2166 Stella
532 2131 624 2165 Iovis
642 2137 862 2175 temperatae
878 2138 1028 2164 naturae
1047 2139 1109 2171 est,
1137 2144 1215 2165 cum

220 2185 337 2218 media
366 2185 501 2217 feratur
534 2184 626 2216 inter
648 2183 840 2216 Saturnum
874 2182 1152 2227 frigefacientem
1184 2189 1219 2216 et

221 2236 375 2269 Martem
393 2242 568 2269 urentem.
623 2233 792 2267 Calefacit
817 2240 934 2266 autem
960 2240 994 2266 et
1018 2231 1217 2272 humectat3

221 2289 282 2322 sed
305 2286 388 2331 quia
414 2286 642 2319 calefaciendi
668 2285 720 2318 vis
746 2285 942 2325 antecellit,
983 2285 1148 2319 foecundi
1173 2286 1217 2317 ab

222 2352 264 2372 eo
282 2338 377 2370 venti
394 2338 602 2370 excitantur.

325 2387 365 2421 ln
400 2389 497 2422 stella
535 2388 660 2421 Martis
694 2387 870 2420 antecellit
911 2386 962 2420 vis
997 2385 1216 2423 desiccandi3

222 2440 463 2474 simulantem
479 2439 569 2477 urit,
602 2439 690 2471 sicut
715 2438 879 2483 congruit
902 2437 1005 2481 igneo
1025 2437 1134 2480 ipsius
1160 2449 1217 2469 co-

223 2492 311 2531 lori,
341 2497 375 2523 et
393 2491 484 2524 Solis
501 2489 694 2529 vicinitati,
730 2501 808 2521 cum
826 2489 986 2532 proxime
1005 2489 1035 2521 ei
1051 2487 1142 2521 Solis
1160 2500 1216 2521 or-

222 2544 276 2577 bis
292 2542 468 2576 subiectus
487 2541 543 2575 sit.

327 2593 432 2627 Stella
456 2591 624 2630 Veneris,
665 2590 761 2636 quod
787 2590 830 2622 ad
856 2596 1088 2633 temperatam
1113 2594 1216 2621 natu-

224 2657 302 2678 ram
328 2644 472 2684 attinet,
512 2642 637 2676 similis
661 2648 711 2675 est
733 2640 845 2680 Iovis,
882 2642 940 2673 sed
964 2653 1134 2673 converso
1159 2652 1215 2672 or-

226 2696 320 2730 dine.
381 2695 457 2729 Etsi
481 2695 575 2728 enim
601 2692 778 2733 calefacit,
812 2691 893 2737 quia
913 2691 986 2725 Soli
1009 2692 1124 2725 vicina
1152 2697 1215 2732 est,
1240 2721 1243 2724 .

796 101 920 138 PHIL.
952 99 1066 137 MEL.
1100 99 1302 136 SCRIPTA
1342 100 1680 138 PHILOLOGICA.

2214 103 2266 139 20

1266 195 1387 222 tamen
1419 189 1536 222 minus
1566 188 1725 222 calefacit
1757 201 1863 234 quam
1888 187 2037 234 Iupiter,
2084 194 2117 221 et
2150 188 2264 233 magis

1265 238 1466 280 humectat,
1499 240 1589 273 sicut
1612 247 1645 273 et
1661 239 1761 272 Luna
1777 267 1785 280 ,
1814 246 1960 285 propter
1978 239 2262 284 magnitudinem

1267 291 1428 336 corporis
1444 291 1518 331 sui,
1545 289 1727 325 attrahens
1745 289 1912 325 humidos
1936 304 2087 336 vapores
2113 304 2153 325 ex
2176 291 2263 325 locis

1267 349 1382 375 terrae
1401 343 1538 376 ricinis.

1370 393 1540 426 Mercurii
1565 393 1663 426 stella
1688 393 1760 426 fere
1784 405 1906 437 parem
1932 393 2003 426 vim
2031 392 2157 434 hahet,
2199 393 2263 426 ali-

1268 445 1412 489 quando
1439 444 1475 476 in
1498 445 1707 478 desiccando
1732 451 1765 478 et
1787 445 2018 478 absorbendis
2040 443 2264 478 humiditati-

1267 496 1352 535 bus,
1382 495 1463 540 quia
1482 507 1667 541 nunquam
1687 508 1705 528 a
1725 496 1806 529 Sole
1822 497 1947 540 procul
1965 497 2116 536 recedit,
2139 507 2263 530 secun-

1269 547 1353 579 dum
1372 546 1652 590 longitudinem;
1686 547 1880 593 aliquando
1898 560 1983 581 vero
2002 548 2038 580 in
2055 546 2264 581 humectan-

1268 598 1313 630 do
1326 624 1335 637 ,
1363 597 1445 643 quia
1463 598 1598 632 vicinus
1619 605 1669 633 est
1684 597 1827 638 Lunae,
1862 612 1951 644 quae
1967 606 2082 632 terrae
2100 598 2265 643 proxima

1268 655 1330 682 est.
1383 648 1525 683 Subitas
1548 657 1666 683 autem
1691 650 1907 684 mutationes
1934 651 2040 684 efficit
2066 651 2104 683 in
2128 656 2264 683 utram-

1269 712 1336 745 que
1354 706 1490 744 partem
1503 727 1512 740 ,
1540 701 1707 735 incitatus
1727 701 1906 734 celeritate
1923 715 1985 736 sua
1998 728 2007 742 ,
2035 714 2103 746 qna
2121 698 2265 734 vehitur

1269 751 1359 784 circa
1377 751 1508 785 Solem.

1370 802 1466 836 Haec
1484 816 1561 836 cum
1590 803 1636 836 ita
1662 816 1698 837 se
1723 801 1897 843 habeant,
1932 815 2084 848 cumque
2110 808 2267 847 quatuor

1269 853 1339 887 sint
1353 851 1541 895 humores,
1569 856 1640 887 duo
1657 855 1822 888 foecundi
1841 860 1874 887 et
1890 854 2039 894 vivifici,
2072 854 2205 886 calidus
2231 859 2266 886 et

1269 902 1456 943 humidus;
1484 918 1548 950 per
1567 904 1631 939 hos
1657 907 1750 939 enim
1778 906 1899 939 omnia
1926 906 2127 938 coalescunt
2151 911 2186 937 et
2206 915 2266 936 ro-

1269 956 1455 990 borantur.
1507 957 1664 990 Ecoutra
1679 969 1766 990 vero
1784 959 1855 990 duo
1872 957 1942 991 sint
1968 956 2126 989 exitiales
2152 961 2186 988 et
2205 955 2266 988 de-

1269 1008 1491 1047 trimentosi,
1533 1009 1682 1052 frigidus
1707 1015 1741 1041 et
1761 1009 1892 1049 siccus,
1931 1020 1996 1052 per
2025 1019 2115 1052 quos
2141 1006 2264 1040 omnia

1269 1059 1488 1103 dissipantur
1521 1066 1555 1092 et
1586 1060 1864 1098 interficiuntur;
1912 1059 2061 1092 tradidit
2097 1064 2267 1098 vetustas,

1269 1110 1444 1143 beneficas
1460 1122 1532 1143 esse
1547 1112 1635 1144 duas
1651 1112 1787 1151 stellas,
1815 1110 1934 1144 lovem
1953 1117 1987 1143 et
2001 1109 2196 1146 Venerem
2231 1115 2267 1142 et

1270 1167 1413 1204 praeter
1431 1158 1506 1201 has,
1531 1161 1686 1201 Lunam,
1713 1169 1860 1206 propter
1877 1167 2092 1206 temperatas
2105 1166 2266 1201 naturas,

1271 1211 1353 1256 quia
1372 1212 1567 1245 exuberant
1584 1213 1621 1245 in
1639 1213 1687 1245 eis
1704 1213 1800 1246 calor
1819 1220 1853 1246 et
1867 1210 2010 1246 humor.
2068 1211 2265 1246 Saturnum

1270 1275 1355 1296 vero
1372 1269 1405 1295 et
1421 1263 1573 1296 Martem
1603 1263 1830 1297 tradiderunt
1859 1276 1932 1297 esse
1955 1262 2154 1303 maleficos,
2181 1263 2267 1308 quia

1270 1314 1342 1346 vim
1362 1314 1580 1347 contrariam
1598 1312 1750 1355 habent,
1783 1315 1871 1348 alter
1884 1313 2147 1358 frigefaciendi,
2175 1314 2267 1347 alter

1270 1365 1482 1399 desiccandi.
1550 1365 1668 1398 Solem
1702 1378 1787 1398 vero
1815 1372 1849 1398 ct
1874 1365 2093 1398 Mercurium
2116 1370 2266 1409 propter

1270 1428 1497 1449 communem
1514 1423 1680 1449 naturam
1701 1417 1843 1450 effectus
1858 1416 1895 1448 in
1912 1422 2102 1461 utramque
2126 1422 2267 1460 partem

1270 1464 1419 1508 habere,
1462 1473 1495 1500 et
1527 1468 1797 1501 accommodare
1822 1480 1922 1502 suam
1948 1473 2116 1500 naturam
2141 1468 2185 1500 ad
2209 1478 2268 1501 eas

1270 1519 1405 1558 stellas,
1430 1530 1508 1551 cum
1529 1519 1657 1564 quihus
1671 1525 1774 1560 sunt,
1803 1525 1976 1565 tanquam
1994 1518 2143 1553 medios.

1439 1598 1494 1629 De
1516 1597 1715 1630 masculinis
1739 1601 1771 1630 et
1793 1595 1954 1639 femineis
1974 1596 2092 1630 stellis.

1372 1662 1510 1696 Rursus
1534 1675 1612 1696 cum
1638 1664 1709 1696 duo
1732 1662 1896 1707 primarii
1920 1675 2022 1696 sexus
2046 1662 2133 1703 sint,
2173 1675 2266 1698 mas-

1272 1713 1408 1748 culinus
1433 1720 1467 1747 et
1489 1714 1683 1753 femineus,
1724 1714 1777 1748 vis
1800 1714 2001 1753 stellarum,
2045 1725 2132 1759 quas
2156 1727 2265 1759 supra

1271 1765 1452 1804 recensui,
1486 1763 1670 1797 humidior
1692 1765 1856 1809 congruit
1879 1766 1922 1797 ad
1945 1765 2137 1798 femineam
2162 1772 2266 1801 natu-

1270 1829 1361 1850 ram.
1404 1816 1498 1850 Nam
1514 1816 1668 1849 feminea
1686 1815 1934 1850 universaliter
1948 1813 2152 1850 humidiora
2172 1824 2269 1859 sunt,

1271 1867 1420 1901 calidior
1449 1879 1534 1900 vero
1573 1867 1737 1910 congruit
1773 1868 1817 1899 ad
1856 1867 2092 1901 masculinum
2131 1880 2267 1904 sexum.

1272 1919 1393 1964 Quare
1410 1919 1663 1952 convenienter
1679 1917 1781 1952 Luna
1807 1925 1841 1951 et
1854 1918 1975 1953 Venus
1999 1919 2166 1953 dicuntur
2190 1932 2264 1954 esse

1270 1970 1446 2003 femineae
1462 1970 1603 2010 stellae,
1631 1969 1713 2016 quia
1733 1967 1927 2003 humiditas
1951 1970 1987 2002 in
2015 1969 2064 2004 eis
2085 1971 2264 2011 abundat;

1271 2022 1332 2055 Sol
1347 2027 1485 2061 autem,
1513 2027 1546 2054 et
1567 2021 1740 2054 Saturnus
1765 2027 1800 2053 et
1814 2019 1948 2065 Iupiter
1969 2027 2004 2054 et
2019 2021 2137 2062 Mars,
2172 2035 2266 2057 mas-

1272 2073 1352 2106 culi.
1405 2072 1603 2106 Mercurius
1622 2084 1707 2106 vero
1726 2072 1901 2116 particeps
1920 2079 1970 2106 est
1995 2073 2180 2118 utriusque
2201 2085 2266 2106 na-

1271 2131 1392 2164 turae,
1420 2136 1498 2157 cum
1516 2123 1651 2168 pariter
1676 2129 1709 2156 et
1731 2123 1904 2157 siccitates
1929 2129 1963 2156 et
1987 2121 2217 2159 humiditates
2232 2125 2266 2172 ⁵)

1272 2175 1410 2209 efficiat.

1373 2226 1550 2259 Dicuntur
1573 2231 1689 2259 autem
1714 2225 1834 2259 stellae
1859 2231 1893 2258 et
1915 2225 1986 2257 vim
2012 2227 2204 2260 masculam
2231 2234 2268 2261 et

1270 2277 1460 2311 femineam
1478 2277 1634 2322 recipere
1652 2289 1670 2309 a
1687 2277 1825 2321 positu,
1853 2288 1958 2322 quem
1982 2274 2115 2311 habent
2141 2279 2184 2311 ad
2200 2278 2265 2312 So·-

1270 2330 1353 2362 lem.
1406 2328 1556 2362 Masculi
1572 2328 1665 2362 enim
1681 2334 1764 2361 sunt
1779 2328 1961 2372 planetae,
1990 2341 2067 2361 cum
2086 2336 2169 2363 sunt
2181 2329 2263 2371 Eoi,

1272 2392 1311 2413 ac
1327 2380 1444 2414 Solem
1465 2381 1694 2418 antecedunt;
1723 2385 1865 2413 econtra
1883 2391 1967 2411 vero
1985 2380 2147 2421 feminei,
2181 2393 2262 2415 cum

1270 2438 1352 2465 sunt
1371 2432 1563 2475 vespertini
1580 2438 1614 2465 et
1631 2437 1816 2477 sequentes
1831 2430 1961 2464 Solem.

1373 2482 1511 2515 Deinde
1542 2489 1576 2516 et
1607 2495 1673 2527 pro
1704 2482 1822 2526 positu
1847 2483 1890 2514 ad
1913 2479 2135 2515 horizontem
2161 2482 2263 2516 diffe-

1270 2540 1364 2567 runt.
1434 2534 1582 2569 Masculi
1606 2540 1708 2574 sunt,
1741 2533 1838 2566 velut
1861 2532 2069 2572 orientales,
2110 2533 2146 2566 in
2174 2545 2261 2579 qua-

1270 2586 1394 2618 drante
1413 2586 1456 2618 ab
1474 2591 1555 2619 ortu
1571 2586 1614 2618 ad
1634 2584 1790 2618 medium
1808 2584 1916 2624 coeli,
1941 2589 1974 2617 et
1997 2584 2041 2616 ab
2063 2596 2189 2618 occasu
2215 2586 2261 2618 ad

1302 2670 1334 2697 5)
1354 2669 1543 2697 humiditates]
1569 2667 1609 2692 sic
1633 2667 1791 2698 scripsimus
1816 2676 1849 2688 =
1873 2667 1944 2690 Ptol.
1969 2665 2012 2697 τῆς
2037 2664 2124 2698 ὑγρᾶς
2147 2662 2260 2698 otiatus-5

1338 2704 1386 2729 Ed.
1403 2704 1476 2728 1553.
1498 2709 1594 2727 errore
1613 2704 1741 2734 typogn:
1765 2702 1940 2726 humilitates.
