2373 2980
37 708 38 712 „
35 667 39 699 *-
35 578 39 636 ,ψ
29 436 39 570 ἼΜ,ηιρ-ε.ι

146 84 223 135 43⁷
541 82 647 117 Lvn.

192 174 287 206 Nun.
314 168 461 204 Mortua
481 174 532 202 est
548 181 652 202 soror
671 176 727 202 tua
747 183 827 203 cum
847 171 987 205 duobus
1005 172 1095 207 filiis.

196 224 295 258 Ghor.
319 219 488 267 Elevate,
519 220 676 254 extollite
693 221 849 262 luctum,

146 272 329 318 1360.)st
357 272 592 306 candidarum
626 284 799 306 manuum
836 272 1000 317 planctus
1036 286 1143 318 supra

201 357 207 368 5
266 356 281 369 ·.
304 362 326 369 ,Ι
384 368 386 370 ¹
560 329 679 367 caput.

191 376 266 409 Cre.
294 374 327 407 O
344 374 473 422 misera
492 369 645 421 Iocaste,
673 374 816 420 qualem
838 376 944 408 finem
961 375 1056 407 vitae

190 425 237 459 Et
251 420 621 470 nuptiarum'tuarum
637 432 786 469 propter
802 427 965 471 aenigma
974 424 1142 471 Sphingis
1170 424 1175 481 f
1203 429 1302 465 1400
1330 432 1488 477 Vestigio
1507 448 1588 469 eurr

547 476 746 510 sustinuisti
756 477 771 508 '·.’

129 516 137 523 ’
189 526 383 571 Quomodo
411 527 539 560 accidit
562 527 727 560 interitus
753 528 908 560 duorum
937 527 1142 561 adolescen-
1168 519 1172 570 ,i

550 584 624 611 tum
637 578 652 610 ‘t’

186 626 234 660 Et
251 635 432 661 certamen
450 636 568 662 ortum
587 642 629 662 ex
645 628 731 662 diris
750 627 906 672 Oedipi?
935 627 991 661 dic
1010 626 1112 663 milii.

137 676 236 726 1365
263 682 357 714 Nun.
386 674 572 714 Successus
588 681 687 714 urbis
703 686 846 713 nostrae
864 685 945 712 ante
963 681 1106 713 moenia

128 769 131 772 Ι
175 721 276 767 Δ8ε1,5;
318 742 393 763 non
426 732 521 763 enim
554 732 602 764 ita
628 732 755 775 procul
777 737 860 764 sunt
886 731 1040 765 ambitus
1060 744 1136 764 mu-
1164 776 1166 781 y

558 794 681 820 rorum
695 808 704 821 ,

184 830 233 863 Ut
248 830 383 865 nescias
402 832 521 865 omnia
535 859 545 872 ,
575 845 665 878 quae
685 832 733 864 ibi
752 838 936 876 geruntur.

181 880 380 927 Postquam
396 890 629 917 armaverunt
645 896 773 928 corpus
788 883 906 917 aeneis
925 883 1033 917 armis

183 932 284 966 Senis
302 933 434 979 Oedipi
451 935 712 975 adolescentes,

133 984 232 1019 1370
259 984 442 1019 Steterunt
457 986 638 1020 venientes
656 986 828 1021 inlocum
854 985 1013 1019 medium
1038 986 1133 1020 inter

130 1080 138 1082 „
169 1073 172 1076 ⁴
555 1037 646 1071 acies

179 1087 263 1121 Duo
281 1089 407 1127 duces,
436 1095 470 1121 et
488 1089 560 1121 duo
578 1088 768 1132 praefecti,

179 1139 372 1185 Tanquam
391 1139 595 1173 dimicaturi
612 1139 785 1184 singulari
800 1138 1005 1172 certamine.

178 1189 325 1224 lntuens
342 1192 478 1234 Argos,
505 1190 621 1224 emisit
637 1191 826 1236 Polynices
846 1202 985 1234 preces:

180 1242 214 1275 O
231 1243 435 1275 veneranda
452 1240 563 1283 Iuno,
589 1249 670 1276 tuus
696 1241 789 1275 enim
813 1254 912 1282 sum,
936 1245 1129 1286 postquam

544 1293 679 1338 nuptiis

132 1342 231 1379 1375
265 1343 424 1377 Adiunxi
454 1345 601 1378 Adrasti
633 1344 743 1377 filiam
756 1371 765 1385 ,

545 1402 677 1429 terram
689 1422 699 1437 ‚

175 1446 230 1479 Da
250 1443 339 1478 mihi
356 1446 516 1480 occidere
538 1448 701 1488 fratrem,
720 1454 755 1480 et
770 1447 989 1480 contrariam
1010 1459 1126 1479 meam

174 1497 347 1531 Dextram
365 1505 552 1532 cruentare
572 1499 772 1532 victricem:
909 1502 913 1503 ⁷

169 1546 526 1593 -Peto'turpissimam
548 1563 719 1583 coronam
733 1577 742 1591 ,
770 1550 934 1583 videlicet
957 1556 996 1583 ut
1018 1549 1127 1582 inter-

540 1601 657 1634 ficiam
674 1603 833 1634 fratrem.

175 1650 299 1684 Multis
318 1650 467 1684 obortae
483 1659 566 1685 sunt
585 1650 810 1697 lachrymae,
838 1652 883 1684 ob
909 1651 1126 1695 magnitudi-

541 1716 624 1736 nem
644 1703 873 1741 calamitatis;

124 1752 223 1786 1380
250 1750 487 1788 Intuebantur
504 1768 540 1788 se
558 1762 683 1799 mutuo
709 1755 934 1788 obverteutes
957 1755 1123 1799 pupillas.

171 1800 334 1839 Eteocles
351 1818 437 1838 vero
457 1807 502 1839 ad
516 1807 674 1840 Palladis
692 1812 851 1839 armatae
871 1818 979 1839 aureo
996 1813 1095 1839 scuto

171 1854 330 1889 Domum
348 1858 489 1899 videns,
517 1857 682 1903 precatus
698 1864 767 1891 est:
798 1857 831 1890 O
850 1858 921 1890 filia
939 1856 1051 1898 Iovis,

170 1906 225 1939 Da
237 1934 247 1948 ,
274 1914 315 1941 nt
330 1906 468 1942 hastam
487 1910 667 1943 victricem
685 1922 726 1942 ex
742 1921 852 1942 mann

170 1956 211 1990 In
229 1966 351 2002 pectus
368 1960 488 1993 fratris
506 1962 549 1992 ab
563 1959 633 1992 hoc
648 1959 796 1992 brachio
816 1960 955 1993 mittam
968 1985 977 1998 ,

122 2006 220 2040 1385
245 2008 292 2040 Et
323 2009 535 2042 interficiam
569 2022 670 2051 eum,
712 2009 775 2055 qui
804 2011 902 2042 venit
933 2020 1120 2043 eversurus

535 2073 652 2094 meam
678 2060 845 2106 patriam.

168 2109 367 2156 Postquam
385 2111 495 2145 eluxit
513 2113 572 2146 fax
588 2113 668 2146 loco
687 2111 933 2158 Tyrrhenicae

167 2160 294 2194 Tubae
313 2163 469 2204 sonitus,
496 2165 637 2208 signum
656 2170 824 2197 cruentae
843 2176 1002 2209 pugnae:

167 2211 398 2247 Saltaverunt
415 2222 537 2248 contra
557 2229 593 2250 se
609 2222 734 2250 mutuo
752 2216 864 2249 atroci
881 2216 973 2250 saltu
985 2242 993 2256 ,

166 2262 213 2297 Et
227 2264 318 2298 sicut
334 2266 410 2310 apri
430 2274 595 2301 acuentes
616 2279 739 2302 saevas
757 2279 864 2311 genas
877 2294 886 2308 ,

120 2314 218 2350 1390
246 2315 514 2352 Commiserunt
536 2331 717 2363 pugnam,
750 2320 887 2352 madidi
911 2319 1009 2363 genis
1033 2331 1117 2364 pro-

528 2376 608 2415 pter
626 2381 804 2416 spumam.

167 2414 341 2462 Impetum
358 2420 535 2454 faciebant
552 2420 674 2462 hastis,
699 2423 760 2455 sed
776 2423 947 2456 sedebant
963 2422 1027 2456 sub
1045 2423 1115 2468 cly-

524 2473 599 2517 peis
617 2473 780 2507 rotundis
791 2500 800 2514 ,
966 2478 970 2479 ⁷

167 2515 219 2549 Ita
237 2525 277 2552 ut
291 2517 414 2556 bastae
433 2531 682 2559 excuterentur
698 2525 842 2559 frustra.

166 2567 256 2601 Cum
281 2577 398 2606 autem
424 2575 511 2608 alter
537 2577 679 2610 oculum
707 2583 884 2610 extantem
910 2588 1016 2621 supra
1043 2577 1113 2621 cly—

203 2670 210 2676 .
527 2640 635 2673 peum
651 2629 795 2665 videbat
805 2659 815 2673 ,

166 2669 342 2707 V1hrabat
358 2671 496 2710 hastam
509 2704 519 2718 ‚
545 2692 666 2715 versus
686 2695 724 2717 os
744 2684 867 2727 volens
886 2679 1111 2725 convertere:

814 1350 848 1377 et
879 1343 972 1377 illius
1004 1341 1128 1377 habito

703 83 1104 121 INTERPRETATIO
1135 87 1516 127 PHOENSSARUM
1548 95 1801 135 EURIPIDIS.

1149 1813 1152 1838 Ι

2127 109 2201 147 438

1180 188 1183 210 1
1211 174 1309 210 1395
1335 177 1404 211 Sed
1421 180 1511 213 bene
1527 183 1744 219 reducebant
1762 187 1854 221 intra
1876 202 1956 226 oras
1973 195 2087 240 clypei

1258 227 1409 270 Oculos,
1435 238 1474 264 ut
1493 238 1581 266 esset
1598 235 1709 270 otiosa
1728 235 1841 274 hasta.

1255 277 1341 312 Plus
1359 292 1443 313 vero
1461 286 1703 325 spectantibus
1719 290 1875 325 stillabat
1889 295 2048 338 sudoris,

1256 328 1374 385 Quam
1392 334 1597 375 agentibus,
1625 345 1774 382 propter
1790 348 1925 377 metum
1943 349 2155 387 amicorum.

1252 378 1413 415 Lteocles
1431 390 1548 417 autem
1561 412 1570 424 ,
1599 388 1781 424 offendens
1798 395 1925 436 pedem
1941 399 1987 431 ad
2004 412 2126 435 saxum
2140 430 2149 443 ,

1336 484 1343 490 .
1591 450 1671 478 ens,
1699 444 1900 479 membrum
1918 456 2015 483 extra
2035 452 2198 498 clypeum

1250 482 1376 522 Pon1t;
1403 485 1592 531 Polynices
1611 501 1694 522 vero
1714 495 1887 537 accurrit,

1248 533 1397 578 Plagam
1414 537 1508 570 ferro
1528 539 1697 573 traditam
1719 543 1861 585 videns,

1166 590 1171 633 ξ
1249 584 1466 633 Tibiamque
1484 591 1655 634 transegit
1669 593 1802 637 Argiva
1820 593 1933 633 hasta.

1247 635 1361 671 Totus
1380 641 1552 674 exercitus
1574 641 1732 677 Graecus
1753 647 1977 684 exclamavit.

1166 707 1167 714 1
1197 685 1295 721 1405
1320 688 1366 721 Et
1384 690 1420 723 in
1440 689 1507 724 hoc
1522 692 1646 726 labore
1664 697 1803 730 nudum
1820 696 2009 734 humerum
2028 705 2150 741 videns

1244 739 1350 774 Prius
1368 743 1576 777 vulneratus
1588 772 1597 784 ,
1625 757 1689 789 per
1709 754 1829 790 pectus
1847 750 2030 787 Polvuicis
2048 757 2083 789 vi
2160 735 2169 748 i

1245 790 1435 836 Transegit
1454 792 1591 828 hastam
1604 823 1612 836 ‚
1642 803 1675 829 et
1695 799 1792 832 dedit
1807 792 2028 847 voluptatem

1245 841 1390 897 Civibus
1410 843 1610 885 Thebanis;
1646 850 1707 881 sed
1724 851 1830 894 fregit
1846 865 2023 888 summam
2041 856 2194 897 hastam.

1241 892 1398 929 Veniens
1423 898 1467 930 ad
1491 897 1652 943 inopiam
1679 897 1822 943 hastae,
1866 905 2032 942 insistens
2063 910 2101 944 in
2133 925 2193 957 pe-

1160 984 1161 988 Ἰ
1614 951 1713 991 dem,
1741 960 1837 987 retro

1160 1002 1161 1018 ³
1190 995 1290 1030 1410
1319 995 1440 1038 Cedit,
1483 1005 1518 1032 et
1545 1000 1722 1045 accipiens
1745 1004 1843 1038 misit
1866 1018 2113 1046 marmoreum
2140 1016 2192 1048 la-

1602 1052 1721 1096 pidem
1735 1080 1745 1094 ‚

1236 1098 1283 1132 Et
1299 1101 1462 1134 contudit
1476 1102 1634 1136 medium
1652 1105 1774 1140 telum.
1827 1106 1900 1141 Iam
1915 1110 2013 1146 Mars
2031 1118 2189 1161 aequalis

1236 1150 1344 1191 Erat,
1373 1153 1562 1187 amborum
1581 1155 1746 1190 manibus
1765 1157 1914 1201 privatis
1931 1159 2045 1198 hasta.

1235 1201 1289 1235 Ibi
1305 1203 1517 1248 arripientes
1537 1207 1682 1250 capulos
1707 1209 1844 1243 ensium
1856 1238 1866 1251 ,

1237 1254 1428 1298 Congressi
1444 1264 1526 1290 sunt
1543 1258 1717 1299 cominus,
1745 1262 2007 1299 committentes
2024 1268 2166 1313 clypeos
2180 1286 2186 1305 :

1155 1340 1157 1344 ,
1186 1304 1284 1340 1415
1313 1306 1503 1341 Habebant
1527 1320 1697 1352 magnum
1730 1313 1922 1347 tumultum
1955 1316 2186 1356 circumstan-

1592 1366 1664 1393 tem
1680 1361 1788 1406 ipsos.

1233 1409 1280 1443 Et
1294 1409 1433 1444 Eteocli
1449 1411 1487 1444 in
1504 1418 1660 1445 mentem
1677 1414 1775 1447 venit
1792 1417 2061 1460 quodammodo
2073 1422 2184 1460 Thes-

1593 1463 1722 1497 salicae

1232 1512 1403 1553 Fraudis,
1431 1520 1470 1547 ut
1488 1526 1591 1558 opem
1609 1516 1888 1560 serret'patriae:

1232 1564 1412 1598 Omittens
1429 1573 1652 1610 praesentem
1672 1567 1834 1602 laborem
1847 1596 1856 1609 ,

1236 1615 1428 1648 Sinistrum
1447 1616 1590 1661 quidem
1608 1619 1735 1660 pedem
1753 1626 1850 1652 retro
1867 1622 1993 1663 refert,

1150 1660 1154 1717 l
1182 1664 1281 1701 1420
1310 1666 1448 1701 Cavens
1466 1667 1533 1701 sibi
1549 1669 1593 1701 ab
1607 1669 1782 1702 anteriori
1798 1683 1883 1704 cavo
1904 1675 2056 1717 ventris,

1150 1718 1153 1748 i
1231 1717 1325 1751 Tum
1361 1730 1569 1763 proponens
1602 1720 1765 1753 dextrum
1801 1724 1928 1766 pedem
1945 1751 1955 1766 ,
2003 1739 2067 1771 per
2102 1742 2180 1763 um-

1149 1749 1153 1809 }
1593 1771 1740 1805 bilicum

1229 1820 1341 1853 Mittit
1361 1821 1468 1854 telum
1492 1828 1525 1854 et
1544 1822 1660 1866 attigit
1680 1824 1873 1859 vertebras.

1227 1871 1343 1905 Simul
1360 1880 1478 1905 autem
1492 1873 1635 1907 flectens
1654 1874 1764 1908 latera
1777 1902 1786 1916 ,
1815 1883 1849 1909 et
1866 1884 2026 1913 ventrem
2044 1882 2152 1916 miser

1146 1910 1150 1986 i
1226 1923 1417 1968 Polynices
1435 1937 1514 1971 cum
1533 1925 1737 1969 sanguineis
1754 1928 1861 1970 guttis
1878 1930 1984 1965 cadit.

1146 1987 1149 1998 ¹
1178 1973 1276 2010 1425
1304 1975 1371 2008 Hic
1398 1988 1484 2009 vero
1510 1983 1683 2022 tanquam
1710 1978 1856 2013 vincens
1878 1980 1970 2021 iam,
2005 1990 2040 2017 et
2062 1985 2176 2019 victor

1599 2040 1740 2072 pugnae
1752 2055 1763 2073 7

1225 2075 1406 2110 Abiiciens
1426 2077 1583 2121 gladium
1601 2078 1640 2111 111
1658 2085 1789 2112 terram
1802 2107 1811 2121 ,
1838 2082 2015 2126 spoliabat
2035 2099 2112 2119 eum
2126 2114 2134 2127 ,

1224 2126 1308 2161 Non
1325 2125 1461 2162 habens
1478 2136 1634 2162 mentem
1653 2132 1748 2175 apud
1765 2144 1821 2172 se,
1849 2134 1909 2166 sed
1925 2134 2007 2169 illic.

1224 2177 1332 2223 Quod
1367 2185 1401 2212 et
1434 2180 1557 2214 fefellit
1592 2194 1690 2221 eum;
1733 2180 1849 2217 adhuc
1876 2185 1971 2218 enim
2007 2187 2173 2232 exiguum

1238 2277 1241 2278 ⁷
1286 2261 1290 2265 .
1588 2233 1758 2278 quiddam
1778 2235 1937 2278 spirans,

1221 2280 1448 2327 Servansque
1467 2295 1585 2317 ensem
1604 2285 1641 2316 in
1658 2284 1750 2318 tristi
1767 2297 1848 2319 casu
1860 2312 1869 2326 ,

1174 2329 1272 2368 1430
1296 2332 1366 2366 Vix
1383 2334 1540 2378 quidem,
1559 2335 1716 2368 extendit
1733 2342 1853 2369 tamen
1868 2349 1986 2372 ensem
2004 2339 2043 2374 in
2057 2339 2170 2388 hepar

1220 2383 1376 2418 Eteoclis
1392 2385 1580 2429 Polynices
1591 2412 1600 2425 ,
1628 2386 1688 2431 qui
1706 2386 1804 2430 prius
1820 2387 1940 2432 lapsus
1958 2399 2044 2426 erat.

1221 2433 1272 2467 Ita
1293 2441 1425 2469 terram
1448 2437 1627 2470 mordicus
1643 2436 1952 2482 apprehendentes
1970 2442 2068 2477 iuxta
2086 2458 2140 2485 se,

1221 2486 1364 2519 Cadunt
1379 2487 1485 2520 ambo
1498 2514 1506 2527 ,
1535 2493 1569 2520 et
1585 2500 1659 2520 non
1678 2489 1924 2525 discreverunt
1941 2494 2140 2531 victoriam.

1219 2536 1373 2582 Ghor.⁸⁷)
1408 2537 1487 2571 Heu
1518 2536 1608 2579 heu,
1647 2547 1822 2585 quantum
1854 2549 1935 2576 tuus
1965 2557 2030 2589 ego
2060 2559 2163 2591 gemo

1576 2590 1669 2623 mala
1688 2598 1748 2625 tua
1761 2619 1771 2633 ‚
1797 2592 1947 2638 Oedipe.

1199 2671 1249 2702 87)
1270 2673 1354 2697 Cher.
1367 2691 1373 2697 .
1386 2691 1392 2697 .
1403 2691 1409 2696 .
1422 2674 1501 2704 Cra]
1520 2674 1561 2698 sic
1579 2675 2066 2710 (=Eurip.Ed.Basi1.155¹.)Editt.
2076 2681 2161 2713 1558..

1237 2707 1312 2730 1562.
1332 2708 1359 2731 et
1378 2708 1426 2732 Ed.
1447 2709 1582 2734 Valcken.
1609 2709 1716 2741 (Eurip.
1742 2712 1887 2742 tragoedia
1904 2712 2088 2747 Phoenissae,
2117 2723 2151 2748 gr

1556 2743 1640 2780 28*
