2373 2980
93 75 166 110 845
510 73 645 109 LXVII.

141 161 310 206 Undique
328 171 392 204 ego
411 160 480 193 texi
498 160 685 196 botriforis
694 161 724 207 2)
748 163 947 204 frondibus,

142 213 361 257 Relinquens
380 224 506 245 aureas
524 212 634 247 valles
649 212 833 259 Lydorum

143 263 188 297 Et
207 261 390 308 Phrygum
409 263 677 310 Persarumque
693 265 831 310 apricas
848 265 979 310 glebas,

95 314 141 350 15
166 314 212 347 Et
230 315 335 349 urbes
355 314 652 357 Bactrianorum,
678 322 712 349 et
730 314 929 362 hyemalem
946 324 1079 351 terram

141 366 330 400 Medorum
352 368 540 408 accedens,
568 374 601 400 et
618 368 790 402 Arabiam
807 369 957 410 felicem,

139 417 186 450 Et
203 417 324 452 Asiam
343 418 545 453 universam
558 445 568 459 ,
597 432 688 464 quae
706 421 750 453 ad
768 421 899 455 salsum
918 432 1016 455 mare

140 468 252 510 Iacet,
278 470 395 504 mixtis
413 470 558 504 Graecis
576 476 609 503 et
624 471 786 505 barbaris
809 473 927 513 simul,

139 521 271 555 Multas
288 519 421 555 habens
439 522 527 555 bene
544 522 701 556 munitas
718 523 835 558 urbes.

88 575 138 608 20
163 573 218 606 Ad
236 570 328 606 hanc
346 573 503 617 primum
521 573 603 606 veni
622 574 799 607 civitatem
821 575 1054 614 Graecorum,

137 622 213 657 Illic
231 636 338 669 agens
358 622 505 665 choros,
531 625 749 659 constituens
768 638 846 659 mea

136 675 243 708 Sacra
255 702 264 716 ,
294 682 333 709 ut
349 676 413 710 sim
431 682 537 709 notus
552 675 649 710 Deus
668 674 886 711 hominibus.

135 727 298 760 Primum
316 740 400 760 vero
421 726 563 760 Thebas
579 725 684 761 huius
702 734 817 762 terrae
836 726 1076 763 Graecanicae

135 779 283 812 Ululatu
304 779 465 823 compleo
480 805 489 819 ,
517 778 669 812 induens
683 779 810 823 pellem
830 778 986 822 corpori,

83 828 132 865 25
157 829 203 863 Et
221 828 382 875 thyrsum
401 831 488 863 dans
504 829 541 862 in
558 841 684 863 manus
703 828 953 870 hederaceum,

135 880 229 926 Quia
256 894 312 914 me
346 893 487 915 sorores
514 881 656 921 matris,
683 894 770 927 quas
793 883 941 916 minime
969 892 1074 925 opor-

493 932 572 972 tuit,

134 983 267 1017 Dicunt
285 996 359 1016 non
378 990 501 1016 natum
521 994 594 1016 esse
613 994 653 1016 ex
675 981 776 1022 Iove;

133 1035 199 1067 Sed
218 1034 379 1068 Semelen
397 1046 635 1078 compressam
656 1035 699 1067 ab
717 1033 876 1073 homine,

131 1084 171 1118 In
189 1084 309 1119 Iovem
326 1086 517 1120 contulisse
534 1086 675 1130 culpam
694 1086 820 1130 stupri,

82 1137 129 1171 30
153 1137 243 1171 Astu
262 1137 405 1171 Cadmi:
431 1143 580 1182 propter
597 1138 695 1182 quod
712 1137 924 1170 interfecisse
944 1149 1021 1170 eam

131 1187 250 1222 Iovem
276 1189 496 1232 gloriantur,
538 1187 622 1233 quia
649 1188 805 1223 finxisset
828 1187 922 1223 hunc
945 1201 1073 1223 concu-

490 1238 618 1272 bitum.

132 1288 215 1323 Ideo
234 1301 328 1323 nunc
344 1289 439 1334 ipsas
459 1290 578 1334 expuli
595 1302 612 1323 e
630 1290 738 1322 domo

131 1341 200 1374 Per
224 1342 404 1381 furorem,
431 1347 571 1374 montes
595 1352 690 1373 nunc
718 1339 922 1375 inhabitant
950 1354 1071 1377 versae

492 1391 530 1423 in
548 1392 727 1431 furorem;

421 1454 478 1476 eas
518 1440 650 1475 habere
693 1449 861 1476 ornatum
905 1456 1069 1477 meorum

490 1505 688 1534 sacrorum,

78 1542 126 1579 35
173 1543 219 1577 Et
254 1550 369 1578 toturn
405 1557 526 1578 sexum
562 1545 756 1580 femineum
793 1546 1068 1587 Cadmaeorum,

486 1596 657 1642 quicquid

127 1647 192 1681 Est
209 1647 399 1680 mulierum
413 1673 421 1687 ‚
448 1648 566 1692 expuli
583 1649 703 1682 furore
724 1661 765 1682 ex
783 1649 939 1684 aedibus.

127 1699 240 1733 Simul
260 1711 344 1731 vero
364 1698 503 1732 filiabus
522 1699 648 1732 Cadmi
664 1700 836 1745 mixtaess)

126 1750 309 1784 Viridibus
322 1751 386 1784 sub
403 1750 577 1784 abietibus
594 1752 718 1784 sedent
738 1751 775 1784 in
795 1753 937 1787 excelsis
951 1754 1055 1790 saxis.

125 1801 279 1847 Oportet
310 1802 404 1835 enim
442 1802 622 1835 civitatem
659 1800 751 1836 hanc
786 1805 956 1848 experiri,
1003 1806 1067 1840 etsi

486 1854 589 1895 nolit,

76 1904 124 1939 40
150 1903 348 1938 Immunem
370 1905 577 1939 existentem
595 1918 756 1940 meorum
775 1919 972 1948 sacrorum,

126 1956 185 1989 Me
203 1956 331 1989 afferre
349 1957 593 1990 defensionem
611 1970 677 2002 pro
697 1965 823 1999 matre,

125 2007 199 2052 Qui
217 2007 312 2041 Deus
329 2008 441 2041 factus
460 2021 536 2042 sum
550 2035 558 2048 ‚
583 2021 690 2054 quern
709 2009 784 2054 ipsa
806 2010 943 2055 peperit
960 2009 1045 2045 Iovi.

128 2059 283 2092 Cadmus
299 2059 443 2104 quidem
466 2066 499 2093 et
515 2060 723 2104 dignitatem
746 2068 779 2094 et
796 2061 987 2106 imperium

124 2108 286 2144 Pentheo
303 2111 450 2144 tradidit
463 2118 548 2145 nato
566 2124 607 2145 ex
625 2112 734 2157 ipsius
752 2113 836 2154 filia,

74 2159 122 2197 45
147 2162 218 2208 Qui
236 2162 325 2206 gerit
341 2163 472 2196 bellum
493 2176 651 2204 mecum,
678 2171 712 2197 et
728 2177 745 2197 a
765 2165 997 2199 libationibus

122 2214 278 2259 Depellit
303 2227 378 2255 me,
402 2221 436 2248 et
459 2227 533 2248 non
556 2212 664 2249 habet
688 2216 907 2249 mentionem
931 2218 1000 2250 mei
1027 2218 1062 2250 in

487 2267 662 2311 precibus.

122 2316 275 2360 Propter
291 2329 381 2361 quae
398 2319 582 2351 ostendam
600 2321 649 2359 ei,
674 2320 769 2364 quod
787 2318 853 2352 sim
870 2318 977 2360 Deus,

121 2367 167 2400 Et
182 2367 315 2401 cunctis
333 2366 534 2409 Thebanis;
558 2370 594 2402 in
611 2370 717 2403 aliam
736 2383 821 2404 vero
841 2372 1036 2415 regionem,

122 2419 241 2452 Rebus
257 2416 313 2452 hic
330 2419 418 2453 bene
437 2421 642 2466 compositis
656 2449 665 2462 ,
690 2422 862 2462 transibo,

131 1441 240 1486 Coegi
286 1454 371 1475 vero

103 2570 132 2602 2)
154 2570 295 2594 bon-{foris
316 2568 540 2602 (fflorpvrpdootcss
567 2571 608 2595 sic
627 2573 708 2596 Editt.
730 2573 820 2603 1559„
850 2573 942 2601 1562.;
968 2574 1059 2601 Bam,
1085 2583 1087 2597 τ

136 2606 257 2636 Musgr.:
277 2605 467 2635 racemit'eris3
496 2606 571 2630 Fixa
590 2607 742 2631 racemosis
762 2607 870 2637 (Eurip.
889 2605 1058 2639 βοτρυώδει).

100 2655 131 2689 3)
159 2656 274 2685 mixtae]
301 2655 340 2679 sic
365 2657 412 2684 (=
433 2656 527 2686 Eurip.
551 2653 790 2691 ἆναμεμιγμέιάι)
825 2659 907 2683 Editt.
940 2661 1058 2689 recent.;

135 2692 218 2715 Editt.
241 2690 333 2721 l558.‚
355 2691 428 2715 1562.
448 2691 543 2717 mixta.

693 74 1092 112 INTERPRETATIO
1117 75 1418 114 BACCHARUM
1443 79 1694 116 EURIPIDIS.

2056 84 2128 118 846

1140 162 1189 198 50
1224 163 1295 197 Ubi
1324 168 1511 200 ostendero
1536 180 1593 201 me
1618 168 1746 212 ipsum.
1816 167 1852 200 Si
1878 180 1961 200 vero
1987 166 2127 202 Theba-

1545 231 1674 252 norum
1693 218 1816 252 civitas

1185 264 1255 297 Per
1274 266 1362 300 iram
1383 281 1460 301 cum
1481 271 1589 304 armis
1605 268 1763 304 Bacchas
1782 270 1818 303 in
1834 270 1976 304 exilium
1995 272 2124 315 pellere

1185 316 1359 360 Quaeret,
1379 321 1578 354 admovebo
1597 322 1788 355 exercitum
1805 322 2024 356 Maenadum
2043 324 2124 357 dux.

1183 366 1337 411 Propter
1379 384 1485 415 quam
1521 385 1663 406 causam
1698 374 1832 407 mutavi
1874 374 2026 418 speciem
2060 373 2125 408 hu-

1550 437 1708 465 manam,

1182 467 1227 501 Et
1244 482 1359 503 meam
1382 472 1534 505 formam
1553 476 1689 508 mutavi
1707 476 1743 508 in
1760 476 1899 508 virilem
1918 483 2097 510 naturam.

1131 517 1180 553 55
1228 520 1315 562 Sed,
1367 535 1386 555 o
1430 524 1670 570 relinquentes
1714 527 1883 560 Tmolum
1897 554 1905 567 ‚
1962 534 2121 561 montem

1547 576 1696 621 Lydiae,

1182 622 1394 656 Sodalitium
1414 638 1531 659 meum
1543 654 1552 667 ,
1577 629 1763 669 mulieres,
1787 641 1874 674 quas
1892 642 1932 663 ex
1949 631 2110 665 barbaris

1180 675 1323 708 Adduxi
1339 676 1451 710 socias
1470 684 1503 710 et
1520 680 1666 713 comites
1684 678 1783 719 mihi,

1183 724 1334 767 Tollite,
1366 740 1457 773 quae
1476 737 1558 763 sunt
1574 732 1721 776 propria
1740 729 1954 776 Phrygibus,

1182 776 1371 822 Tympana
1384 806 1393 819 ‚
1416 778 1538 814 Rheae
1557 783 1681 817 matris
1700 790 1735 817 et
1752 795 1830 816 mea
1848 784 2020 827 inventa.>

1130 826 1178 861 60
1204 828 1275 863 Vos
1297 837 1419 864 euntes
1440 832 1529 865 circa
1550 831 1642 868 hanc
1658 835 1791 879 regiam
1811 836 1958 869 domum

1179 879 1350 922 Penthei,
1376 883 1513 926 pulsate
1526 911 1535 925 ,
1559 892 1599 918 ut
1615 886 1733 920 videat
1750 887 1875 920 Cadmi
1892 887 2027 920 civitas.

1178 929 1254 975 Ego
1273 945 1358 966 vero
1376 947 1455 967 cum
1472 935 1621 971 Bacchis
1638 940 1681 971 ad
1699 936 1924 972 Cithaeronis
1942 938 2023 982 iuga

1180 982 1299 1024 Vzudo,
1323 985 1384 1018 ubi
1401 999 1477 1019 sum
1491 1014 1500 1026 ‚
1522 995 1555 1020 et
1575 1001 1635 1021 ero
1654 990 1769 1024 socius
1787 988 1897 1024 chori.

1181 1035 1277 1068 Chor.
1301 1034 1353 1069 Ex
1370 1036 1453 1070 Asia
1473 1038 1644 1073 Tmolum

1128 1081 1176 1117 65
1200 1085 1421 1132 Relinquens
1439 1101 1564 1131 curro,
1589 1089 1731 1124 Baccho

1176 1136 1326 1171 Gratum
1344 1140 1499 1174 studium
1520 1149 1552 1174 et
1569 1143 1681 1176 levem
1702 1142 1914 1189 labormn‘),

1177 1187 1357 1223 Bacchum
1376 1192 1557 1228 celebrans
1575 1193 1704 1229 Deum.

1176 1239 1264 1284 Quis
1282 1241 1319 1274 in
1336 1242 1420 1275 via?

1177 1290 1266 1335 Quis
1281 1292 1318 1325 in
1337 1294 1461 1328 atriis?
1485 1297 1585 1329 cedat
1601 1298 1692 1337 loco,

1127 1339 1174 1374 70
1200 1342 1246 1375 Et
1263 1346 1506 1392 unusquisque
1523 1350 1717 1382 sanctificet
1727 1349 1757 1395 ⁵)
1770 1375 1778 1388 ,
1807 1360 1845 1381 os
1860 1345 2072 1381 benedicens

1175 1392 1352 1437 Legitimo
1371 1397 1453 1432 ritu.

1176 1445 1325 1490 Semper
1344 1449 1529 1482 celebrabo
1547 1450 1762 1496 Dionysium
1773 1451 1815 1495 ⁶).

1474 1532 1679 1581 [Stroplze
1715 1534 1768 1583 1.]

1174 1600 1206 1633 Ο
1222 1601 1322 1641 felix,
1347 1602 1550 1649 quicunque
1567 1605 1690 1640 beatus
1707 1617 1805 1640 sacra
1826 1604 1986 1638 Deorum

1173 1651 1313 1692 Sciens,
1342 1654 1506 1697 purificat
1526 1656 1650 1697 vitam,

1125 1702 1170 1736 75
1195 1702 1239 1735 Et
1256 1712 1438 1737 consecrat
1457 1707 1628 1748 animam,

1172 1753 1211 1786 ln
1228 1756 1408 1789 montibus
1426 1756 1602 1793 bacchans

1171 1806 1288 1840 Sacris
1309 1808 1595 1851 purgationibus,

1171 1856 1216 1890 Et
1234 1859 1358 1892 matris
1382 1872 1532 1904 magnae

1171 1909 1282 1953 Orgia
1303 1910 1432 1951 colens,

1119 1963 1167 1996 80
1191 1960 1443 2007 Thyrsumque
1464 1963 1639 2008 quatiens.

1168 2011 1215 2045 Et
1229 2010 1358 2046 hedera
1377 2021 1568 2050 coronatus

1169 2063 1381 2109 Dionysium
1400 2066 1495 2101 colit.

1167 2115 1374 2157 Procedite‚
1400 2116 1575 2159 Bacchae,

1168 2166 1355 2201 Bromium
1372 2169 1487 2203 Deum
1501 2197 1510 2210 ,
1536 2169 1603 2203 Dei
1620 2169 1744 2209 filium,

1117 2217 1164 2252 85
1186 2217 1400 2264 Dionysium
1420 2222 1633 2255 deducentes

1166 2268 1218 2302 Ex
1233 2268 1400 2316 Phrygiis
1415 2274 1596 2307 montibus

1163 2319 1202 2353 In
1218 2322 1315 2357 vicos
1334 2324 1424 2358 latos
1441 2325 1627 2364 Graeciae,

1165 2372 1267 2406 Hunc
1284 2374 1486 2416 Bromium,

1147 2522 1176 2554 4)
1206 2530 1304 2555 curro,
1337 2526 1440 2549 Baccho
1465 2538 1496 2542 —
1524 2526 1667 2558 laborem]
1700 2527 1740 2550 sic
1769 2527 1852 2551 Editt.
1883 2527 1974 2554 ¹558,
2013 2526 2103 2553 ¹562.;

1182 2559 1279 2583 Barim
1309 2560 1416 2584 saltans
1443 2561 1556 2584 conficio
1576 2563 1685 2585 Bromio
1707 2562 1820 2585 Baccho
1848 2563 1981 2586 Laborem
2005 2561 2103 2584 iucun-

1182 2592 1243 2615 dum
1263 2594 1506 2625 mtigationemque
1527 2596 1635 2619 facilem
1656 2597 1809 2627 levemque.

1146 2625 1177 2657 5)
1197 2627 1363 2660 sanctificet]
1383 2629 1423 2653 sic
1441 2630 1490 2654 Ed.
1514 2631 1605 2661 1558.;
1624 2631 1672 2654 Ed.
1690 2631 1765 2655 1562.
1784 2631 1964 2655 sanctificent,

1145 2659 1176 2692 6)
1197 2661 1360 2692 Dionysium
1380 2662 1445 2696 etc.]
1467 2664 1507 2688 sic
1525 2665 1550 2689 h.
1570 2665 1587 2689 1.
1608 2666 1635 2688 et
1654 2666 1682 2689 in
1702 2673 1776 2696 seqq.
1795 2666 1878 2690 Editt.
1900 2666 1986 2693 1558„
2009 2664 2099 2693 1562.;

1180 2696 1264 2722 Editt.
1284 2699 1403 2723 recent.:
1423 2699 1577 2730 Dionysum
1597 2700 1646 2724 etc.
