2373 2980
226 103 297 137 311

277 187 485 229 „Indomita
504 188 604 221 turba
617 213 625 226 ,
652 186 866 231 nauticaque
884 187 1024 220 licentia
1036 214 1046 228 ,

279 239 512 280 „Violentior
536 240 625 281 igne.
694 237 810 270 Malus
835 251 919 271 xero
945 236 1118 280 habetur,
1159 240 1219 285 qui

634 299 708 320 non
726 288 858 333 aliquid
878 289 961 322 sacit
977 290 1073 324 mali.

278 340 335 373 Tu
355 346 470 372 autem
490 339 666 382 accipiens
683 351 811 371 urnam
831 341 976 385 antiqua
993 341 1156 375 ministra

226 391 301 424 610
330 389 509 433 intingens
523 390 621 422 adfer
638 386 706 422 huc
724 391 884 423 marinae
902 404 1035 436 aquae,

275 441 325 473 Ut
344 442 450 473 filiam
469 441 619 474 lavacris
636 442 824 484 postremis
842 454 956 475 meam
969 469 978 482 ‚

275 491 449 535 Sponsam
482 491 557 525 sine
588 504 738 535 sponso,
783 492 1029 539 virginemque
1052 504 1125 526 non
1150 492 1219 525 vir-

634 542 751 586 ginem

275 591 422 627 Lavem.
476 590 680 633 Exhibebo,
706 600 744 626 nt
761 594 865 638 digna
884 594 960 628 est?
987 594 1106 628 unde?

275 643 358 678 Bon
377 656 538 689 possum;
566 644 691 676 faciam
705 671 713 683 ‚
740 651 778 677 ut
794 658 948 689 possum.
986 646 1083 691 Quid
1101 650 1217 677 antem

639 695 766 738 again?

225 743 300 778 615
326 745 502 779 Ornatum
520 746 687 789 colligens
705 759 723 778 a
744 746 891 790 captivis
907 746 1136 786 mulieribus,

277 796 378 840 Quae
396 794 484 829 mihi
502 798 701 830 assistentes
718 797 755 829 in
773 797 937 830 tentoriis

277 847 467 887 Habitant,
494 848 522 881 si
541 848 729 893 quaepiam
748 849 856 892 paulo
875 854 956 880 ante
976 848 1142 881 dominos

276 897 426 937 Latens,
454 896 559 931 habet
576 900 757 944 quoddam
772 900 906 932 furtum
925 911 966 931 ex
982 911 1042 932 sua
1062 900 1182 932 domo.

275 948 309 981 O
325 950 457 993 species
474 950 634 987 aedium,
662 962 681 981 o
699 949 783 982 olim
800 950 882 982 felix
898 951 1025 983 domus
1037 976 1046 989 ,

225 999 301 1034 620
329 1000 361 1032 O
384 1000 536 1044 plurima
566 1007 689 1032 tenens
718 998 1029 1045 pulcherrimaque
1041 1027 1050 1040 ,
1093 999 1220 1033 felicis-

641 1050 798 1095 simeque
820 1050 941 1083 liberis

275 1100 439 1141 Priame,
467 1113 626 1146 anusque
647 1113 711 1145 ego
731 1107 844 1134 mater
862 1101 1077 1139 liberorum,

279 1152 396 1196 Quam
415 1154 458 1185 ad
476 1150 566 1185 nihil
581 1152 807 1192 devenimus,
835 1152 896 1184 illo
915 1152 1006 1184 elato
1023 1151 1150 1195 spiritu

277 1203 396 1236 Priori
412 1203 579 1247 spoliati?
622 1203 762 1236 Deinde
778 1210 898 1236 tamen
916 1200 1219 1248 tumescimus29):

278 1254 497 1299 „Quispiam
514 1249 677 1287 nostrfim
695 1254 863 1287 divitibus
880 1254 917 1286 in
934 1254 1119 1293 domibus,

227 1303 302 1341 625
330 1305 460 1345 „Alius
479 1317 563 1338 vero
580 1305 673 1338 inter
688 1305 780 1338 cives
796 1305 973 1350 pretiosus
990 1310 1147 1338 vocatus.

278 1356 405 1397 „Haec
421 1354 510 1389 nihil
534 1363 634 1396 sunt,
671 1368 778 1401 quam
803 1356 923 1389 inania
947 1368 1112 1389 curarum
1137 1366 1221 1388 con-

639 1407 715 1441 silia
728 1434 736 1447 ‚

277 1457 539 1502 „Linguaeque
572 1457 773 1492 iactantiae.
847 1457 907 1491 Ille
938 1470 1023 1490 vero
1060 1455 1221 1490 felicissi-

634 1521 713 1542 mus
736 1514 805 1549 est,

279 1558 377 1599 „Cui
395 1560 437 1592 de
453 1558 508 1592 die
527 1559 563 1591 in
579 1559 674 1592 diem
689 1557 780 1592 nihil
798 1558 925 1592 accidit
943 1559 1038 1593 mali.

621 1624 819 1673 [Strophe]

279 1688 375 1721 Ghor.
406 1684 497 1719 Mihi
514 1687 703 1731 oportebat
720 1686 982 1725 infelicitatem,

228 1737 304 1771 630
333 1735 425 1770 Mihi
441 1739 630 1782 oportebat
647 1738 782 1770 cladem
799 1738 957 1770 accidere
968 1762 977 1776 ‚

277 1787 420 1821 Idaeam
439 1790 583 1834 quando
601 1788 757 1833 primum
775 1788 911 1832 sylvam

279 1839 480 1873 Alexander
497 1839 688 1873 abietinam

279 1890 429 1924 Secahat

277 1941 381 1974 Mare
398 1953 460 1985 per
476 1941 652 1975 tumidum
668 1940 918 1983 navigaturus,

229 1990 304 2027 635
331 1992 488 2026 Helenae
508 1993 551 2025 ad
575 1991 822 2031 concubitum,
850 2002 957 2035 quam
975 1990 1052 2034 pul-

280 2042 495 2077 cherrimam
514 2043 717 2077 auricomus

281 2095 342 2128 Sol
358 2095 467 2129 radiis
483 2095 554 2128 suis
574 2093 734 2138 adspicit.
764 2089 1035 2139 [Amisit-opha]
1064 2090 1222 2124 Labores

637 2144 730 2177 enim
748 2150 781 2176 et
796 2142 1033 2188 laboribusffl)

278 2195 510 2230 Necessitates
530 2196 722 2229 validiores
739 2194 897 2239 undique
917 2194 1150 2226 circumdant.

230 2245 306 2281 640
332 2247 519 2280 Publicum
538 2259 579 2280 ex
596 2247 734 2291 privata
750 2244 904 2277 amentia

281 2297 419 2331 Malum
437 2298 673 2331 Simoenticae
691 2304 805 2330 terrae

265 2457 314 2489 29)
334 2456 403 2480 Huic
422 2455 516 2480 versui
535 2455 561 2479 in
581 2461 668 2486 marg.
687 2455 737 2481 Ed.
763 2454 837 2479 1562.
865 2453 1007 2483 adscripta
1034 2452 1098 2476 sunt
1123 2451 1223 2476 verba:

302 2493 358 2516 Res
377 2492 518 2514 humanae.

266 2552 315 2580 30)
335 2551 382 2575 Sol
396 2563 428 2567 —-
441 2549 604 2578 laboribus]
626 2549 667 2572 hio
685 2555 782 2572 versus
803 2549 829 2572 in
849 2549 898 2572 Ed.
910 2549 990 2572 Bai-n.
1011 2546 1162 2570 disiunctus
1181 2548 1224 2569 est

301 2587 328 2610 in
346 2586 395 2610 hos
413 2585 498 2608 duos:

380 2620 405 2643 9.
432 2619 479 2643 soi
499 2617 584 2641 radiis
604 2617 661 2641 suis
681 2617 806 2646 adspicit.

630 2651 824 2681 Antistrophe.

389 2689 410 2711 1.
436 2688 559 2711 Labores
578 2686 648 2711 enim
668 2688 693 2709 et
713 2686 858 2709 laboribus.

799 101 922 136 PHIL.
956 101 1069 137 MEL.
1105 101 1305 137 SCRIPTA
1344 101 1680 138 PHILOLOGICA.

2189 107 2263 143 312

1326 188 1478 222 Exitiale
1494 189 1611 228 venit,
1640 188 1892 235 calamitasque
1908 190 1951 222 ab
1967 191 2055 225 aliis.

1326 239 1483 273 ludicata
1503 246 1554 273 est
1572 251 1657 271 vero
1674 240 1734 279 lis,
1763 253 1869 286 quam
1888 241 1924 274 in
1940 241 2000 275 Ida

1275 289 1350 324 645
1379 289 1550 323 ludicavit
1568 290 1659 323 inter
1677 296 1747 324 tres
1763 292 1950 325 beatorum

1324 341 1432 375 Filias
1450 341 1504 373 vir
1521 347 1662 385 pastor,

1676 406 1865 457 [Epodus]

1325 466 1381 498 Ad
1398 467 1528 500 bellum
1541 493 1550 507 ,
1578 468 1621 499 ad
1641 480 1762 500 necem
1781 474 1814 501 et
1832 480 1989 501 mearum

1324 516 1476 550 Aedium
1496 517 1654 552 exitium.

1327 568 1447 601 Gemit
1463 581 1547 601 vero
1565 575 1599 602 et
1617 569 1734 613 aliqua
1755 569 1847 602 circa

1275 617 1350 652 650
1379 618 1466 652 Late
1484 619 1652 652 fluentem
1669 619 1843 653 Eurotam

1324 669 1487 703 Lacaena
1504 669 1695 715 lachrymis
1714 671 1869 704 confecta
1888 671 1986 704 domi
2003 671 2120 716 puella
2133 670 2192 718 ³¹).

1328 720 1464 753 Canum
1482 727 1515 754 et
1532 721 1568 754 in
1586 728 1692 766 caput
1706 728 1820 754 mater

1325 770 1464 805 Liberis
1480 773 1630 806 mortuis
1650 772 1752 817 ponit

1276 820 1350 856 655
1378 823 1526 856 Manum
1546 823 1727 868 laniatque
1745 835 1872 867 genam

1327 874 1522 907 Cruentum
1541 886 1695 919 unguem
1711 875 1862 907 reddens
1880 873 2155 907 lacerationibus
2164 872 2222 918 ³²).

1431 947 1655 996 [Ancilla‚
1684 952 1870 991 Chorus,
1898 948 2113 997 Hecuba]

1327 1021 1413 1052 Anc-
1442 1017 1475 1051 Ο
1498 1019 1681 1058 mulieres,
1724 1018 1866 1051 Hecuba
1890 1018 2036 1052 ubinam
2071 1025 2123 1052 est
2154 1017 2270 1051 infeli-

1687 1069 1824 1103 cissima
1836 1096 1846 1109 ,

1327 1119 1428 1163 Quae
1460 1131 1583 1152 omnes
1613 1119 1722 1152 xincit
1755 1120 1849 1153 viros
1879 1126 1913 1153 et
1943 1119 2153 1153 muliebrem
2186 1131 2270 1164 pro-

1690 1182 1827 1213 geniem

1276 1219 1350 1253 660
1379 1219 1675 1253 Calamitatibus?
1698 1220 1813 1254 Nemo
1830 1232 1999 1253 coronam
2018 1219 2270 1264 ei'praeripiet.

1330 1272 1425 1305 ΟΙιον.
1454 1271 1548 1316 Quid
1568 1283 1671 1311 vero,
1699 1284 1718 1303 o
1735 1271 1876 1311 misera,
1904 1277 1966 1304 tuo
1983 1272 2026 1304 de
2042 1272 2162 1315 lingua
2182 1270 2271 1305 omi-

1691 1334 1777 1355 nosa
1798 1318 1987 1355 clamore?v

1327 1372 1377 1405 Ut
1392 1385 1577 1418 nunquam
1596 1372 1780 1406 dormiunt
1797 1372 1910 1405 tristia
1928 1379 1986 1405 tua
2004 1372 2207 1416 praeconia.

1329 1425 1416 1458 Ano.
1452 1423 1617 1457 Hecubae
1644 1423 1755 1456 offero
1779 1421 1874 1456 hunc
1900 1423 2074 1456 dolorem.
2131 1422 2173 1456 In
2195 1435 2271 1456 ma-

1690 1473 1734 1507 lis
1755 1486 1840 1506 vero

1327 1524 1410 1558 Non
1426 1525 1526 1558 facile
1543 1522 1750 1558 hominibus
1770 1525 1861 1557 laeta
1880 1523 1995 1556 dicere
2017 1535 2090 1556 ore.

1277 1575 1350 1610 665
1380 1578 1477 1611 Ultor.
1505 1575 1616 1621 Atqui
1632 1576 1765 1608 vadens
1782 1574 1956 1618 contingit
1971 1586 2012 1607 ex
2028 1573 2175 1607 aedibus

1327 1628 1435 1660 Haec.
1487 1627 1703 1671 Opportune
1720 1626 1790 1659 tuis
1805 1631 1954 1670 apparet
1970 1624 2106 1667 verbis.¹

1327 1681 1415 1712 Ano.
1443 1677 1476 1710 O
1494 1690 1639 1722 prorsus
1656 1677 1797 1717 infelix,
1830 1682 1864 1709 et
1888 1674 2003 1709 adhuc
2025 1676 2138 1719 magis
2162 1685 2271 1720 quam

1689 1728 1803 1761 dicam
1816 1754 1825 1768 ,

1328 1779 1505 1819 Domina,
1554 1779 1710 1823 periisti,
1761 1784 1795 1811 et
1828 1789 1902 1810 non
1934 1777 2087 1822 amplius
2119 1774 2271 1819 adspicis

1688 1830 1802 1862 lucem
1815 1855 1824 1869 ,

1328 1880 1411 1913 Sine
1428 1880 1568 1921 liberis,
1596 1880 1728 1914 deiecta
1746 1879 1890 1919 marito,
1917 1878 2024 1912 eiecta
2041 1878 2140 1919 urbe,
2168 1888 2271 1922 pror-

1687 1943 1745 1963 sus
1763 1930 1914 1974 perdita.

1278 1981 1352 2016 670
1377 1984 1456 2016 Hec.
1482 1981 1565 2016 Non
1580 1993 1715 2014 novum
1732 1980 1862 2021 dixisti,
1879 1979 2069 2013 scientibus
2081 1992 2170 2013 *vero
2188 1991 2272 2024 pro-

1689 2033 1792 2065 brum
1812 2031 1910 2065 dicis.

1329 2083 1397 2116 Sed
1415 2081 1524 2129 quid?
1558 2083 1708 2115 cadaver
1725 2081 1792 2115 hoc
1809 2080 1897 2115 mihi
1913 2081 2117 2125 Polyxenae

1326 2134 1435 2167 Venis
1455 2134 1636 2174 adferens,
1665 2133 1761 2167 cuius
1781 2133 1942 2166 nuntiata
1965 2137 2016 2165 est
2032 2131 2213 2175 sepultura

1329 2185 1501 2218 Omnium
1521 2182 1744 2218 Achaeorum
1762 2196 1871 2217 manu
1889 2182 2044 2216 studium
2063 2180 2220 2215 habere?

1329 2238 1415 2270 Anc-
1443 2235 1505 2268 Illa
1522 2233 1612 2268 nihil
1628 2236 1746 2274 novit;
1774 2236 1835 2269 sed
1852 2231 1941 2267 mihi
1957 2233 2177 2278 Polyxenam

1278 2286 1353 2322 675
1380 2286 1572 2331 Deplorat;
1600 2299 1693 2320 nova
1712 2298 1795 2319 vero
1815 2285 1907 2318 mala
1925 2296 2000 2317 non
2018 2283 2170 2327 attingit.

1328 2341 1407 2373 Hec.
1435 2338 1513 2371 Heu
1524 2336 1611 2371 mihi
1622 2337 1787 2371 miserae!
1803 2343 1922 2370 utrum
1932 2332 2146 2368 Bacchicum
2163 2337 2268 2377 caput

1311 2459 1361 2487 31)
1380 2457 1677 2487 Lacaena—puelia]
1697 2455 1740 2479 bic
1761 2462 1804 2478 vs.
1824 2454 1850 2478 in
1865 2453 2005 2478 Edrani.
2025 2451 2066 2476 sic
2083 2449 2188 2475 divisus
2207 2450 2266 2474 est:

1430 2494 1447 2517 5
1483 2493 1613 2516 Lacaena
1630 2490 1761 2520 lacrymis
1780 2489 1907 2514 confecta

1430 2528 1447 2551 6
1485 2527 1562 2551 Domi
1581 2526 1680 2556 puelia.

1312 2579 1359 2610 32)
1380 2579 1527 2603 cruentum
1546 2590 1577 2594 —
1597 2573 1831 2606 lacerationibus]
1856 2574 1899 2598 hic
1916 2580 1957 2598 vs.
1976 2573 2004 2597 in
2022 2572 2072 2597 Ed.
2092 2572 2208 2595 Barnes.
2227 2568 2267 2594 sic

1346 2614 1373 2637 in
1393 2614 1460 2636 duos
1479 2613 1631 2635 disiunctus
1652 2612 1710 2634 est:

1432 2648 1464 2670 10
1499 2647 1646 2671 cruentum
1665 2650 1781 2675 unguem

1434 2683 1461 2704 11
1500 2681 1628 2704 Reddens
1645 2677 1864 2702 lacerationibus.
