2373 2980
8 2066 15 2077 a„
8 2055 9 2059 Α
6 1858 15 2049 -τ-ενπςῑτιε

109 81 183 120 329
196 102 201 105 «

160 167 217 202 Ad
234 164 321 198 haec
338 174 432 196 nunc
450 161 551 201 audi,
577 166 616 193 ut
636 171 811 204 appareas
827 160 1028 194 sceleratus.

163 215 363 262 Oportebat
380 219 434 253 te,
462 212 490 245 si
509 211 652 256 quidem
669 211 815 244 Graecis
831 223 908 243 eras
930 212 1082 249 amicus,

140 309 142 311 ,
162 270 298 302 Aurum
312 292 321 305 ,
350 264 446 310 quod
464 263 550 296 dicis
571 273 647 294 non
672 268 793 301 tuum,
829 263 889 295 sed
916 260 1022 295 huius
1046 260 1107 294 ha-

524 314 606 346 bere
623 338 632 352 ,

116 369 214 406 1220
239 367 336 400 Dare
351 365 557 398 afferentem
573 362 827 407 egentibusque
845 369 878 395 et
895 375 958 406 per
969 369 1108 406 tempus

162 419 327 462 Longum
347 429 363 449 a
381 415 497 460 patria
516 421 608 447 terra
625 414 749 457 procul
767 413 1088 457 peregrinantibus.

164 471 223 504 Tu
240 481 325 502 vero
344 480 408 500 nec
422 464 537 499 adhuc
553 464 675 508 aliquo
694 464 874 497 discedere
891 477 909 497 e
925 465 1091 497 manibus

165 520 323 556 Sustines
340 545 349 558 ‚
400 524 523 551 tenens
559 527 644 547 vero
681 527 885 559 perseveras
921 513 1037 549 adhuc
1072 515 1108 546 in

525 567 634 598 domo
646 591 655 605 ‚

162 621 274 667 Atqui
291 619 452 654 nutriens
472 617 614 663 quidem
627 642 636 656 ,
664 622 702 650 ut
720 623 751 650 tc
770 616 880 650 filium
905 616 1022 649 decuit
1045 628 1110 648 nu-

522 668 628 707 trire,

117 721 217 760 1225
247 722 471 765 Servansque
498 730 640 757 meum,
678 714 859 751 habuisses
888 718 1110 761 praeclaram

529 769 691 813 gloriam.

167 822 237 865 „In
255 823 359 856 rebus
377 820 533 854 adversis
548 819 643 852 enim
660 818 746 851 boni
762 826 844 852 sunt
861 819 1046 853 certissimi

171 874 327 916 „Amici
380 872 450 906 Res
469 871 644 906 secundae
670 881 755 902 vero
779 871 957 915 quaelibet
979 868 1112 903 habent

529 922 662 955 amicos
677 920 722 967 ⁵3)
735 934 742 958 ;

169 977 205 1011 Si
240 988 324 1009 vero
362 975 570 1019 indiguisses
605 972 789 1017 pecuniis,
836 970 893 1005 hic
928 984 1012 1005 vero
1050 973 1111 1005 flo-

532 1030 677 1063 ruisset,

147 1076 374 1112 Thesaurus
404 1076 469 1109 tibi
500 1075 592 1109 filius
617 1074 790 1119 potuisset
817 1086 890 1107 esse
915 1086 1012 1107 meus
1038 1086 1112 1107 ma-

533 1138 634 1170 gnus.

119 1180 217 1216 1230
249 1180 354 1214 Nunc
384 1190 470 1211 vero
497 1188 613 1222 neque
637 1176 736 1208 illum
765 1175 880 1208 xirum
910 1174 1018 1209 habes
1049 1176 1112 1208 tibi

531 1239 683 1259 amlcum
695 1253 704 1265 ,

169 1280 328 1325 Aurique
345 1280 478 1312 fructus
496 1278 621 1322 periit,
649 1277 782 1322 filiique
800 1277 872 1316 tui,

168 1331 316 1376 Ipseque
334 1330 406 1373 agis
424 1331 483 1363 sic.
537 1328 620 1361 Tibi
637 1340 721 1360 vero
742 1340 805 1371 ego
822 1329 900 1360 dico
913 1354 922 1366 ,

168 1383 437 1427 Agamemnon,
465 1380 492 1413 si
511 1378 593 1412 huic
612 1390 716 1422 opem
744 1379 886 1416 tuleris,
914 1379 1027 1411 malus
1051 1390 1112 1422 ap-

527 1429 679 1474 parebis.

164 1484 289 1529 Neque
307 1482 367 1526 pio
386 1481 500 1521 enim,
529 1492 644 1525 neque
661 1480 755 1512 fideli
774 1480 901 1524 quibus
919 1480 1086 1519 decebat,

118 1533 216 1572 1235
248 1534 371 1579 Neque
396 1538 539 1572 sancto,
572 1543 688 1576 neque
712 1531 804 1564 iusto
829 1531 1025 1564 benefacies
1048 1529 1112 1564 ho-

527 1582 629 1627 spiti;

167 1637 286 1682 Ipsum
306 1648 390 1669 vero
410 1635 564 1679 gaudere
579 1633 683 1667 malis
701 1639 733 1666 te
751 1633 908 1667 dicemus

168 1689 294 1722 Talem
324 1687 543 1720 existentem.
609 1684 776 1718 Dominis
802 1697 886 1718 vero
917 1696 991 1716 non
1021 1685 1111 1718 facio

529 1736 741 1770 convicium.

167 1792 265 1826 Ultor.
294 1788 379 1830 „Ah
398 1787 458 1822 ah!
501 1788 717 1821 Hominibus
734 1800 840 1832 quam
859 1786 953 1819 hona
970 1798 1074 1820 causa

169 1842 388 1883 „Bonorum
430 1840 632 1874 occasiones
674 1840 822 1883 praebet
863 1850 1003 1882 semper
1041 1849 1113 1872 ser<

531 1903 692 1924 monum.

121 1944 219 1980 1240
245 1946 366 1988 Ayam.
395 1942 569 1976 Odiosum
589 1942 732 1987 quidem
754 1947 805 1973 cst
820 1938 908 1973 mihi
926 1939 1040 1972 aliena
1061 1940 1113 1973 iu-

538 1994 656 2025 dicare
674 1993 785 2030 mala3

170 2046 310 2079 Tamen
325 2056 478 2078 necesse.
530 2044 671 2077 Etenim
694 2044 846 2077 dedecus
864 2050 934 2083 est,

168 2097 360 2141 Negotium
399 2097 436 2128 in
467 2107 614 2128 manum
649 2108 727 2127 eum
766 2095 827 2140 qui
859 2095 1012 2140 accepit,
1054 2097 1114 2128 ab·

532 2146 637 2179 iicere
660 2144 738 2179 hoc.

166 2196 257 2231 Mihi
289 2210 373 2231 vero
404 2198 461 2243 (ut
493 2197 599 2244 scias)
629 2209 744 2242 neque
769 2209 884 2230 meam
911 2197 1041 2231 videris
1069 2198 1113 2230 ob

528 2248 677 2293 gratiam
691 2275 699 2288 ‚

169 2299 292 2345 Neque
325 2299 430 2332 etiam
464 2300 705 2340 Graecorum,
747 2299 863 2332 virum
899 2298 1114 2332 interfecisse

530 2349 726 2395 hospitem;

124 2398 219 2435 1245
247 2401 315 2434 Sed
331 2407 370 2434 ut
388 2399 535 2435 haberes
555 2414 681 2436 aurum
704 2401 740 2433 in
760 2400 904 2433 aedibus
923 2400 1003 2434 tuis.

170 2449 343 2497 Loqueris
366 2465 450 2486 vero
473 2453 537 2486 tibi
561 2453 628 2497 ipsi
654 2451 893 2491 conferentia,
917 2480 922 2483 .
944 2451 982 2484 in
1011 2451 1113 2485 malis

527 2505 687 2538 existens.

156 2634 292 2693 5³}ttAEauic
309 2634 369 2660 loco
386 2634 414 2659 in
433 2642 521 2668 marg.
540 2638 589 2664 Ed.
611 2638 686 2664 1562.
713 2637 852 2668 adscripta
872 2638 915 2661 est
935 2643 1002 2661 vox:
1035 2636 1112 2660 Ami-

209 2676 216 2692 1
232 2676 237 2691 Ι
259 2686 265 2692 .

597 74 671 109 LV.
723 73 1123 110 INTERPRETATIO
1156 75 1382 110 HECUBAE
1415 75 1666 110 EURIPIDIS.

1131 178 1137 370 ἒ

1135 1017 1143 2083 ‚ww-*—

2081 78 2156 113 330

1210 161 1376 195 Fortasse
1409 162 1518 205 igitur
1551 162 1645 206 apud
1681 172 1744 194 vos
1773 160 1874 193 facile
1902 167 1953 194 est
1979 163 2156 196 trucidare

1573 211 1769 256 hospitem;

1212 261 1323 295 Nobis
1339 274 1424 294 vero
1442 269 1545 306 turpe
1564 262 1657 296 bisce
1675 262 1819 296 Graecis
1837 260 1915 296 hoc.

1215 312 1407 356 Quomodo
1427 313 1534 356 igitur
1551 320 1583 346 te
1602 314 1759 347 iudicans
1778 326 1850 346 non
1874 314 2002 346 iniuste
2025 313 2158 354 fecisse,

1573 364 1736 407 effugiam
1757 364 2082 408 vituperationem?

1166 410 1264 448 1250
1290 413 1372 447 Non
1390 420 1481 445 certe
1502 426 1653 457 possem.
1708 415 1805 453 „Sed
1825 422 2034 461 postquam,
2068 426 2158 460 quae

1574 463 1721 497 honesta
1741 478 1814 497 nou
1836 474 1928 505 sunt,

1217 513 1378 553 „Facere
1398 526 1502 547 ausus
1520 526 1567 554 es,
1585 515 1717 548 sustine
1737 516 1855 555 etiam,
1875 529 2047 561 quaenon
2060 522 2158 560 grata

1574 572 1656 599 sunt
1669 566 1727 611 5³).

1216 617 1288 649 Pol.
1316 615 1382 647 Hei
1401 613 1504 648 mihi!
1533 628 1551 648 a
1567 617 1716 649 muliere
1735 617 1791 661 (ut
1805 616 1960 661 videtur)
1978 617 2089 650 victus

1217 666 1344 705 Serva,
1372 667 1464 699 dabo
1485 667 1721 700 deterioribus
1738 680 1904 711 poenam.

1216 717 1391 763 swam-³⁵)
1419 718 1474 750 An
1492 731 1566 750 non
1585 718 1700 752 iuste?
1727 718 1755 752 si
1780 718 1923 764 quidem
1950 717 2160 762 perpetrasti

1579 770 1684 802 mala.

1171 816 1267 854 1255
1296 820 1367 852 Pol.
1395 819 1460 852 Hei
1478 818 1565 853 mihi
1591 826 1740 864 propter
1763 820 1894 853 liberos
1917 818 2052 865 hosque
2079 831 2160 852 ocu-

1580 872 1634 904 los
1650 884 1748 904 meos
1771 871 1917 904 misero!

1217 924 1297 955 Hec.
1326 921 1459 955 Deles?
1501 923 1585 968 quid
1618 935 1702 955 vero
1728 935 1783 954 me
1807 929 1954 966 propter
1976 921 2066 955 filios
2087 933 2161 953 non

1579 974 1699 1007 dolere
1724 973 1849 1017 putas'.j

1216 1025 1288 1057 Pol.
1316 1024 1457 1057 Gaudes
1475 1025 1648 1058 insultans
1666 1024 1754 1057 mihi
1772 1037 1791 1057 ο
1811 1024 1986 1057 malitiosa
2003 1022 2065 1056 tu?

1217 1077 1296 1108 Hoc.
1325 1075 1406 1109 Non
1434 1076 1526 1108 enim
1555 1088 1610 1108 me
1637 1077 1790 1119 gaudere
1818 1082 1978 1121 oportet,
2013 1080 2046 1106 te
2071 1085 2161 1118 quae

1576 1127 1650 1159 uita
1676 1140 1752 1160 sum
1764 1126 1778 1159 ’.Ρ

1218 1178 1287 1210 Pol.
1325 1176 1392 1209 Sed
1419 1189 1490 1209 non
1520 1178 1662 1217 statim,
1697 1178 1841 1223 quando
1867 1183 1900 1210 te
1924 1175 2061 1208 marina
2096 1173 2161 1208 hu-

1582 1229 1725 1262 miditas
1750 1248 1801 1255 —

1169 1277 1266 1313 1260
1295 1281 1374 1312 IIec.
1405 1278 1532 1312 Utrum
1552 1281 1655 1313 ducet
1673 1293 1727 1312 me
1744 1287 1858 1312 terrae
1884 1279 1919 1311 in
1940 1280 2026 1320 fines
2051 1278 2162 1311 Grae-

1577 1330 1745 1364 canicae‘?

1218 1381 1289 1413 Pol.
1319 1380 1521 1413 Oct-uitabit
1538 1383 1681 1426 quidem
1701 1382 1880 1425 delapsam
1903 1393 1943 1413 ex
1961 1380 2136 1413 antennis.

1218 1433 1296 1464 Hoc.
1326 1432 1357 1463 A
1375 1445 1445 1476 quo
1467 1432 1640 1466 violentos
1658 1433 1899 1477 acquirentem
1920 1431 2053 1464 saltus?

1217 1484 1290 1516 Pol.
1318 1481 1396 1526 Ipsa
1416 1484 1458 1514 ad
1474 1483 1607 1516 malum
1626 1483 1727 1516 navis
1748 1484 1912 1517 ascendes
1929 1483 2030 1526 pede.

1216 1536 1296 1567 Hee.
1324 1534 1438 1567 Alatis
1455 1535 1561 1578 tergis
1581 1541 1642 1568 aut
1660 1547 1819 1580 quonam
1836 1532 1973 1567 modo?

1171 1584 1268 1622 1265
1297 1587 1369 1620 Pol.
1398 1585 1504 1620 Canis
1521 1588 1600 1625 fies,
1628 1586 1758 1629 ignitos
1774 1584 1908 1619 habens
1925 1586 2123 1628 adspectus.

1218 1640 1298 1672 Hec.
1335 1638 1528 1682 Quomodo
1554 1649 1640 1670 vero
1665 1637 1730 1671 scis
1755 1638 1891 1670 formae
1919 1647 2018 1669 meae
2049 1640 2164 1668 trans-

1577 1689 1812 1722 mutationem
1824 1688 1840 1721 ἲ

1218 1742 1290 1774 Pol.
1320 1738 1495 1773 Thracius
1516 1747 1611 1773 vates
1629 1740 1717 1773 dixit
1732 1740 1913 1784 Dionysus
1936 1736 2034 1772 haec,

1218 1794 1297 1825 Hec.
1334 1792 1416 1824 Tibi
1442 1804 1524 1824 vero
1551 1804 1625 1825 non
1654 1792 1867 1824 vaticinatus
1893 1796 1943 1823 est
1971 1790 2163 1835 quicquam

1589 1844 1631 1876 de
1647 1843 1769 1882 malis,
1797 1854 1887 1887 quae
1903 1839 2036 1874 habes?

1220 1896 1290 1928 ΡοΙ.
1318 1894 1400 1928 Non
1423 1894 1516 1927 enim
1536 1906 1696 1940 unquam
1714 1901 1752 1927 tn
1768 1907 1824 1926 me
1844 1905 1968 1938 capere
1989 1892 2162 1937 potuisses

1588 1958 1667 1978 cum
1691 1944 1839 1979 insidiis.

1170 1996 1267 2033 1270
1295 1998 1374 2030 Hec.
1403 1997 1595 2030 Mortuane
1613 2010 1658 2029 an
1678 1997 1756 2029 viva
1776 1995 1833 2029 hic
1852 1996 2008 2040 implebo
2028 1992 2162 2026 vitam?

1220 2049 1290 2081 Pol.
1320 2048 1475 2082 Mortua.
1529 2049 1686 2081 Tumulo
1713 2060 1798 2081 vero
1823 2055 1923 2081 tuum
1949 2058 2081 2079 nomen
2098 2045 2163 2076 im-

1578 2099 1799 2146 ponetu1·5⁶).

1219 2151 1299 2182 Hec.
1324 2149 1477 2182 Formae
1501 2152 1723 2184 consentiens
1741 2157 1801 2183 aut
1818 2149 1902 2195 quid
1922 2150 1964 2181 de
1981 2160 2036 2180 me
2052 2145 2162 2179 dicis?

1219 2201 1290 2233 Pol.
1319 2201 1425 2234 Canis
1444 2202 1593 2235 miserae
1608 2200 1847 2247 sepulchrum,
1874 2200 1991 2232 nautis
2010 2199 2162 2242 signum.

1202 2308 1257 2366 ΜΞ,
1271 2308 1321 2332 nis
1347 2308 1439 2332 verbis
1465 2309 1492 2332 in
1516 2309 1566 2333 Ed.
1588 2309 1663 2333 1562.
1688 2308 1716 2331 in
1743 2313 1829 2339 marg.
1855 2306 1982 2338 apposita
2013 2306 2056 2330 est
2089 2310 2160 2329 vox:

1261 2349 1339 2368 oena.

1201 2385 1248 2417 55)
1273 2385 1384 2418 Aglaum]
1411 2386 1451 2410 sic
1475 2386 1523 2410 Ed.
1547 2386 1622 2412 1562.
1648 2388 1696 2414 (=
1713 2385 1807 2415 Eurip.
1827 2385 1876 2409 Ed.
1894 2385 1977 2409 Basil.
2000 2384 2076 2408 155¹.
2103 2382 2161 2414 8.);

1236 2421 1322 2446 Editt.
1342 2422 1423 2445 Bai-n.
1444 2422 1471 2444 et
1489 2421 1548 2444 Fix.
1567 2421 1595 2444 in
1614 2422 1691 2444 textu
1715 2426 1756 2451 gr.
1783 2421 1810 2443 et
1834 2420 1979 2450 interpret.
2005 2420 2068 2442 lat.:
2100 2418 2159 2442 He-

1236 2455 1404 2514 ἳῖιιρίιῖιὲαΕᾱ.
1416 2456 1521 2486 Musgr.
1542 2455 1570 2478 in
1588 2456 1666 2479 textu
1683 2461 1740 2487 gin:
1762 2450 1881 2486 ’Aycckuq
1900 2454 1927 2478 in
1939 2454 2084 2483 interpret.
2096 2452 2162 2476 lan:

1202 2531 1249 2563 56)
1271 2532 1339 2555 Huic
1358 2532 1417 2555 loco
1438 2531 1464 2555 in
1485 2532 1532 2556 Ed.
1552 2531 1624 2555 1562.
1644 2531 1751 2556 adiecta
1775 2532 1818 2555 est
1842 2531 1910 2555 haec
1936 2531 2002 2554 nota
2027 2527 2161 2559 margin:

1236 2567 1304 2592 ..De
1322 2567 1372 2589 hoc
1390 2566 1450 2589 loco
1473 2568 1515 2589 est
1539 2566 1611 2596 apud
1631 2567 1794 2590 Strabonem
1821 2567 1867 2591 lib.
1888 2566 1945 2595 i3.‚
1976 2564 2019 2587 ubi
2044 2563 2110 2587 dicit
2132 2562 2160 2584 in

1236 2601 1352 2624 Thracia
1374 2600 1409 2623 ad
1427 2601 1559 2624 Rhodium
1583 2606 1690 2625 amnem
1716 2607 1780 2624 esse
1806 2601 1978 2630 sepulchrum
1999 2593 2166 2622 Hecubae.’'

1234 2635 1297 2658 vm*
1318 2636 1407 2660 strar).
1428 2642 1452 2665 p.
1467 2635 1526 2658 595.
1544 2635 1593 2658 Ed.
1608 2635 1632 2659 2.
1652 2636 1770 2660 casaub.
1797 2635 1857 2663 (tib.
1874 2635 1914 2659 13.
1941 2635 2006 2657 sect.
2023 2633 2046 2658 ι.
2073 2629 2099 2663 §.
2116 2630 2160 2654 ²8.

1235 2670 1474 2699 interpretationis
1492 2675 1616 2700 german.
1636 2670 1827 2698 Groskurdii).
