2373 2980
106 98 182 135 793

157 187 244 220 Par.
272 184 331 219 Tu
347 184 491 231 quidem
513 187 728 230 persuades,
755 192 790 220 et
811 186 881 220 tuis
905 187 1011 220 credo
1036 200 1107 222 ser-

516 237 703 278 monibus,

157 288 258 322 Abeo
274 298 421 322 servans
436 300 557 322 meum
574 289 693 323 locum
710 288 801 322 liber
817 301 835 322 a
853 295 963 324 metu.

107 337 182 374 665
206 341 299 374 Min.
325 339 413 378 Abi;
440 341 621 374 decretum
639 347 691 375 est
705 338 796 374 mihi
811 341 876 375 ista
895 352 1002 375 curae
1016 341 1106 380 fore,

158 390 209 423 Ut
225 390 366 424 videam
386 403 486 425 meos
501 392 635 426 amicos
650 393 790 427 florere.

155 440 203 475 Et
218 448 257 475 tu
273 454 417 488 quoque
435 443 628 488 experieris
641 456 759 477 meam
775 444 997 477 voluntatem
1007 441 1067 490 ³¹).

156 492 269 527 Vobis
283 505 369 527 vero
390 495 492 528 valde
508 495 644 529 dilectis
663 495 758 528 dico:

155 544 225 578 Fili
243 544 401 586 Laertis‚
428 546 601 580 occultate
618 553 740 580 acutos
757 558 874 585 enses;

107 595 183 630 670
209 595 304 630 lacet
319 596 413 629 enim
430 598 534 632 nobis
552 596 769 632 Thracensis
785 599 856 631 dux
867 624 876 638 ,

155 647 202 680 Et
217 648 299 694 equi
318 646 515 688 habentur3
542 647 662 684 hostes
679 656 797 683 autem
813 647 1041 683 resciscentes

155 698 304 733 Vadunt
329 700 497 734 adversus
516 713 600 734 nos:
637 701 758 746 itaque
787 712 895 746 quarn
921 697 1106 731 celerrime

520 758 664 796 oportet

157 800 296 845 Fugere
312 802 357 834 ad
371 803 483 836 fulcra
501 804 661 837 navium.
716 802 813 848 Quid
829 801 1068 841 cunctamini,

157 851 398 900 Fulmine⁸¹³)
418 854 583 888 veniente
601 852 757 888 hostium
770 881 780 895 ‚
806 865 949 888 servare
966 852 1103 886 vitam?

471 911 628 961 [Sys-te
639 926 672 947 m
681 911 742 961 a.]

106 969 182 1006 675
211 973 310 1007 Ultor.
336 972 412 1016 Age
430 985 515 1017 age,
542 973 606 1006 seri
627 974 712 1014 feri,

157 1023 290 1057 Occide
308 1023 447 1064 occide,
475 1024 554 1069 quis
575 1024 653 1058 vir?

156 1074 317 1115 Videtis,
344 1073 440 1108 hunc
465 1076 558 1110 dico.

157 1126 408 1167 Grassatores,
437 1126 500 1172 qui
515 1126 553 1159 in
570 1133 674 1160 nocte

158 1178 263 1211 Hunc
280 1178 428 1211 turbant
445 1178 652 1212 exercitum.

107 1230 183 1263 680
211 1229 347 1263 Omnes
364 1228 482 1262 venite
503 1226 590 1262 huc:

158 1280 234 1314 Hos
250 1286 354 1313 teneo
365 1306 375 1320 ,
401 1278 467 1314 hos
483 1277 752 1325 comprehendi.

160 1331 249 1377 Quis
268 1330 411 1365 sermo?
438 1332 534 1365 unde
554 1329 678 1365 venis?
709 1330 788 1376 quis
807 1329 867 1364 es?

162 1384 273 1428 ΙΙΙ-ως.
300 1382 396 1417 Num
414 1389 447 1416 te
464 1382 553 1417 scire
571 1381 740 1427 oportet?
768 1381 952 1423 morieris,
979 1382 1008 1417 si
1025 1382 1111 1429 quid

521 1434 616 1466 male
636 1432 772 1467 seceris.

159 1486 258 1520 Cher.
293 1483 390 1519 Num
412 1485 507 1520 dices
530 1491 700 1519 tesseram
711 1511 720 1525 ‚
762 1484 974 1531 priusquam
1007 1482 1109 1519 hasta

518 1549 583 1582 per
601 1542 724 1582 pectus
738 1535 886 1571 veniat?

107 1585 184 1622 685
213 1589 324 1633 Ulyss.
350 1587 466 1629 Sciat,
494 1589 644 1623 confide.

161 1640 258 1675 chor.
284 1640 440 1672 Accedat
457 1639 585 1685 aliquis
601 1652 727 1685 prope,
742 1639 859 1679 feriat,
878 1639 1040 1686 quisquis
1055 1639 1112 1674 sit.

158 1692 308 1726 Semich.
336 1691 393 1724 An
411 1697 449 1724 tu
465 1689 624 1725 Rhesum
642 1690 874 1725 interfecisti?
898 1698 933 1725 te
949 1697 1042 1725 certe
1059 1692 1113 1725 in-

526 1743 772 1777 terfecturum.

163 1795 275 1840 Ulyss.
303 1793 480 1835 Contine,
508 1794 669 1840 quisquis
687 1806 735 1829 es.

523 1845 634 1880 tineo.

156 1898 307 1931 Semich.
334 1894 392 1930 Ah
409 1895 454 1930 ah
466 1924 476 1938 ,
504 1897 657 1932 amicum
675 1896 793 1930 virum
813 1907 858 1929 ne
876 1896 1027 1932 occidas.

156 1950 307 1983 Semich.
333 1948 402 1982 Dic
419 1956 599 1984 tesseram.
656 1949 767 1993 Ulyss.
794 1945 974 1983 Phoebus.

155 2001 302 2034 Semich.
333 2001 494 2045 Agnovi‚
523 1999 649 2035 cohibe
667 1999 828 2040 hastam,
857 1999 1018 2046 quisquis
1038 2011 1085 2034 es.

158 2053 308 2086 Semich.
337 2052 431 2093 Scis,
459 2065 531 2099 quo
553 2053 720 2087 abierunt
736 2052 805 2084 viri
821 2051 903 2084 isti?
964 2053 1112 2086 Semich.

519 2104 717 2151 Nunquam
738 2102 906 2137 vidimus.

107 2153 183 2190 690
209 2156 357 2190 Semick.
386 2155 558 2202 Quisquis
575 2169 622 2196 es,
645 2167 794 2202 sequere
814 2154 1000 2199 vestigium
1017 2154 1112 2200 ipso·

417 2220 517 2246 rum;
545 2206 644 2256 ann)
662 2207 799 2241 clamor
814 2206 1021 2240 excitandus
1039 2206 1113 2240 est?

157 2259 306 2294 Semiclt.
324 2259 437 2306 Atqui
451 2259 567 2295 socios
583 2260 730 2294 turbare
738 2258 881 2305 {malum
901 2264 952 2293 est
966 2264 1112 2292 noctur-

518 2325 566 2347 no
584 2311 752 2347 tumultu.

479 2370 734 2421 [Stropha]

161 2431 308 2467 Semich.
336 2433 424 2477 Quis
443 2440 514 2473 est,
542 2433 604 2479 qui
622 2432 744 2466 venit?

162 2484 250 2528 Quis
269 2490 339 2523 est,
369 2484 428 2530 qui
448 2485 644 2529 gloriatur,
670 2496 800 2528 magna
819 2483 967 2517 audacia

144 2566 193 2598 31)
213 2568 262 2591 uis
281 2568 382 2591 auditis
400 2568 456 2591 exit
475 2567 565 2594 Paris.

144 2611 216 2638 31⁸)
241 2611 381 2640 Fulmiue]
421 2610 462 2635 sic
492 2612 576 2636 Editt.
603 2612 696 2642 1558.‚

180 2646 306 2670 Turbine.

144 2688 192 2720 32)
212 2689 260 2718 an]
286 2688 326 2712 sic
343 2688 428 2712 Editt.
450 2689 542 2719 ¹558.‚
573 2689 693 2721 Musgr„
724 2689 783 2714 Fix.
810 2686 920 2720 (Enrtp.
945 2685 976 2720 ἧς
1012 2689 1111 2713 Bam:

179 2722 255 2755 aut„
282 2723 310 2747 in
328 2724 378 2749 Ed.
395 2723 470 2748 1562.
488 2723 573 2747 deest.

616 99 722 135 LXV.

801 1794 899 1828 Chor-
926 1793 1010 1829 Non
1029 1807 1112 1828 con-

738 2611 836 2641 1562.;
872 2611 957 2634 Editt.
988 2612 1110 2635 recent.:

775 98 1177 136 INTERPRETA'I'IO
1211 101 1353 137 RHESI
1386 102 1638 139 EURIPIDIS.

2083 109 2156 145 794

1212 188 1256 222 Se
1273 201 1376 233 posse
1395 189 1550 234 effugere
1565 202 1683 223 meam
1705 202 1851 225 manum
1862 191 1879 225 ἐ’

1161 238 1235 274 695
1262 240 1334 273 Ubi
1352 241 1469 285 ipsum
1486 241 1712 288 consequar?

1212 291 1278 324 Cui
1295 292 1500 326 assimilabo
1516 305 1597 326 eum
1610 319 1620 333 ,

1212 342 1284 386 Qui
1300 355 1364 386 per
1380 350 1520 376 noctem
1538 344 1637 377 venit
1654 343 1835 388 intrepido
1852 345 1962 390 pede,

1210 393 1280 426 Per
1296 394 1465 427 ordinum
1484 401 1519 428 et
1535 395 1682 439 vigilum
1704 395 1827 430 sedes?

1211 445 1267 477 An
1286 442 1500 485 Thessalus,
1529 452 1591 479 aut

1161 494 1235 529 700
1250 495 1473 529 Maritimam
1485 495 1719 530 Locrensium
1738 495 1943 532 inhabitans
1958 499 2162 534 civitatem?

1212 548 1283 580 Aut
1300 548 1457 592 possidet
1474 548 1628 587 insulas,
1657 561 1748 593 quae
1765 561 1908 593 sparsae
1927 550 2035 584 sunt?

1212 598 1325 644 Quis?
1353 605 1415 632 aut
1429 600 1544 639 unde,
1572 605 1633 632 aut
1651 600 1749 633 cuius
1768 600 1932 644 patriae?

1182 659 1190 668 ²
1212 650 1328 695 Quem
1349 650 1509 684 Deorum
1528 650 1637 683 colit?

1213 701 1369 748 Ghor.⁸⁸)
1397 702 1579 736 Nimirum
1599 708 1650 735 est
1666 701 1804 747 Ulyssis
1827 699 1896 735 hoc
1920 703 2073 744 factum,
2101 711 2163 738 aut

1575 752 1786 787 cuiusnam?

1162 802 1238 838 705
1264 805 1412 838 Semicle.
1440 804 1477 837 Si
1496 804 1641 850 quidem
1661 818 1703 838 ex
1718 805 1900 850 prioribus
1920 812 2064 850 oportet
2080 819 2164 840 con-

1522 856 1695 890 iecturam
1712 858 1846 895 facere;
1874 870 1937 891 cur
1954 858 2049 891 enim
2063 857 2164 891 non?

1212 908 1359 941 Semich.
1384 906 1600 942 Existimas?
1651 909 1798 944 Semich.
1827 909 1900 943 Cur
1916 909 2017 943 non?

1212 959 1360 992 Semich.
1388 958 1451 992 Est
1468 960 1586 993 audax
1603 966 1728 993 contra
1746 972 1824 994 nos.

1212 1011 1360 1044 Semieh.
1387 1010 1441 1044 De
1457 1011 1556 1045 cuius
1575 1011 1725 1044 audacia
1745 1011 1857 1046 dicis?
1884 1024 1990 1058 quem
2014 1010 2164 1046 laudas?

1576 1064 1724 1097 Semicla.
1752 1063 1930 1108 Ulyssem.

1215 1114 1363 1148 Semich.
1390 1113 1443 1148 Ne
1459 1113 1582 1148 laudes
1600 1114 1838 1159 deceptricem
1856 1112 1996 1149 hastam
2012 1114 2113 1149 furis.

1488 1195 1839 1247 [Anti-stropha]

1166 1266 1240 1301 710
1268 1268 1366 1302 Cher.
1393 1265 1503 1299 Venit
1520 1273 1553 1300 et
1571 1273 1654 1300 ante

1215 1317 1256 1351 ln
1273 1319 1453 1351 civitatem
1471 1318 1592 1352 oculos
1611 1331 1736 1363 spuma
1754 1319 1837 1353 litos
1850 1316 2005 1361 habens,

1216 1369 1350 1403 Lacera
1370 1376 1464 1403 veste

1216 1420 1384 1461 indutus,
1413 1421 1570 1465 gladium
1588 1427 1728 1465 gestans

1215 1473 1356 1506 Furtim
1374 1472 1411 1505 in
1428 1480 1536 1506 veste.

1167 1523 1241 1560 715
1269 1523 1479 1558 Mendicans
1494 1524 1592 1557 venit
1608 1523 1698 1558 sicut
1713 1525 1967 1570 praestigiator
1978 1552 1988 1565 ,

1216 1576 1360 1611 Habens
1385 1583 1491 1621 caput
1522 1576 1726 1623 squalidum
1738 1603 1748 1616 ‚
1787 1578 1908 1612 multis
1938 1576 2055 1611 fasciis
2087 1576 2169 1610 reli—

1581 1634 1715 1673 gatum.

1217 1679 1334 1713 Multa
1349 1691 1436 1712 vero

1217 1731 1351 1775 Regiae
1371 1730 1497 1764 domui
1513 1730 1723 1764 Atridarum
1740 1731 1834 1764 male

1217 1783 1337 1823 Dixit,
1364 1782 1498 1828 quippe
1514 1789 1554 1816 ut
1570 1780 1683 1815 hostis
1701 1783 1845 1817 ducum.

1167 1834 1241 1869 720
1268 1835 1417 1868 Utinam
1434 1834 1599 1879 periisset
1616 1833 1706 1867 iuste
1717 1860 1726 1874 ‚

1217 1887 1434 1932 Priusquam
1451 1886 1488 1918 in
1506 1892 1640 1920 terram
1656 1884 1840 1932 Phrygum
1856 1885 1956 1929 pedis
1979 1885 2168 1930 vestigium

1580 1937 1729 1971 tulisset.

1217 1991 1363 2025 Semicle.
1392 1989 1473 2023 Sive
1498 1996 1550 2024 est
1574 1989 1738 2034 Ulysses,
1773 1987 1847 2022 sive
1873 1998 1970 2030 non,
2005 1989 2042 2021 in
2069 1995 2168 2022 metu

1580 2054 1659 2075 sum
1671 2054 1678 2079 ἦ

1217 2092 1351 2126 Hector
1367 2093 1462 2126 enirn
1482 2093 1669 2126 nobiscum
1687 2091 1937 2136 expostulabit.

1215 2146 1364 2180 Semich.
1391 2146 1488 2190 Quid
1506 2143 1650 2178 dicens?
1703 2145 1850 2178 Semiclz.
1877 2142 2081 2187 Suspicans.

1167 2194 1241 2232 725
1268 2198 1415 2231 Semiclz.
1444 2197 1541 2242 Quid
1559 2195 1657 2240 agis?
1688 2195 1773 2240 quid
1792 2194 1936 2239 stupes?

1216 2250 1364 2283 Semich.
1401 2249 1471 2282 Per
1495 2261 1561 2282 nos
1587 2247 1780 2280 transiisse.
1865 2245 2013 2280 Semiclae.
2049 2245 2167 2290 Quem

1581 2296 1770 2331 virorum?

1216 2353 1364 2386 Semick.
1389 2349 1492 2391 Illos,
1521 2350 1583 2396 qui
1600 2348 1668 2383 hac
1683 2354 1786 2382 nocte
1804 2354 1982 2382 venerunt
1997 2349 2034 2381 in
2051 2345 2167 2393 Phry-

1577 2401 1675 2446 gium
1691 2400 1897 2435 exercitum.

1214 2457 1361 2499 Auriga.
1390 2453 1488 2493 Heu,
1516 2454 1682 2487 fortunae
1702 2452 1818 2496 gravis
1836 2464 1954 2491 casus,
1982 2448 2053 2484 heu
2070 2448 2152 2484 heu.

1215 2507 1363 2541 Semich.
1390 2505 1480 2539 Hem
1498 2511 1611 2538 tacete
1630 2517 1765 2539 omnes.

1197 2652 1244 2683 33)
1265 2652 1369 2680 Chora]
1388 2651 1519 2675 sicEditt.
1531 2652 1618 2680 1558„
1639 2651 1713 2677 1562.
1729 2652 1776 2679 (=
1787 2649 1836 2673 Ed.
1849 2649 1929 2673 nasu.
1946 2647 2053 2679 1551.);
2071 2648 2167 2677 Earn„

1231 2686 1497 2752 gzxdrr)semicltor.
1520 2687 1640 2719 (Musgr.
1665 2686 1692 2709 in
1717 2687 1794 2709 textu
1816 2681 1963 2716 Ἡμιχορ.,
1995 2683 2024 2706 iu
2047 2683 2166 2713 interpr.
