2373 2980
207 97 299 130 1011

586 174 838 224 [Stropha]

262 251 358 283 (7:012
384 247 436 279 Te
454 251 621 290 partuum
639 244 876 281 obstetricem,

261 297 469 343 Eiliiltyimn
487 308 616 335 meam,

263 350 464 383 Minervam
483 347 642 385 obsecro,

214 400 287 437 455
313 401 413 445 Quae
437 395 653 432 Prometheo
672 396 794 430 Titani

264 450 501 485 Obstetricata
522 461 556 482 es
574 449 611 480 in
628 448 775 481 sununis

265 502 448 536 Montibus
465 499 577 539 Iovis,
606 512 626 533 o
645 501 848 533 veneranda
866 499 1037 539 Victoria,

266 553 358 586 Veni
375 554 420 585 ad
436 549 624 596 Pythicam
643 551 791 584 domum

269 603 416 649 Olympi
439 615 479 636 ex
496 601 611 635 aureis
628 599 794 636 thalamis

220 655 293 690 460
318 655 481 688 Volitans
502 654 546 686 ad
565 653 711 697 plateas,

271 706 341 740 Ubi
359 712 409 739 est
425 703 563 739 Phoebi
581 711 688 744 terra,

270 757 316 790 Et
333 769 393 790 ara
411 757 447 789 in
465 763 581 789 terrae
597 755 729 793 medio,

271 809 393 842 Cincta
413 808 554 852 tripode

272 859 416 892 Perficit
432 859 586 892 oracula.

224 909 298 946 465
321 910 378 943 Tu
396 916 429 942 et
444 910 573 949 Diana,

273 961 373 994 Duae
389 960 504 1000 Deae,
525 961 616 993 duae
635 958 800 1002 virgines,

275 1012 400 1046 Castae
416 1023 556 1044 sorores
573 1008 722 1046 Phoebi,

273 1062 475 1106 Supplicate
488 1088 496 1101 ,
524 1072 544 1093 o
562 1059 729 1103 virgines,

277 1114 322 1147 Ut
341 1120 440 1147 vetus
455 1108 644 1145 Erechthei

223 1164 296 1199 470
324 1164 444 1198 Genus
463 1164 606 1196 tandem
625 1161 784 1195 sobolem
802 1159 916 1192 fausta

273 1216 342 1248 Per
361 1215 524 1248 vaticinia
545 1210 848 1258 consequat111·⁵⁹).

539 1292 884 1345 [Antisti-opha]

272 1394 293 1407 ,‚
304 1366 462 1400 Eximias
478 1366 572 1398 enim
590 1364 735 1409 praebet

273 1445 294 1458 „
306 1417 518 1450 Mortalibus
534 1415 718 1449 felicitates

273 1496 294 1509 ‚,
305 1469 407 1503 Certa
428 1480 506 1512 spes

221 1519 295 1554 475
319 1516 640 1564 „Liber01·um⁶⁰)‚
665 1516 792 1562 quibus
810 1514 893 1547 alita
911 1512 1070 1556 frugibus

272 1571 428 1615 „Fulget
448 1570 485 1602 in
504 1570 612 1603 domo

271 1622 423 1662 „Patria
440 1621 617 1659 iuventus,

270 1699 291 1713 „
302 1672 568 1706 Haereditarias
585 1669 728 1704 divitias

268 1724 493 1770 „Tanquam
511 1721 675 1756 habitura
695 1733 713 1752 a
730 1717 939 1755 maioribus,

250 1893 298 1921 59)
328 1893 413 1918 Chor.
445 1893 482 1916 Te
509 1891 634 1921 partuum
654 1900 687 1904 —
705 1886 901 1915 consequatur.
935 1883 991 1913 (vs.
1014 1883 1204 1916 452-47¹,)]

285 1926 323 1950 sic
342 1928 390 1951 Ed.
413 1926 504 1953 1562.;
526 1925 574 1948 Ed.
597 1923 687 1946 1558.:

321 1962 403 1986 Chor.
424 1961 460 1983 Te
479 1960 604 1989 partuum
624 1955 812 1980 obstetricem,

313 1995 463 2024 Elithyiam
483 1999 579 2020 meam,

318 2030 470 2053 Minervam
490 2029 614 2053 obsecro,

318 2063 480 2087 Prometheo
498 2060 587 2085 Titani
610 2063 719 2089 operam

317 2097 347 2121 ln
368 2099 445 2126 partu
466 2093 630 2126 praestitisti
650 2093 677 2115 in
696 2089 808 2114 summis

317 2131 475 2154 Verticilms
496 2130 588 2157 lovis3
608 2134 622 2151 o
643 2126 741 2150 sancta
757 2124 884 2153 victoria,

316 2165 389 2189 Veni
406 2165 440 2188 ad
460 2164 601 2194 Pythicam
619 2162 737 2191 domum,

318 2199 428 2229 Olympi
448 2205 480 2222 ex
499 2197 592 2222 aureis
609 2195 736 2219 thalamis

316 2234 423 2256 Volans
442 2233 476 2256 ad
494 2233 610 2262 plateas,

314 2268 441 2291 Phoebea
459 2267 501 2289 ubi
524 2268 612 2295 terra,

315 2302 344 2325 ln
365 2301 450 2324 medio
469 2302 561 2323 terrae
581 2300 636 2322 sita
656 2298 762 2325 domus,

313 2335 426 2359 Numine
445 2335 538 2357 afflato
562 2333 668 2361 tripode

316 2369 436 2393 oracula
455 2367 568 2397 perficit.

315 2404 353 2426 Tu
374 2404 400 2426 et
419 2403 474 2425 filia
492 2407 508 2425 a
532 2401 637 2424 hatone
657 2399 760 2429 genita,

313 2437 390 2460 Duae
409 2437 497 2464 Deae,
518 2436 586 2458 duae
605 2434 738 2461 virgines.

313 2472 431 2494 sorores
452 2471 565 2493 sanctae
580 2468 687 2491 Phoebi.

313 2504 471 2533 supplicate
490 2509 556 2527 vero
569 2519 576 2531 ,
596 2508 611 2526 ο
632 2501 765 2532 virgines,

312 2538 437 2561 Priscum
457 2537 599 2560 Erechthei

311 2572 404 2595 Genus
425 2571 528 2594 sobolis
549 2570 768 2599 procreationem
787 2568 940 2592 diuturnam
961 2568 1035 2597 puris

310 2605 458 2629 vaticiniis
478 2604 600 2634 adipisci.

237 2654 284 2686 60)
308 2656 341 2681 Η.
361 2657 378 2679 l.
399 2656 425 2679 in
443 2656 491 2679 Ed.
511 2655 584 2678 1562.
604 2656 668 2677 nota
688 2660 786 2683 marg:
814 2654 899 2682 Quam
918 2653 954 2676 sit
973 2653 1070 2675 honum
1090 2651 1191 2674 habere

271 2690 385 2714 liberos.

790 89 911 125 PHlL.
943 89 1054 124 MEL.
1090 85 1293 123 SCRIPTA
1322 83 1658 119 PHILOLOGICA.

2141 89 2240 124 1012

1253 172 1326 208 480
1351 170 1539 211 „Subinde
1559 170 1854 218 propagatasfflss)
1871 173 1915 206 ad
1934 173 2022 207 alios
2042 173 2146 207 filios.

1305 222 1426 264 „Sunt
1445 221 1601 254 defensio
1621 221 1658 253 in
1675 221 1790 262 malis,

1306 273 1381 313 „Et
1397 284 1525 315 magna
1545 272 1710 316 voluptas
1726 272 1762 304 in
1780 273 1884 306 rebus
1902 276 2076 315 secundis,

1308 324 1378 365 „ln
1395 324 1488 356 bello
1506 329 1622 356 terrae
1638 324 1776 368 patriae
1797 325 1888 357 ferre

1309 375 1508 415 „Salutem.

1257 424 1331 460 485
1359 423 1482 465 „Mihi
1501 424 1645 470 quidem
1662 432 1696 458 et
1711 426 1844 460 divitiis

1310 476 1387 517 „Et
1405 476 1511 520 regiis
1529 474 1695 511 thalamis
1712 479 1961 522 praeferantur

1311 527 1583 567 „Educationes
1599 529 1814 563 domesticae
1830 535 1951 574 gratae
1968 529 2175 565 liberorum.

1311 605 1332 619 „
1344 578 1415 612 Odi
1435 579 1561 612 orbam

1313 629 1482 670 „Vitam;
1509 636 1542 662 et
1557 629 1586 664 si
1603 629 1658 663 cui
1675 631 1809 675 placet,
1833 630 1927 666 hunc
1945 632 2182 677 reprehendo.

1260 680 1334 714 490
1360 682 1482 721 „Cum
1500 681 1740 716 mediocribus
1755 684 1981 718 facultatibus
2000 684 2065 717 siin
2082 684 2118 716 in
2134 683 2206 716 vita

1314 759 1334 772 ,‚
1346 732 1508 765 Habente
1532 733 1664 767 liberos
1673 732 1732 779 δι).

1640 805 1864 856 [Εροάαε]

1314 875 1346 908 Ο
1365 876 1463 909 sedes
1478 874 1586 908 Panis
1608 882 1642 908 et

1314 926 1438 959 Vicina
1457 932 1557 970 petra

1315 977 1475 1010 Secessus
1492 977 1608 1021 longis
1624 977 1749 1021 epulis,

1264 1027 1338 1063 495
1360 1027 1432 1060 Ubi
1449 1025 1597 1061 choreas
1613 1029 1747 1062 ducunt
1762 1028 1911 1073 pedibus

1315 1078 1490 1122 Triplices
1509 1079 1648 1123 puellae
1664 1080 1825 1121 rusticas,

1314 1129 1384 1162 Per
1402 1129 1530 1162 viridia
1547 1130 1660 1163 stadia
1681 1137 1762 1164 ante
1779 1132 1934 1167 Palladis
1950 1132 2082 1177 templa

1313 1180 1532 1214 Fistularum
1545 1182 1610 1215 sub
1627 1181 1727 1214 varia

1315 1231 1580 1265 Vociferatione
1597 1230 1834 1276 hymnorum:

1265 1283 1339 1318 500
1362 1282 1516 1327 Quando
1536 1283 1572 1315 in
1589 1283 1669 1316 aula
1688 1283 1773 1316 tibia
1793 1282 1902 1324 canis,

1316 1333 1348 1366 O
1364 1333 1442 1366 Pan
1455 1361 1464 1373 ,
1490 1334 1558 1368 tuis
1574 1334 1648 1368 istis
1664 1334 1702 1367 in
1718 1334 1854 1369 antris?

1315 1384 1387 1418 Ubi
1404 1385 1547 1429 pariens
1571 1387 1748 1431 quaedam

1314 1436 1425 1480 Virgo
1444 1436 1617 1469 infantem
1632 1435 1781 1470 Phoebo

1314 1486 1488 1530 Exposuit
1502 1488 1646 1531 epulum
1665 1488 1882 1527 volucribus,

1263 1536 1337 1571 505
1359 1537 1405 1570 Et
1418 1538 1501 1572 feris
1520 1545 1705 1572 cruentam

1313 1588 1464 1633 Dapem.
1517 1590 1678 1634 „Stupra

1314 1639 1511 1679 „Violenta
1528 1653 1643 1686 neque
1662 1642 1705 1673 ad
1724 1640 1830 1673 telam
1842 1665 1851 1679 ‚
1868 1650 1985 1684 neque
2003 1637 2040 1671 in
2059 1640 2186 1674 fabulis

1312 1691 1514 1736 „Unquam
1532 1692 1652 1726 audivi
1671 1690 1803 1725 habere
1820 1689 2037 1724 felicitatem.

1312 1743 1373 1781 „A
1390 1742 1466 1776 Diis
1485 1744 1616 1777 dantur
1633 1744 1735 1777 liberi
1753 1740 2031 1786 mortalibusffl).

1292 1863 1358 1890 602)
1376 1859 1558 1892 propagatas]
1579 1860 1620 1884 sic
1639 1860 1758 1890 scripsi;
1778 1860 1826 1883 Ed.
1848 1858 1923 1883 1562.
1942 1859 2112 1888 propagatos

1292 1905 1340 1933 61)
1359 1904 1481 1928 Eximias
1500 1915 1535 1921 —-
1553 1903 1666 1928 liberos.
1686 1903 1742 1934 (νε.
1758 1899 1946 1932 472-491.)]
1967 1900 2007 1925 sic
2020 1901 2069 1926 Ed.
2086 1901 2178 1932 1562.;
2197 1902 2247 1926 Ed.

1329 1940 1422 1963 1558:

1361 1972 1509 2003 „Eximias
1529 1971 1600 1995 enim
1618 1972 1732 2001 praebet

1360 2025 1378 2038 „
1388 2006 1552 2030 Mortalibus
1572 2006 1722 2029 felicitates

1361 2042 1472 2073 „Certo
1492 2040 1615 2064 subsidio

1360 2076 1567 2105 „hibet-orum,
1587 2074 1683 2105 quibus
1701 2073 1770 2098 alita
1788 2072 1913 2104 frugibus

1361 2109 1521 2139 „Luxerint
1539 2109 1566 2132 in
1586 2108 1714 2132 thalamis

1359 2143 1515 2174 „Paternis
1534 2143 1663 2166 iuvenilis
1686 2143 1828 2173 pubertas,

1359 2194 1378 2209 ‚‚
1388 2177 1596 2202 Haereditarias
1617 2177 1728 2200 divitias

1360 2212 1488 2242 „Utpote
1506 2211 1625 2234 habituri
1644 2217 1662 2235 a
1679 2211 1828 2235 maioribus

1357 2245 1463 2276 „Alios
1479 2245 1512 2268 ad
1533 2245 1615 2270 filios.

1356 2296 1375 2310 „
1387 2279 1623 2308 Propugnaculum
1644 2278 1714 2301 enim
1733 2278 1759 2301 in
1779 2278 1868 2303 malis,

1356 2314 1412 2343 „ln
1432 2312 1566 2336 felicitate
1584 2313 1704 2342 gratum,

1356 2348 1466 2379 „Inque
1486 2347 1557 2369 bello
1577 2349 1670 2369 terrae
1691 2346 1796 2375 patriae
1817 2347 1870 2369 fert

1356 2399 1374 2413 ‚,
1384 2381 1538 2404 Salutarem
1559 2380 1759 2405 defensionem.

1354 2415 1444 2447 „Mihi
1464 2414 1569 2444 quidem
1589 2416 1617 2437 et
1636 2415 1740 2437 divitiis

1353 2467 1372 2479 „
1384 2450 1417 2473 Et
1435 2449 1520 2479 regiis
1541 2449 1669 2472 thalamis
1690 2450 1883 2479 praeferantur

1352 2483 1564 2515 „Educationes
1584 2483 1710 2512 propriae
1730 2484 1861 2507 bonorum
1880 2483 2005 2507 filiorum.

1353 2517 1526 2548 „carentem
1546 2518 1618 2540 enim
1638 2517 1731 2541 liberis
1751 2518 1894 2541 abominor

1351 2551 1491 2583 „vitam,
1511 2552 1538 2574 et
1557 2551 1599 2575 cui
1622 2553 1769 2582 probatur,
1791 2552 1927 2582 vitupero.

1349 2585 1441 2617 „Cum
1461 2585 1593 2609 facultate
1613 2586 1741 2609 mediocri
1761 2586 1845 2609 vitam

1349 2619 1441 2647 „Cum
1461 2619 1637 2648 procratione
1659 2620 1809 2643 liberorum
1829 2625 1991 2649 consequar.

1277 2655 1326 2681 62)
1347 2655 1368 2678 Ο
1389 2653 1469 2676 sedes
1487 2665 1522 2671 —
1541 2654 1709 2678 mortalibus.
1731 2652 1786 2684 (νε.
1803 2653 1990 2685 492—509.)]
2011 2655 2052 2678 sic
2071 2655 2119 2679 Ed.
2136 2653 2228 2681 1562:

1311 2689 1360 2714 Ed.
1382 2687 1454 2711 1558.
1466 2694 1473 2711 ι
