2373 2980
246 137 296 171 63

368 219 574 253 Distributio
599 218 770 249 doctrinae
796 215 836 246 cle
865 213 1109 246 nativitatibus.

350 288 412 320 llis
435 285 619 329 expositis,
653 284 679 316 si
707 282 783 327 quis
808 282 1010 314 universam
1036 280 1235 313 doctrinam

245 341 288 373 de
306 337 549 371 nativitatibus
569 335 774 373 distribuat,
801 333 958 365 inxcniet
983 333 1024 365 (le
1049 330 1237 365 accidenti-

244 392 328 427 bus,
357 401 445 433 quac
460 387 651 419 secundum
676 391 841 417 naturam
861 384 1048 423 eveniunt,
1085 390 1118 415 81
1137 394 1237 426 prae-

246 441 356 472 xiileri
385 444 550 482 possunt,
592 437 683 469 tradi
712 443 898 480 praecepta
936 435 990 466 vel
1022 436 1064 467 (18
1095 445 1236 477 praece-

244 491 407 523 dentibus
435 488 678 527 natixitatem,
720 493 759 519 ut
781 488 823 519 de
851 486 1073 530 parentibus;
1115 485 1168 516 vel
1195 485 1236 515 de

245 540 536 586 praecedentibus
566 545 599 571 et
631 539 880 583 sequentibus,
921 543 959 569 ut
986 537 1027 569 (18
1051 535 1236 572 fratribus;

244 593 297 625 vel
317 594 358 624 de
377 589 449 630 bis,
479 602 568 635 quae
586 590 621 622 111
641 590 715 633 ipso
736 596 839 632 partu
860 588 1044 627 accidunt,
1082 598 1234 632 quorum

243 643 335 676 ratio
360 655 431 674 non
459 648 509 674 cst
536 654 605 673 una
631 647 663 673 et
689 640 854 684 simplem
893 640 946 671 vel
971 639 1013 671 ‹le
1037 636 1109 677 liis,
1147 648 1236 681 quae

244 700 324 738 post
357 693 580 725 nativitatem
616 697 777 724 secutura
816 697 918 729 sunt,
961 701 1113 734 quorum
1144 687 1236 720 ratio

242 744 354 789 magis
373 743 557 786 multiplex
576 749 636 775 est.
691 742 743 774 De
763 740 836 781 liis,
871 752 960 786 quae
981 753 999 771 a
1017 745 1122 783 partu
1147 738 1237 770 indi-

244 803 389 834 cantur,
419 793 622 839 quaeritur,
651 805 696 825 an
712 793 756 826 sit
772 804 848 825 mas
864 792 918 824 vel
938 792 1082 829 semina,
1105 802 1150 821 an
1167 789 1237 822 sint

243 846 376 892 gemini
394 852 454 877 aut
472 845 589 888 plures
605 844 699 882 nati,
728 856 772 876 an
796 843 841 887 sit
866 844 979 875 foetus
1003 847 1236 879 monstrosus,

244 910 289 931 an
314 898 357 931 sit
383 896 564 928 durabilis.
626 895 753 928 Postea
782 895 824 926 de
850 891 923 933 bis,
959 905 1049 938 quae
1073 897 1234 925 secutura

242 956 325 983 sunt
358 947 600 985 nativitatem,
646 945 830 990 quaeritur
860 946 902 977 de
935 944 1027 976 vitae
1056 942 1170 987 spatio
1204 947 1238 973 et

243 999 489 1037 diuturnitate,
516 997 543 1030 si
563 996 704 1042 quidem
723 994 809 1028 baec
827 995 987 1040 quaestio
1004 993 1235 1028 discernenda

244 1051 310 1084 erit
338 1063 355 1082 a
386 1049 524 1093 priore,
571 1059 617 1079 an
645 1059 765 1080 recens
799 1047 913 1079 foetus
949 1045 1079 1078 nutriri
1115 1043 1237 1087 possit.

242 1101 380 1135 Deinde
400 1101 441 1132 de
465 1100 574 1142 figura
593 1098 774 1142 corporis,
810 1098 852 1129 de
874 1097 1007 1129 morbis
1024 1102 1056 1128 et
1073 1094 1238 1128 laesioni-

242 1154 307 1186 bus
340 1151 521 1195 corporis,
563 1150 604 1181 de
637 1149 867 1194 qualitatibus
889 1155 922 1180 et
946 1145 1237 1179 inclinationibus

243 1203 372 1241 animi,
401 1203 443 1234 de
462 1214 498 1233 re
514 1200 694 1239 familiari,
723 1201 765 1232 de
784 1198 1029 1242 dignitatibus,
1051 1198 1093 1229 (18
1113 1195 1238 1229 studiis

243 1261 278 1288 et
294 1253 511 1291 actionibus,
539 1253 581 1284 (18
600 1251 787 1293 8011111310,
815 1252 858 1282 (18
878 1248 1017 1287 liberis,
1051 1249 1093 1280 de
1117 1245 1237 1279 amici-

244 1306 320 1343 tiis,
351 1305 392 1337 de
419 1301 778 1347 peregrinationibus.
832 1301 1018 1333 Postrema
1045 1299 1086 1331 de
1110 1309 1237 1341 genere

244 1356 368 1389 mortis
402 1353 563 1399 quaestio
595 1359 645 1386 est
680 1351 796 1384 vicina
825 1350 1003 1395 superiori
1037 1347 1238 1394 quaestioni

244 1409 286 1440 de
319 1405 433 1450 spatio
459 1406 564 1438 vitae.
635 1403 703 1436 Sed
729 1409 809 1447 post
834 1408 989 1435 caeteras
1012 1400 1238 1445 quaestiones

243 1456 312 1491 1108
329 1457 424 1490 tradi
441 1456 542 1489 solet.

347 1524 401 1558 De
424 1522 479 1557 bis
503 1521 708 1556 summatim
730 1521 868 1559 dicam,
904 1528 1151 1562 exponamque
1174 1528 1240 1548 nu-

244 1578 307 1610 das
332 1575 520 1621 qualitates
546 1572 756 1611 effectrices,
799 1583 839 1604 ac
865 1570 1028 1603 omittam
1053 1580 1113 1607 ea,
1148 1578 1239 1612 quae

245 1640 319 1660 non
336 1625 469 1659 babent
485 1638 525 1658 ex
548 1631 675 1657 natura
701 1635 842 1655 causam
869 1620 1112 1665 probabilem,
1148 1630 1239 1663 quae

245 1685 365 1712 tamen
396 1677 499 1709 multi
530 1675 666 1708 curiose
689 1686 728 1706 ac
754 1679 894 1718 practer
917 1685 991 1705 rem
1016 1675 1239 1706 scrutantur;

245 1742 310 1762 1188
327 1740 501 1761 accersam
527 1726 785 1764 divinationes,
821 1735 911 1769 quae
936 1735 976 1756 ex
999 1722 1154 1756 sortibus
1179 1725 1241 1753 aut

245 1780 404 1814 numeris
429 1784 638 1817 sumuntur,
673 1787 763 1821 quae
796 1775 931 1808 nullam
966 1772 1100 1806 babent
1130 1770 1241 1803 ratio-

246 1844 347 1868 nem;
390 1831 450 1863 sed
477 1842 515 1861 ea
547 1829 705 1867 tradam,
748 1838 839 1872 quae
864 1824 997 1858 habent
1019 1823 1240 1867 exploratam

247 1882 494 1915 certitudinem
515 1886 662 1924 propter
679 1884 856 1911 astrorum
877 1876 1012 1920 positus
1030 1882 1064 1908 et
1078 1875 1239 1906 locorum

247 1932 507 1978 propriet.1tes;
562 1936 737 1974 eruntque
780 1933 966 1972 praecepta
1013 1924 1240 1959 universalia.

248 1985 340 2019 Nam
360 1983 388 2017 si
414 1982 492 2028 quis
518 1982 560 2014 de
585 1980 731 2023 singulis
752 1979 836 2011 velit
857 1977 1081 2022 praecipere,
1116 1976 1239 2008 eadem

248 2035 397 2070 subinde
414 2034 604 2078 repetenda
624 2036 749 2065 essent.

542 2136 698 2167 Primum
722 2136 947 2174 praeceptum.

351 2201 514 2235 Primum
550 2206 667 2233 autem
698 2198 922 2244 quaerendus
946 2202 997 2229 cst
1022 2195 1167 2228 Zodiaci
1192 2196 1243 2228 lo-

252 2266 332 2293 8115,
358 2253 418 2297 (101
442 2251 615 2295 significat
639 2250 774 2295 aliquid
802 2250 844 2281 de
869 2248 943 2280 nati
968 2247 1243 2281 conditionibus.

251 2304 301 2338 Ut
325 2304 473 2346 exempli
499 2314 622 2341 causa,
655 2302 698 2333 de
719 2300 890 2344 dignitate
915 2298 1095 2331 actionum
1119 2310 1243 2331 consu-

252 2356 397 2388 lendum
417 2360 468 2386 est
491 2353 645 2386 medium
671 2352 777 2389 coeli;
809 2353 851 2384 de
875 2356 996 2394 patre,
1032 2350 1129 2382 locus
1153 2349 1244 2382 Solis

253 2405 500 2450 adspiciendus
527 2410 588 2437 est.
657 2403 795 2436 Deinde
819 2401 1034 2440 videndum,
1069 2400 1147 2445 quis
1172 2400 1244 2443 pla-

253 2463 334 2490 neta
356 2455 561 2488 dominetur
587 2454 637 2485 illi
661 2454 760 2493 loco,
793 2454 887 2486 iuxta
913 2451 1071 2497 quinque
1100 2463 1245 2495 praero-

255 2507 411 2552 gativas,
454 2518 494 2538 ex
519 2505 646 2550 quibus
670 2505 894 2548 planetarum
919 2502 1119 2535 dominium
1144 2502 1245 2535 aesti-

254 2565 386 2592 matur.
427 2556 533 2601 Quod
550 2555 577 2588 si
595 2567 686 2588 unus
702 2553 809 2588 babet
827 2566 950 2588 01111185
968 2553 1246 2598 praerogativas,

254 2608 339 2643 huic
364 2608 592 2641 tribuendum
617 2606 683 2639 erit
706 2605 923 2643 dominium;
957 2605 1011 2638 sin
1035 2611 1152 2637 autem
1170 2604 1246 2648 plu·

257 2673 313 2694 res
329 2660 491 2704 planetae
509 2663 740 2696 concurrent,
768 2657 1021 2700 praeferendus
1039 2661 1090 2689 851
1108 2655 1153 2695 15,
1185 2654 1247 2700 qui

258 2709 366 2744 habet
381 2709 553 2754 plurimas
571 2708 849 2753 praerogativas.

827 128 948 162 PHIL.
981 126 1093 160 MEL.
1129 125 1331 160 SCRIPTA
1363 124 1701 161 PHILOLOGICA.

2236 129 2286 164 64

1391 210 1529 244 Deinde
1555 211 1833 244 considerandae
1863 218 1945 246 sunt
1973 219 2005 245 et
2032 213 2195 257 planetae
2222 215 2284 247 do-

1290 262 1499 301 minatoris,
1529 269 1562 295 et
1581 264 1764 306 signorum
1782 268 1951 303 naturae,
1988 264 2023 296 in
2049 265 2176 309 quibus
2201 272 2284 299 sunt
2308 281 2311 283 ·

1291 314 1452 357 planetae
1473 319 1508 345 et
1526 314 1622 346 locus
1640 313 1843 346 dominans.
1902 314 1952 346 Ac
1978 316 2137 358 potentia
2161 316 2284 360 plane-

1291 371 1344 396 tae
1363 365 1399 396 tit
1417 364 1552 403 maior,
1581 377 1658 396 cum
1676 364 1811 407 positus
1827 370 1877 396 est
1894 365 2090 405 efficacior,
2121 367 2176 399 vel
2201 379 2284 411 pro-

1291 421 1367 459 pter
1389 415 1564 458 positum,
1593 427 1698 459 quem
1719 414 1755 446 in
1783 416 1916 447 mundo
1940 413 2091 456 habent,
2127 417 2181 450 vel
2202 430 2285 461 pro-

1291 472 1367 509 pter
1385 466 1559 509 positum,
1588 465 1649 510 qui
1666 465 1839 508 contingit
1855 466 1903 499 eis
1921 466 1956 498 in
1975 467 2059 500 locis
2076 468 2284 503 nativitatis.
2332 480 2334 490 ¹

1290 517 1379 549 Sunt
1397 517 1490 548 enim
1511 516 1722 548 efficaciores
1742 523 1889 560 propter
1912 518 2087 560 positum,
2116 531 2221 563 quem
2246 519 2284 552 in

1291 569 1423 600 mundo
1443 565 1594 606 babent,
1624 569 1768 611 quando
1786 568 1919 600 suntin
1939 570 2093 612 propriis
2115 569 2223 613 signis
2249 576 2284 603 et

1290 618 1444 662 propriis
1463 618 1567 657 10815,
1596 624 1630 649 81
1647 619 1791 662 quando
1815 625 1898 651 sunt
1921 619 2112 652 orientales
2133 627 2166 653 et
2190 621 2285 653 aucti

1290 673 1404 701 cursu.
1459 669 1646 701 Praeterea
1669 668 1746 711 plus
1764 669 1883 701 valent
1901 676 2046 713 propter
2067 671 2221 714 positum
2246 671 2284 704 in

1290 719 1494 758 nativitate,
1523 720 1668 763 quando
1685 725 1768 751 50111
1792 720 1829 751 111
1853 721 2077 761 cardinibus,
2112 734 2220 766 quarn
2243 722 2283 755 in

1289 771 1454 803 domibus
1485 769 1764 803 succedentibus.
1843 770 2039 815 Praecipua
2081 784 2166 805 vero
2203 773 2282 806 loca

1289 828 1390 860 sunt,
1419 822 1610 854 ascendens
1627 827 1661 853 et
1677 821 1834 853 medium
1854 822 1954 855 coeli.

1391 870 1643 904 imbecilliores
1662 883 1747 904 vero
1765 878 1865 911 sunt,
1897 879 2044 916 propter
2067 873 2221 916 positum
2245 872 2284 906 in

1290 924 1446 962 mundo,
1476 923 1619 967 quando
1639 922 1674 953 in
1699 922 1784 955 10815
1811 923 1934 956 alienis
1959 930 1993 955 et
2015 935 2088 955 non
2112 923 2284 967 cognatis,

1291 979 1417 1005 etcum
1436 980 1518 1006 sunt
1536 973 1768 1006 occidentales
1791 979 1825 1005 et
1848 974 2016 1006 diminuti
2038 986 2154 1008 cursu.
2215 974 2283 1007 Sed

1291 1024 1539 1057 imbecilliores
1561 1030 1643 1057 sunt
1668 1030 1815 1067 propter
1840 1024 1994 1068 positum
2022 1024 2059 1056 in
2084 1025 2284 1065 nativitate,

1291 1076 1435 1119 quando
1452 1077 1583 1107 cadunt
1604 1088 1621 1106 a
1642 1074 1858 1108 cardinibus.

1393 1125 1508 1157 Porro
1528 1126 1571 1157 ad
1588 1125 1817 1158 iudicandum
1837 1131 1974 1168 tempus
1991 1131 2182 1158 eventuum
2200 1136 2284 1158 con-

1290 1175 1485 1214 sideretur,
1519 1187 1563 1207 an
1588 1175 1658 1208 sint
1683 1176 1869 1214 matutini,
1904 1182 1966 1208 aut
1991 1176 2202 1220 vespertini,
2239 1176 2285 1208 ad

1291 1226 1407 1258 Solem
1446 1231 1480 1258 et
1510 1223 1763 1269 horoscopum.

1291 1277 1408 1309 Solem
1428 1282 1489 1309 aut
1506 1274 1747 1319 horoscopum
1766 1277 2002 1319 praecedunt,
2037 1283 2072 1310 et
2093 1275 2147 1310 his
2173 1289 2286 1321 oppo-

1291 1328 1350 1361 siti
1372 1340 1389 1360 e
1414 1327 1559 1370 regione
1583 1326 1751 1359 matutini
1779 1334 1881 1367 50111,
1918 1327 2055 1372 reliqua
2080 1327 2156 1360 loca
2180 1334 2214 1360 et
2233 1340 2286 1361 se-

1292 1378 1436 1423 quentia
1453 1384 1536 1410 sunt
1553 1377 1773 1420 vespertina;
1800 1384 1835 1410 et
1852 1390 1898 1410 an
1914 1377 1985 1410 sint
2008 1379 2046 1410 in
2069 1378 2286 1419 cardinibus,

1292 1436 1353 1462 aut
1367 1428 1635 1462 succedentibus
1651 1428 1828 1461 domibus.
1881 1427 1974 1461 Nam
2003 1441 2081 1462 cum
2107 1435 2190 1462 sunt
2212 1441 2287 1462 ma-

1291 1479 1419 1519 tutini,
1447 1485 1508 1512 aut
1526 1478 1563 1511 111
1583 1478 1799 1518 cardinibus,
1827 1476 1961 1512 habent
1978 1479 2078 1512 initia
2097 1480 2286 1519 celeriora

1291 1530 1486 1575 vespertini
1518 1541 1622 1569 vero,
1666 1536 1727 1563 aut
1756 1530 1794 1562 in
1824 1531 2091 1565 succedentibus
2121 1531 2286 1565 domibus

1291 1580 1425 1615 habent
1443 1580 1618 1614 tardiores
1636 1581 1791 1614 effectus.

1646 1667 1699 1698 De
1721 1666 1931 1714 parentibus.

1395 1732 1590 1766 Cuiuslibet
1603 1731 1671 1764 loci
1690 1732 1907 1775 praestantia
1919 1758 1928 1772 ‚
1961 1743 2068 1777 quam
2088 1731 2125 1764 in
2141 1732 2288 1776 speciali

1293 1784 1578 1817 consideratione
1594 1795 1733 1826 semper
1753 1784 1934 1815 attendere
1957 1783 2143 1823 convenit,
2177 1783 2225 1816 ita
2250 1795 2287 1818 58

1293 1834 1410 1868 habeb

1294 1887 1388 1919 iuxta
1406 1886 1606 1918 institutum
1623 1885 1805 1923 ordinem,
1841 1884 1969 1917 dicturi
1986 1885 2150 1918 videlicet
2167 1886 2209 1918 de
2226 1897 2288 1929 pa-

1293 1937 1465 1970 rentibus.
1533 1935 1593 1969 Sol
1618 1942 1651 1968 et
1675 1935 1849 1968 Saturnus
1874 1936 2093 1969 conveniunt
2117 1936 2212 1980 patri
2234 1948 2288 1970 se-

1294 1989 1449 2021 cundum
1467 1993 1633 2020 naturam
1645 2012 1655 2025 ,
1682 1985 1782 2018 Luna
1803 1992 1837 2018 et
1853 1985 1972 2020 Venus
1988 1986 2107 2020 matri.
2149 1986 2288 2020 Harum

1294 2040 1475 2073 stellarum
1494 2037 1651 2070 conditio
1671 2037 1763 2069 iuter
1778 2049 1850 2069 sese
1870 2045 1904 2070 et
1929 2049 2010 2080 erga
2036 2037 2144 2077 alias,
2179 2037 2288 2081 signi-

1294 2091 1374 2123 ficat
1391 2088 1583 2122 accidentia
1602 2094 1803 2131 parentum:
1856 2088 1901 2120 Et
1919 2089 1960 2121 de
1978 2089 2122 2121 fortuna
2139 2099 2178 2120 ac
2198 2088 2289 2121 divi-

1295 2141 1351 2174 tiis
1371 2153 1495 2173 eorum
1512 2139 1688 2172 iudicatur
1712 2150 1753 2171 ex
1776 2139 1964 2179 comitatu,
2002 2138 2064 2184 qui
2091 2138 2289 2172 circumdat

1294 2192 1442 2226 lumina.
1501 2189 1726 2233 significatur
1753 2189 1847 2221 8111111
1874 2189 2018 2223 illustris
2045 2196 2080 2222 et
2103 2190 2289 2234 splendida

1295 2245 1451 2282 fortuna,
1474 2254 1551 2274 cum
1570 2241 1716 2273 benefici
1732 2240 1894 2284 planetae
1913 2241 2135 2273 circumdant
2152 2240 2288 2274 lumina

1296 2295 1333 2327 in
1351 2294 1474 2327 iisdem
1492 2291 1617 2335 signis,
1645 2298 1707 2324 aut
1721 2291 1948 2336 sequentibus
1966 2292 2181 2325 conditionis
2199 2292 2290 2324 eius-

1297 2346 1397 2385 dem,
1425 2356 1465 2377 ac
1482 2343 1671 2387 praecipue
1694 2354 1771 2375 cum
1796 2354 1906 2386 prope
1922 2342 2041 2376 Solem
2067 2348 2150 2376 sunt
2173 2349 2290 2375 rnatu-

1824 1226 1914 1259 Nam
1949 1228 2183 1270 quadrantes,
2223 1226 2286 1272 qui
2314 1225 2320 1235 ‘

1479 1834 1583 1868 Nunc
1613 1846 1698 1866 vero
1731 1834 1941 1877 incipiemus
1965 1846 1983 1866 a
2009 1834 2126 1877 primo
2159 1833 2287 1879 capite,
2328 1856 2330 1858 v

1297 2396 1381 2436 tini,
1409 2407 1520 2440 prope
1538 2393 1676 2427 Lunam
1697 2393 1909 2437 vespertini,
1942 2393 2047 2427 fausti
2069 2399 2102 2426 et
2127 2405 2201 2426 non
2224 2393 2290 2425 im·
2332 2421 2340 2426 ,

1297 2447 1419 2492 pediti.
1469 2446 1557 2479 Cum
1577 2450 1693 2477 autem
1704 2444 1878 2478 Saturnus
1894 2451 1927 2477 et
1938 2444 2057 2477 Venus
2072 2446 2155 2477 sunt
2173 2444 2290 2476 orien-

1297 2499 1383 2532 tales
1403 2504 1437 2531 et
1455 2498 1490 2529 in
1508 2495 1655 2541 proprio
1673 2495 1809 2539 fulgore
1821 2521 1829 2534 ‚
1857 2502 1917 2528 aut
1938 2495 1975 2528 in
1992 2495 2135 2528 cardine
2147 2521 2156 2534 ‚
2182 2494 2291 2539 signi-

1297 2551 1403 2583 ficant
1430 2549 1613 2593 utriusque
1636 2546 1793 2591 parentis
1825 2547 2047 2580 manifestam
2073 2546 2290 2585 felicitatem,

1298 2601 1394 2634 iuxta
1412 2600 1581 2645 cuiusque
1598 2598 1864 2643 proprietatem.

1402 2651 1470 2684 Sed
1493 2651 1523 2684 si
1548 2649 1683 2683 lumina
1709 2661 1773 2682 nec
1799 2648 1995 2691 iunguntur
2022 2647 2100 2681 aliis
2127 2646 2290 2692 planetis,

1300 2715 1365 2736 nec
1382 2702 1589 2736 comitatum
1605 2699 1758 2741 habent,
1784 2700 1982 2744 significant
2001 2699 2156 2732 abiectus
2179 2704 2214 2732 et.
2236 2698 2291 2731 in-
