2373 2980
125 92 202 133 225

128 188 205 222 tur,
227 180 335 227 idque
359 184 490 212 vocant
514 179 604 212 oriri
632 177 863 225 ἡλιακοῦςω),
897 179 1005 222 paulo
1039 185 1120 211 ante

127 232 212 267 solis
234 238 351 265 ortum
379 229 547 275 conspici.
600 229 684 263 Ideo
700 229 876 263 Hesiodus
899 229 949 262 ait
970 242 1120 263 messem

127 284 279 323 instare,
318 294 399 316 cum
431 282 598 316 oriuntur
626 281 809 321 Pleiades,
844 281 1008 314 videlicet
1040 287 1121 314 ortu

127 334 283 368 Heliaco.
315 333 514 368 Novembri
531 345 636 366 mane
652 334 716 367 sub
735 339 869 366 terram
890 333 1121 372 descendunt,

126 397 206 419 cum
238 391 348 419 noctu
378 391 587 430 conspectae
619 391 720 425 sunt,
770 384 806 416 id
842 390 913 424 est,
959 384 1121 417 occidere

123 439 321 481 κοσμικαῖς.
382 435 421 470 Id
452 448 538 470 vero
574 443 714 480 tempus
748 435 897 470 sementi
938 436 1121 469 faciendae

123 487 296 522 idoneum
329 488 489 522 iudicant
514 487 726 532 agricolae.'
757 485 841 520 Ideo
863 486 1034 531 Virgilius
1067 487 1120 521 di-

124 539 175 572 xit
185 539 230 587 ¹4)
245 552 251 572 ε

254 601 331 627 Ante
353 598 405 627 tibi
426 598 506 627 ane
528 597 696 627 Atlantides
717 598 942 628 abscondantur.

252 650 359 678 Debita
382 659 469 687 quam
492 650 578 678 sulcis
600 650 762 677 committas
784 650 897 678 semina
919 654 976 678 etc.

122 700 163 735 Id
194 707 266 742 est,
297 713 404 734 mane
438 701 625 741 occidant,
664 702 762 747 quod
792 702 831 734 fit
863 699 993 734 hieme.
1053 699 1120 733 Sed

122 752 185 787 ubi
209 752 311 786 citius
326 750 442 787 hiems
467 759 538 794 est,
563 752 667 786 citius
692 759 835 792 serunt,
860 759 900 785 ut
918 752 954 785 in
971 751 1122 785 Germa-

123 805 205 844 nia,
234 804 279 848 id¹
294 816 439 849 quoque
462 804 639 849 praecipit
661 802 907 850 Virgilius¹⁵):

164 864 243 892 Dum
265 863 341 892 sicca
362 864 472 893 tellure
494 864 566 892 licet
576 862 634 903 ¹⁶),
659 863 727 892 dum
750 863 851 892 nubila
872 862 1017 902 pendent.

123 914 303 949 Dicuntur
327 915 511 956 Pleiades,
540 916 638 961 quod
661 915 706 949 sit
729 915 888 960 plurium
915 914 1121 947 coniuncta-

123 979 205 1000 rum
238 966 421 1000 stellarum
454 967 623 1012 proprius
651 974 784 1001 coetus.
846 965 968 999 Latini
998 964 1120 1008 Vergi-

122 1018 188 1052 lias
219 1017 405 1059 dixerunt,
445 1020 542 1065 quod
569 1018 606 1051 in
632 1031 713 1052 vere
745 1017 932 1059 oriantur,
965 1015 1121 1050 Atlantis

122 1069 216 1102 filiae
241 1070 442 1114 finguntur,
473 1076 507 1103 et
531 1071 635 1103 credo
659 1069 798 1103 Atlanti
829 1082 908 1103 eum
942 1067 1119 1102 honorem

123 1118 269 1160 haberi,
312 1122 410 1166 quod
449 1122 611 1154 docuerit
647 1121 920 1156 astronomiam.
988 1120 1120 1152 Poetae

124 1172 335 1217 trisyllabon
365 1172 501 1205 faciunt
533 1170 680 1217 πληϊάς;
712 1173 750 1205 in
782 1172 897 1205 soluta
930 1183 1016 1204 vero
1042 1182 1120 1203 ora-

124 1222 223 1255 tione
234 1222 455 1267 dissyllabon
470 1229 521 1256 est
530 1223 652 1267 pleias.
752 1217 1120 1268 ’Entzezzo‚uezsoiwv.]

126 1285 150 1307 α
174 1272 295 1306 Ionica
320 1273 472 1306 dialecto
499 1273 711 1318 interposita
741 1279 804 1307 est.

228 1345 262 1367 v.
288 1330 374 1366 385.
401 1332 523 1379 (383.)
563 1331 614 1367 Αἱ
639 1330 800 1378 (bitom)
826 1331 965 1371 νύκτας
995 1345 1034 1366 τε
1058 1329 1120 1366 καὶ

123 1381 250 1428 ἤματα
274 1380 586 1430 τεσσαράκοντα]
631 1383 739 1428 Quod
774 1383 860 1416 dicit
885 1383 1118 1429 quadraginta

124 1434 199 1468 dies
227 1440 422 1480 noctesque
463 1434 573 1467 latere
607 1433 803 1478 Vergilias,
844 1434 893 1467 sic
925 1434 1063 1478 accipe,
1101 1446 1118 1465 a

124 1484 223 1518 Maio
248 1485 434 1519 subvectas
459 1497 568 1530 supra
593 1491 727 1519 terram
744 1485 901 1519 interdiu
920 1497 995 1519 non
1012 1484 1121 1524 cerni,

124 1542 273 1581 propter
297 1536 517 1570 vicinitatem
549 1537 652 1578 solis,
681 1550 810 1582 magna
841 1543 942 1582 parte
967 1536 1121 1575 aestatis,

125 1593 235 1621 noctu
263 1600 349 1621 vero
382 1588 447 1621 sub
476 1594 571 1620 terra
603 1595 697 1623 sunt.
757 1589 846 1623 Post
867 1601 1006 1622 menses
1031 1589 1121 1622 duos

125 1651 231 1672 mane
266 1645 483 1680 cernuntur,
529 1638 591 1672 ubi
619 1639 760 1684 longius
799 1640 871 1673 iam
908 1641 962 1674 sol
994 1640 1121 1674 disces-

126 1690 212 1724 serit
235 1702 253 1722 a
271 1690 408 1725 Tauro.
460 1689 601 1724 Deinde
625 1704 747 1725 mense
765 1690 917 1724 Octobri
943 1698 1025 1736 post
1048 1703 1122 1724 ma-

127 1740 284 1775 tutinum
312 1754 477 1776 occasum
503 1748 613 1775 noctu
644 1755 768 1776 rursus
793 1749 1000 1777 cernuntur.
1052 1742 1122 1777 Ne-

127 1804 196 1837 que
228 1799 280 1826 est
312 1793 362 1827 sic
393 1793 663 1837 accipiendum,
709 1794 808 1839 quod
842 1800 924 1838 post
958 1806 1121 1828 occasum

124 1843 363 1884 matutinum,
402 1850 484 1887 post
519 1850 733 1877 autumnum
764 1845 917 1882 lateant3
956 1857 1041 1878 nam
1073 1845 1120 1877 ita

125 1899 235 1927 noctu
258 1901 501 1929 cernerentur.
562 1895 667 1930 Nunc
691 1901 798 1940 poeta
824 1908 889 1929 nec
917 1902 1026 1937 notu,
1056 1908 1122 1929 nec

126 1944 283 1979 interdiu
316 1946 475 1990 conspici
502 1946 598 1981 dicit.
651 1945 691 1980 Id
715 1947 754 1980 fit
784 1947 823 1980 in
852 1953 1006 1987 aestate,
1036 1948 1119 1980 dum

126 1997 180 2030 sol
202 1996 351 2042 propius
376 1997 539 2032 Taurum
565 2004 741 2033 versatur.

231 2060 264 2091 v.
288 2056 375 2091 386.
401 2056 526 2104 (384.)
555 2054 830 2106 Κεκρύφαται.]
849 2057 950 2091 tertia
967 2069 1121 2103 persona

127 2113 178 2142 est
202 2108 386 2152 praeteriti
414 2108 566 2153 passivi,
597 2115 637 2142 ut
668 2110 764 2154 apud
786 2109 985 2143 Homerum
1021 2109 1058 2142 in
1087 2111 1122 2144 2.

125 2158 256 2193 Iliados
295 2157 585 2207 ἐπιτετράφαται
602 2160 659 2207 ¹⁸).
739 2161 888 2194 Addunt
935 2160 1031 2194 enim
1068 2159 1122 2193 Io-

126 2210 244 2257 nesw)
275 2223 339 2246 ται
376 2217 516 2245 tantum
544 2212 591 2245 ad
620 2212 856 2256 praeteritum
886 2212 1021 2245 activae
1060 2225 1122 2245 vo-

163 2312 209 2344 13)
226 2313 268 2337 De
286 2311 329 2336 liis
354 2312 481 2336 terminis
506 2312 701 2337 astronomicis
731 2314 858 2337 veterum
877 2313 948 2338 conf.
968 2313 998 2336 L.
1017 2313 1121 2336 ldeler:

198 2347 347 2371 Handbucii
372 2346 421 2370 der
446 2348 692 2372 mathematischen
720 2349 775 2372 und
800 2348 977 2372 technischeu
996 2347 1122 2372 Chrono—

196 2381 281 2412 logie.
316 2381 429 2405 Tom.1.
458 2388 482 2411 p.
502 2382 625 2407 51—53.

165 2422 211 2456 14)
230 2424 311 2454 virg.
331 2424 433 2454 Geni-g.
452 2425 474 2454 1,
493 2424 553 2450 221.
571 2425 631 2449 223.

164 2464 211 2496 15)
230 2465 310 2496 Virg.
331 2466 433 2496 Geni-g.
452 2465 474 2496 I,
493 2466 554 2490 214.

166 2504 212 2538 16)
232 2507 308 2536 licet]
328 2507 376 2530 Ed.
399 2507 471 2532 1557.
493 2514 592 2532 errore
612 2511 744 2540 typogr.:
765 2510 846 2534 lucet.

164 2547 212 2580 1⁷)
232 2546 316 2580 δῆτοι]
337 2549 376 2573 sic
394 2550 476 2574 Editt.
495 2550 579 2581 1532„
597 2551 683 2579 1541..
705 2552 790 2582 1562„
814 2552 900 2583 1564,
921 2552 1007 2578 1601..
1029 2552 1122 2579 mea:

198 2582 283 2607 Editt.
300 2583 385 2613 1557..
406 2585 597 2611 1569—1591..
618 2586 693 2610 1662.
711 2588 738 2610 et
757 2587 890 2617 Brunck.‚
909 2586 998 2611 Gaisf.
1014 2584 1045 2617 δή
1064 2594 1121 2617 τοι;

197 2617 283 2641 Editt.
304 2617 405 2641 Goettl.
418 2635 425 2648 ,
444 2619 532 2645 Diibn.
551 2617 579 2643 ‹5’
594 2617 661 2651 ἤτοι.

163 2659 210 2692 18)
230 2661 308 2684 nom.
332 2660 363 2684 11.
382 2661 417 2691 11,
435 2661 477 2686 25.
495 2662 539 2688 62.

165 2702 211 2735 19)
230 2703 326 2733 lones]
346 2703 395 2727 Ed.
415 2704 489 2730 ¹54¹.
509 2706 540 2730 Β.
560 2711 655 2730 errore
675 2708 807 2739 typogr.:
828 2709 954 2733 loannes.

128 2746 312 2778 Mamm.
335 2746 441 2777 OPER.
466 2747 549 2778 Vm..
574 2748 697 2780 XVIII.

363 90 437 128 LII.
483 92 519 128 3.
545 91 831 128 ΕΝΑΒΡιΑΤΙΟ
858 92 1064 127 OPERUM
1090 93 1155 128 ET
1182 94 1374 129 DIERUM
1401 95 1604 131 HESIODI.
1639 109 1689 132 vs.
1705 95 1936 131 376—405.

2092 97 2167 134 226

1176 181 1235 215 cis.
1348 180 1619 228 περιπλομένου
1643 181 1837 231 ἐνιαυτοῦ]
1862 181 2016 228 πίλομαι
2027 182 2074 229 20)
2097 184 2168 217 exi-

1175 238 1249 271 st0;
1282 231 1364 265 inde
1390 232 1673 279 περιπλομένος,
1704 241 1738 267 et
1763 241 1813 269 est
1844 241 2057 279 perpetuum
2081 235 2169 268 anni

1175 281 1372 326 epitheton.
1433 284 1569 318 Gellius
1601 286 1788 329 diligenter
1813 284 1906 319 hanc
1933 299 2057 319 vocem
2089 287 2169 320 red-

1175 334 1227 367 dit
1252 334 1312 367 lib.
1333 334 1368 367 3.
1393 346 1469 378 cap.
1490 336 1548 370 16.
1579 349 1644 381 pro
1667 338 1878 371 decurrente
1902 338 1947 370 ad
1973 339 2079 371 finem
2106 350 2168 371 an-

1175 398 1243 424 no,
1271 391 1305 418 et
1328 397 1404 418 non
1428 386 1643 420 circumacto
1669 388 1794 435 imum)
1819 401 1926 423 anno.

1278 457 1310 477 v,
1335 444 1421 478 388.
1446 444 1568 490 (386.)
1619 440 1744 485 Οὗτός
1773 460 1830 482 τοι
1858 444 1998 482 maim
2027 445 2169 482 πέλεται

1174 493 1290 539 νόμος
1320 494 1405 543 etc.]
1433 495 1598 540 Elliptica
1633 497 1749 530 oratio
1781 504 1849 536 est;
1882 499 1959 531 vult
1993 499 2086 531 enim
2115 498 2170 531 di-

1176 558 1273 579 cere:
1315 545 1407 587 Illis,
1446 548 1508 592 qui
1539 560 1651 592 prope
1681 560 1780 581 mare
1811 546 1996 589 habitant,
2035 550 2168 596 quique

1176 598 1284 631 valles
1310 610 1484 632 concavas
1510 605 1572 633 cte.
1594 597 1683 633 haec
1706 600 1761 632 lex
1789 601 1962 633 servanda
1990 607 2052 634 est.

1277 670 1311 692 v.
1335 657 1422 692 389.
1448 658 1571 705 (387.)
1626 658 1741 708 ἄγκεα
1751 656 1818 706 22)]
1843 658 1957 707 ἄγκος
1973 660 2168 703 palustrem

1176 714 1309 742 terram
1334 709 1521 753 significat.

1277 782 1311 803 v,
1336 769 1423 804 391.
1446 768 1569 816 (389.)
1622 767 1779 814 Γυμνὸν
1810 767 1970 815 σπείρειν
1995 768 2081 817 em]
2138 769 2170 803 A

1174 820 1276 864 signo
1310 821 1478 855 describit
1502 833 1623 855 rursus
1654 827 1795 865 tempus
1827 821 1999 854 arationis
2026 828 2059 854 et
2081 834 2169 856 mes-

1175 872 1232 905 sis.
1284 872 1348 906 Est
1371 878 1491 906 autem
1519 873 1694 905 arandum
1705 872 1751 919 23)
1779 879 1861 906 ante
1884 872 2076 905 maximam
2093 886 2169 907 sae-

1175 923 1297 956 vitiem
1332 922 1471 958 hiemis.
1541 923 1588 957 Et
1618 925 1806 957 commode
1839 924 1968 957 adiecit
1998 922 2168 958 adhorta-

1174 975 1384 1010 tiunculam.
1438 975 1548 1016 Vide,
1578 981 1616 1008 ut
1641 988 1696 1009 res
1721 981 1779 1009 tua
1807 975 1844 1008 in
1875 982 2036 1019 tempore
2061 977 2169 1009 confi-

1175 1027 1308 1067 ciatur,
1330 1039 1375 1059 ne
1403 1026 1540 1070 cogaris
1563 1026 1677 1059 aliena
1705 1027 1824 1060 vivere
1851 1027 2000 1072 quadra.

1277 1107 1310 1129 v,
1335 1094 1422 1129 393.
1454 1094 1540 1129 394.
1576 1095 1664 1140 (391
1692 1094 1762 1140 sq.)
1826 1093 1895 1133 ‘'Qg
1937 1107 1993 1129 τοι
2033 1094 2170 1129 ἕκαστα

1175 1143 1257 1191 ὥρι’
1286 1144 1520 1194 ἃε’ξηται2“).]
1574 1146 1694 1180 Verbo
1722 1146 1911 1189 singularis
1935 1146 2077 1179 numeri
2104 1158 2170 1179 no-

1175 1208 1257 1229 men
1281 1197 1429 1242 pluralis
1454 1198 1594 1231 numeri
1621 1198 1802 1237 adiunxit,
1829 1199 1926 1243 quod
1951 1198 2096 1231 Graecis
2118 1198 2170 1230 sa-

1174 1248 1314 1281 miliare
1355 1255 1417 1283 est.
1486 1247 1682 1297 Πῑώσσω]
1722 1248 1759 1282 ld
1800 1255 1868 1289 est,
1912 1249 2048 1293 trepide
2085 1255 2168 1293 peto

1175 1299 1309 1334 alienas
1333 1301 1450 1335 aedes.

1289 1381 1322 1402 v.
1346 1368 1432 1402 398.
1459 1367 1580 1415 (396.)
1633 1368 1750 1416 Ἔργα
1780 1363 1865 1402 ‘coit’
1908 1364 2168 1417 ἀνθρώποισι]

1175 1417 1311 1459 Causa,
1339 1432 1451 1465 quare
1477 1420 1522 1453 sit
1546 1420 1804 1452 laborandum:
1860 1419 1953 1464 Quia
1976 1417 2087 1453 homo
2119 1421 2171 1454 fa-

1175 1475 1250 1503 ctus
1279 1476 1314 1503 et
1338 1471 1524 1505 ordinatus
1548 1477 1599 1504 est
1618 1472 1661 1503 ad
1686 1471 1837 1504 labores.
1891 1470 2015 1516 Neque
2039 1473 2171 1505 frustra

1175 1526 1244 1561 est,
1269 1522 1366 1567 quod
1382 1520 1451 1556 hoc
1468 1529 1540 1556 tam
1558 1522 1681 1556 sedulo
1699 1522 1854 1556 inculcat
1872 1528 1906 1555 et
1929 1529 2032 1566 urget
2052 1529 2172 1568 poeta.

1174 1572 1267 1606 Nam
1287 1580 1542 1623 praeterquam
1574 1575 1672 1620 quod
1696 1573 1763 1606 Dei
1788 1574 1953 1607 voluntas
1991 1581 2043 1608 est
2072 1575 2173 1608 labo-

1175 1636 1276 1665 rare,
1313 1625 1421 1658 etiam
1456 1624 1524 1659 hoc
1558 1625 1757 1670 significare
1787 1632 1892 1669 poeta
1926 1625 2060 1667 voluit,
2096 1638 2172 1660 non

1175 1687 1277 1720 posse
1300 1676 1395 1717 fieri,
1418 1683 1458 1710 ut
1481 1677 1560 1723 quis
1588 1675 1736 1711 honeste
1761 1677 1876 1717 vivat,
1907 1676 1974 1710 nisi
1992 1678 2099 1711 simul
2121 1679 2172 1711 la-

1175 1727 1288 1761 boret.
1344 1727 1390 1761 Et
1412 1729 1716 1774 quemadmodum
1741 1728 1917 1761 maximae
1934 1740 1989 1762 res
2007 1729 2172 1764 dilabun-

1175 1784 1234 1811 tur
1251 1791 1315 1823 per
1332 1779 1548 1813 discordiam
1561 1806 1571 1820 ‚
1591 1780 1642 1813 ‘ita
1659 1792 1801 1825 quoque
1824 1791 1887 1824 per
1909 1780 2110 1814 socordiam
2130 1794 2171 1815 ac

1175 1830 1429 1874 negligentiam
1440 1858 1449 1871 ,
1465 1838 1505 1865 ut
1520 1844 1626 1876 saepe
1642 1845 1708 1865 usu
1725 1832 1846 1864 venire
1864 1831 2037 1867 videmus.
2081 1832 2172 1866 Sunt

1176 1881 1292 1922 enim,
1316 1882 1398 1927 qui,
1425 1883 1567 1917 tametsi
1583 1895 1658 1915 non
1683 1895 1830 1926 magnos
1846 1882 1978 1915 saciant
1996 1891 2171 1929 sumptus,

1175 1944 1240 1965 nec
1262 1933 1462 1978 dilapident
1487 1947 1563 1968 rem
1587 1934 1823 1974 familiarem,
1861 1941 1981 1967 tamen
2005 1936 2170 1969 socordia

1177 1984 1221 2016 ad
1240 1991 1435 2018 extremam
1459 1992 1707 2030 paupertatem
1729 1986 1952 2030 rediguntur.
2057 1984 2171 2022 διετε-

1175 2032 1368 2083 κμήραντο
1377 2036 1440 2082 25)]
1450 2035 1751 2084 διατεκμείρο,ιιαι
1764 2044 1813 2071 est
1826 2037 1968 2077 ordino,
1979 2038 2170 2072 constituo.

1281 2118 1313 2139 v.
1337 2103 1424 2140 405.
1446 2105 1568 2152 (403.)
1626 2103 1740 2141 Οἶκον
1762 2103 1832 2150 μὲν
1859 2102 2068 2151 πρώτιστα,
2100 2118 2169 2154 γυ-

1175 2152 1287 2189 ναῖκά
1310 2154 1382 2204 τε]
1422 2157 1566 2192 Primus
1591 2170 1712 2191 versus
1737 2155 1841 2191 liuius
1863 2157 1946 2189 libri
1965 2157 2170 2192 continebat·

1176 2207 1481 2250 propositionem,
1506 2209 1744 2253 complectens
1773 2220 1950 2242 summam
1978 2209 2169 2252 agricultu-

1209 2355 1256 2383 20)
1277 2355 1322 2379 Sic
1339 2357 1415 2379 recte
1434 2356 1517 2380 Editt.
1540 2355 1632 2381 1623..
1655 2354 1742 2383 16623
1763 2355 1811 2379 Ed.
1834 2354 1909 2379 1601.
1932 2355 2019 2379 male:
2048 2355 2169 2389 πίλομαι

1245 2388 1451 2421 περιπλομένου
1476 2388 1634 2417 ἐνιαυτοῦ];
1670 2389 1694 2411 in
1720 2389 1803 2413 Editt.
1832 2389 2022 2416 1532—1591.
2056 2391 2170 2416 Hesiodi

1244 2430 1328 2448 voces
1348 2423 1552 2456 περιπλομένου
1572 2421 1717 2452 ἐνιαυτοῦ,
1736 2424 1769 2446 ad
1785 2429 1852 2454 quas
1865 2424 1932 2448 hacc
1945 2426 2086 2450 annotatio
2101 2433 2168 2457 per-

1244 2458 1330 2490 tinet,
1350 2459 1469 2482 omissae
1486 2460 1558 2482 sunt.

1210 2501 1258 2530 21)
1277 2501 1346 2530 iam]
1363 2502 1403 2525 sic
1421 2502 1471 2526 Ed.
1492 2500 1584 2532 1532.;
1603 2500 1629 2524 in
1649 2501 1749 2524 ceteris
1769 2501 1851 2525 Editt.
1872 2501 1960 2528 deest.

1209 2545 1258 2573 22)
1281 2545 1358 2568 Hanc
1376 2545 1440 2568 Hes.
1459 2550 1554 2568 vocem
1571 2543 1632 2568 huic:
1649 2544 1820 2567 annotationi
1841 2543 1900 2574 ipse
1918 2545 2062 2575 adscripsi.

1208 2587 1257 2615 23)
1276 2587 1423 2616 arandum]
1446 2587 1494 2610 Ed.
1516 2587 1590 2612 15⁴1.
1606 2587 1635 2612 1⁴¹.
1656 2593 1753 2610 errore
1771 2588 1898 2617 typogr.:
1923 2589 2063 2613 arandam.

1208 2628 1400 2692 24ξέξάέξηται]
1438 2629 1524 2655 Editt.
1556 2630 1631 2654 1541.
1652 2630 1701 2658 F..
1742 2630 1815 2653 1557.
1845 2630 1871 2653 in
1903 2632 2044 2655 comment.
2077 2632 2164 2659 male:

1243 2672 1258 2687 a
1292 2670 1356 2689 ειαι,

1210 2706 1258 2738 25)
1279 2708 1354 2731 Hanc
1374 2707 1439 2732 fles.
1460 2713 1554 2732 vocem
1573 2707 1633 2730 huic
1653 2706 1758 2730 scholio
1778 2706 1836 2737 ipse
1855 2705 1979 2738 praefixi.

1604 2740 1651 2776 15
