2373 2980
155 100 229 133 601
566 96 655 131 LXI.

209 183 411 217 Clamorem
431 183 473 215 de
493 183 617 223 rebus,
645 194 734 228 quas
752 189 790 216 tu
809 183 907 216 venis
922 184 1110 216 nuntians:

208 234 358 266 Videtur
375 239 558 267 ostensura
574 234 702 267 misera
716 261 725 274 ‚
752 240 924 280 quantum
943 234 1093 278 poterit,

207 285 359 318 Factura
376 285 528 323 atrocum
556 297 640 318 nam
661 285 815 318 excurrit
832 298 873 319 ex
893 286 1058 324 aedibus,

158 335 230 371 825
253 335 406 380 Fugiens
416 348 542 370 manus
550 337 798 370 ministrorum
811 337 1003 382 cupiditate
1014 337 1150 369 mortis.

495 418 711 468 [strophe
743 419 801 468 1.]

207 489 322 520 Herm.
351 486 417 520 Hei
436 485 594 533 =nihi⁸⁷)!
622 487 874 520 lacerationem
894 499 1016 521 comae
1035 494 1069 521 et
1085 499 1151 520 un-

562 538 683 582 guium
704 539 777 572 foe-

206 591 268 623 ‹las
287 588 500 622 laniationes
517 589 658 623 faciam.

209 642 304 675 Char.
334 639 366 673 Ο
382 640 473 680 filia,
509 641 595 686 quid
617 641 723 675 facies
734 641 748 674 ’.Ρ
785 641 913 675 afficies
934 641 1150 674 contumelia

568 698 668 726 tuum
693 692 845 736 corpus?

450 773 761 823 [Anti-strophe
793 774 853 822 1.]

156 845 228 877 830
256 846 373 877 Herm.
403 843 482 877 Heu
499 842 587 885 heu,
616 842 788 877 heuheu!

204 894 304 928 Vade
321 894 359 927 in
376 892 556 928 aetherem
575 907 594 927 a
613 895 748 939 capillis
763 894 853 928 meis

204 946 329 979 Tenue
350 946 481 979 velum.

206 999 297 1031 Fam.
325 997 434 1037 Filia,
461 1003 538 1040 tege
554 1002 695 1040 pectus,
724 996 848 1040 collige
867 996 1034 1029 tunicam.

499 1079 713 1128 [strophe
740 1079 803 1128 2.]

202 1149 319 1181 Herm.
347 1146 444 1191 Quid
462 1154 605 1192 oportet
620 1160 676 1180 me
696 1155 812 1192 tegere
830 1153 952 1191 pectus
968 1146 1083 1180 veste?

155 1197 228 1232 835
256 1198 468 1238 Manifesta,
495 1206 617 1242 aperta
639 1206 672 1232 et

204 1249 286 1282 Non
307 1250 442 1283 occulta
460 1250 606 1283 fecimus
626 1256 748 1282 contra
770 1249 951 1283 maritum.

203 1302 295 1334 Fam.
323 1300 443 1339 Doles,
471 1302 567 1346 quod
583 1301 752 1334 struxeris
768 1313 889 1333 necem
908 1307 988 1333 tuae
1007 1299 1147 1344 pellici?

447 1382 763 1431 [Antistrophe
790 1384 854 1433 2.]

200 1454 316 1485 Herm.
344 1451 458 1485 Gemo
478 1458 625 1496 propter
641 1449 805 1485 hostilem
824 1452 1032 1490 audaciam,

202 1503 320 1546 Quam
339 1503 424 1543 feci,
452 1515 473 1535 o
491 1503 696 1536 execrabilis

151 1553 224 1587 840
252 1552 349 1597 Ege,
377 1554 582 1587 execrabilis
602 1554 702 1588 viris.

200 1607 292 1638 Fam.
323 1604 552 1638 condonabit
567 1605 632 1638 tibi
649 1603 716 1638 hoc
735 1611 917 1648 peccatum
934 1604 1094 1638 maritus.

498 1685 713 1735 [Strophe
743 1685 800 1734 1.]

199 1757 316 1789 Herm.
345 1755 467 1800 Quare
482 1755 633 1800 rapuisti
651 1753 739 1789 mihi
757 1755 914 1800 gladium
932 1769 972 1788 ex
991 1756 1123 1790 manu?

200 1805 322 1840 Redde
334 1833 343 1847 ‚
371 1819 392 1840 o
410 1805 516 1841 chara
529 1834 538 1848 ,

198 1857 321 1891 Redde
334 1885 344 1898 ‚
369 1865 409 1892 ut
424 1860 610 1892 adversam

150 1906 223 1942 845
252 1907 411 1952 infligam
432 1910 591 1954 plagam3

198 1959 319 2003 Quare
336 1972 433 1994 arces
449 1974 503 1993 me
522 1972 540 1993 a
559 1959 720 2005 laqueis?

201 2012 289 2044 Fam.
317 2011 375 2044 An
389 2011 608 2045 dimitterem
622 2017 656 2044 te
674 2012 868 2049 furentem,
896 2016 934 2043 ut
954 2009 1142 2043 moriaris?

487 2093 702 2143 [Strophe
736 2093 800 2142 2.]

195 2164 310 2195 Herm.
332 2161 411 2195 Heu
426 2162 586 2202 exitium,
614 2161 674 2195 ubi
694 2168 744 2196 est
763 2159 849 2194 mihi
868 2159 973 2194 chara
995 2161 1137 2195 flamma

552 2212 669 2257 ignis?

192 2262 264 2295 Ubi
285 2264 321 2296 in
344 2264 454 2298 imum
474 2263 595 2297 ferar?

142 2313 216 2348 850
243 2313 282 2347 ln
300 2327 398 2348 mare
416 2327 462 2348 an
479 2315 515 2348 in
533 2315 669 2360 sylvam
688 2326 706 2347 a
728 2314 909 2348 montibus
919 2313 965 2361 S³)
978 2341 986 2353 ,

193 2366 239 2400 Ut
257 2372 397 2400 mortua
416 2366 482 2400 sim
501 2378 606 2399 curae
623 2366 768 2399 inferis?

190 2419 287 2452 Ghor.
315 2417 412 2462 Quid
429 2417 494 2451 ista
511 2416 642 2462 paras?
671 2416 920 2457 „calamitates
938 2416 1109 2450 divinitus

189 2469 397 2508 „Omnibus
427 2467 634 2502 hominibus
669 2468 816 2502 veniunt
850 2474 911 2501 aut
950 2474 1034 2501 tunc
1074 2474 1134 2501 aut

549 2526 645 2554 tunc.

169 2650 218 2679 87)
238 2651 288 2675 Hei
307 2651 401 2680 mihil]
421 2651 463 2675 sic
473 2652 556 2676 Editt.
576 2651 661 2681 1553„
681 2649 775 2680 ¹552.;
795 2650 878 2675 Editt.
896 2653 999 2675 recent.
1020 2651 1131 2682 (=1⁴2u-

205 2685 254 2716 rip.
271 2681 314 2709 ’Ῑῶ
331 2686 383 2717 μοι’
397 2685 461 2717 μοι)
480 2686 530 2710 Hei
547 2685 628 2717 mihi,
647 2683 725 2709 mihi!

716 95 1116 132 INTERPRETATIO
1144 95 1509 131 ANDROMACHES
1536 95 1784 132 EURIPIDIS.

2123 98 2197 132 602

1550 181 1766 231 [strophe
1792 181 1857 231 3.]

1257 252 1373 284 Herm.
1390 250 1592 297 Reliquisti‚
1620 251 1794 298 reliquisti
1809 264 1878 292 me,
1907 263 1927 285 o
1943 257 2057 296 pater,
2084 249 2196 283 solam

1615 310 1788 349 tanquam
1806 309 1957 338 stantem
1972 302 2009 335 in
2025 301 2145 335 littore

1205 351 1280 387 855
1308 353 1481 386 Orbatam

1256 404 1401 437 Marino
1418 415 1536 436 remo:

1255 455 1386 488 Perdes
1403 466 1458 487 me
1470 480 1479 494 ‚
1507 454 1633 498 perdes
1654 467 1722 489 me.

1256 506 1338 540 Non
1356 505 1508 550 amplius
1523 505 1559 537 in
1576 502 1643 538 hac
1660 503 1830 539 habitabo

1257 557 1416 590 Mat-itali
1433 557 1554 590 domo.

1206 609 1279 642 860
1308 608 1417 642 Cuius
1433 614 1566 642 statuas
1583 607 1731 651 supplex
1749 606 1891 650 petam?

1256 660 1311 692 Au
1328 672 1427 693 serva
1447 659 1572 691 cadam
1591 659 1635 691 ad
1651 658 1792 691 servilia
1811 668 1925 701 genua

1257 710 1295 743 In
1313 717 1407 744 terra
1426 708 1555 743 Phthia
1570 709 1585 742 ?

1256 762 1403 795 Utinam
1423 774 1532 795 essem
1552 759 1711 793 caerulea
1733 759 1827 799 avis,

1255 815 1326 846 Aut
1343 813 1447 857 pinea
1463 813 1585 851 navis,
1613 818 1674 844 ant

1205 863 1278 899 865
1306 864 1521 908 Navigarem
1533 861 1579 909 ⁸9)
1596 874 1660 907 per
1678 861 1861 907 Cyaneum
1881 859 1978 892 littus

1254 915 1376 948 Prima
1394 914 1551 959 navigio.

1255 969 1347 1000 Fam.
1376 966 1408 999 O
1426 967 1495 999 filia
1507 993 1517 1006 ‚
1551 976 1667 1010 neque
1685 970 1769 996 tunc
1786 962 1843 995 illa
1864 961 1965 994 valde
1982 959 2193 1003 laudaviffl),

1254 1018 1409 1062 Quando
1433 1016 1584 1061 peccasti
1603 1017 1639 1047 in
1656 1014 1844 1047 mulierem
1861 1012 2076 1049 Troianam;

1254 1068 1377 1114 Neque
1395 1081 1490 1102 nunc
1513 1074 1614 1101 tuum
1639 1063 1734 1099 hunc
1758 1071 1913 1105 metum,
1950 1075 2021 1109 quo
2046 1062 2198 1096 nimium

1614 1116 1728 1151 times.

1203 1170 1276 1204 870
1304 1169 1386 1204 Non
1404 1170 1453 1204 sic
1469 1169 1616 1214 repellet
1633 1174 1732 1201 tuum
1751 1166 1970 1200 connubium
1990 1165 2140 1198 maritus
2153 1192 2161 1204 ,

1253 1222 1447 1255 Persuasus
1463 1221 1556 1254 mala
1576 1220 1738 1253 oratione
1757 1218 1932 1251 barbarae
1948 1217 2120 1251 mulieris.

1252 1273 1335 1307 Non
1352 1272 1447 1305 enim
1466 1270 1574 1305 hahet
1590 1278 1622 1304 te
1640 1269 1817 1314 captivam
1834 1281 1875 1302 ex
1891 1269 2002 1302 Troia
2015 1295 2024 1308 ,

1251 1324 1318 1357 Sed
1334 1324 1401 1356 viri
1420 1322 1634 1368 praestantis
1651 1321 1758 1355 filiam
1777 1319 1953 1365 accipiens
1969 1332 2049 1353 cum
2066 1330 2195 1362 magna

1252 1375 1344 1408 Dote
1355 1402 1364 1415 ‚
1393 1381 1427 1408 et
1443 1387 1484 1408 ex
1500 1375 1587 1408 urbe
1604 1386 1678 1406 non
1696 1372 1924 1406 mediocriter
1940 1372 2056 1405 beata.

1202 1425 1275 1460 875
1303 1426 1346 1459 Et
1365 1432 1466 1470 pater
1485 1432 1518 1458 te
1538 1437 1632 1465 non,
1660 1424 1750 1458 sicut
1765 1429 1803 1456 tu
1819 1423 1968 1463 metuis,
1995 1421 2065 1455 filia
2078 1448 2086 1461 ,

1251 1477 1425 1510 Deserens
1443 1477 1534 1510 sinet
1549 1475 1626 1509 eiici
1643 1488 1685 1508 ex
1701 1473 1767 1508 hac
1786 1476 1907 1508 domo.

1251 1528 1319 1561 Sed
1336 1529 1424 1561 vade
1442 1528 1556 1567 intro,
1584 1538 1699 1572 neque
1718 1524 1948 1570 conspiciaris
1965 1524 2069 1557 aedes

1249 1581 1342 1612 Ante
1359 1577 1441 1619 has,
1468 1591 1512 1612 ne
1530 1578 1694 1611 afficiaris
1713 1577 1833 1622 aliquo
1854 1576 2008 1621 probro,

1252 1630 1451 1674 Conspecta
1471 1636 1552 1663 ante
1571 1627 1664 1662 hanc
1684 1629 1824 1668 aulam,
1853 1641 1873 1661 o
1892 1627 1976 1661 filia.

1200 1682 1274 1715 880
1303 1683 1400 1717 Chor.
1427 1681 1622 1714 Enimvero
1640 1680 1703 1714 iste
1721 1679 1757 1712 in
1780 1679 1896 1712 aliena
1924 1684 2019 1712 veste
2039 1674 2193 1720 peregri-

1613 1744 1679 1765 nus
1695 1729 1824 1775 hospes

1250 1783 1422 1816 Celeriter
1440 1784 1482 1816 ad
1499 1795 1563 1816 nos
1583 1795 1625 1815 ex
1643 1782 1703 1815 illa
1722 1783 1830 1815 domo
1848 1780 1956 1813 venit.

1249 1836 1325 1869 Ore.
1354 1834 1522 1868 Mulieres
1538 1831 1695 1878 hospites
1707 1859 1716 1873 ,
1743 1845 1790 1865 an
1804 1831 1892 1866 haec
1909 1837 1959 1865 est
1974 1828 2121 1864 Achillis

1251 1885 1333 1918 Filii
1354 1887 1500 1925 domus,
1529 1891 1563 1918 et
1580 1884 1699 1928 regiae
1717 1883 1844 1918 aedes?

1249 1938 1346 1971 ler.
1388 1935 1578 1981 Intelligis‚
1618 1936 1677 1969 sed
1710 1935 1772 1981 qui
1802 1948 1855 1975 es,
1898 1933 1959 1979 qui
1993 1933 2192 1973 interrogas

1609 1984 1724 2020 haec?

1196 2037 1269 2073 885
1299 2041 1374 2074 Ore.
1403 2038 1685 2083 Agamemnonis
1707 2043 1741 2071 et
1758 2036 2062 2081 Clytaemnestrae
2078 2033 2188 2071 filius,

1244 2089 1399 2124 Nomine
1417 2090 1559 2124 Orestes
1573 2116 1582 2130 ‚
1609 2089 1715 2122 venio
1732 2094 1849 2121 autem
1870 2088 1914 2120 ad
1931 2086 2024 2120 lovis

1244 2141 1440 2175 Oraculum
1456 2141 1713 2179 Dodonaeum;
1741 2145 1931 2184 postquam
1952 2137 2036 2171 veni

1244 2191 1283 2224 ln
1301 2190 1468 2226 Phthiam
1481 2219 1491 2233 ,
1518 2192 1615 2225 volui
1632 2190 1836 2236 percontari
1851 2191 1894 2223 de
1911 2194 2061 2234 cognata

1243 2243 1413 2285 Muliere,
1441 2256 1488 2278 an
1505 2243 1615 2284 vivat,
1643 2249 1677 2276 et
1690 2244 1780 2276 bene
1798 2241 1934 2279 valeat,

1223 2379 1271 2407 88)
1289 2384 1305 2402 a
1324 2380 1479 2408 montibus]
1503 2379 1541 2403 sic
1567 2379 1650 2402 Editt.
1674 2377 1767 2407 1558„
1794 2375 1886 2405 1562.;

1257 2415 1307 2442 (z
1324 2414 1418 2444 Eurip.
1438 2410 1539 2445 ὀρέων)
1558 2413 1696 2437 montium.

1220 2464 1269 2492 89)
1289 2465 1336 2487 aut
1354 2464 1539 2492 Navigarem]
1565 2463 1606 2486 sic
1622 2462 1705 2486 Editt.
1723 2462 1815 2492 1558„
1843 2460 1935 2489 1562..
1969 2460 2048 2490 quasi
2066 2461 2183 2491 legisset

1256 2498 1394 2527 interpres
1421 2497 1437 2527 ἧ
1458 2516 1463 2521 .
1484 2517 1490 2522 .
1511 2493 1643 2528 laipno-’3
1682 2497 1764 2521 Editt.
1791 2498 1894 2521 recent.
1927 2497 1974 2523 (z
1997 2495 2088 2524 Eur-ip.
2111 2492 2125 2523 ἶ)
2148 2515 2152 2518 ,
2176 2515 2179 2517 ,

1253 2527 1387 2563 {nepteo-²)
1408 2538 1477 2562 quae

1921 2375 2002 2399 Baru.
2011 2392 2018 2406 ‚
2042 2376 2184 2406 Musgrav.

1496 2551 1502 2556 .
1523 2550 1529 2555 .
1550 2531 1714 2561 penetravit.

1218 2582 1265 2615 90)
1286 2589 1373 2612 neque
1392 2584 1457 2606 tunc
1482 2583 1530 2606 illa
1555 2581 1636 2605 valde
1663 2581 1790 2609 laudavi]
1819 2581 1859 2604 sic
1883 2580 1968 2605 Editt.
1988 2580 2079 2608 1558.,
2108 2581 2181 2605 1562,

1253 2620 1301 2646 (Ξ
1312 2617 1405 2646 Eun-ip.
1418 2617 1467 2639 Ed.
1480 2616 1561 2640 Basil.
1583 2616 1658 2640 1551.
1677 2613 1738 2639 τότε
1757 2614 1820 2638 λίαν
1842 2612 1901 2638 οὔτ’
1923 2611 2003 2638 ἐκεῖν’
2026 2612 2180 2646 bisinam:

1251 2652 1336 2676 Editt.
1355 2652 1458 2674 recent.
1478 2648 1526 2679 τό,
1545 2657 1573 2674 τε
1591 2649 1655 2673 λίαν
1673 2647 1736 2673 οὔτ’
1754 2646 1836 2673 ἐκεῖν’
1862 2648 1906 2674 ἐπ.
1926 2662 1961 2666 —
1980 2655 2066 2678 neque
2081 2654 2178 2672 exces-

1253 2693 1313 2710 sum
1332 2685 1408 2709 illum
1425 2687 1500 2709 tuum
1518 2684 1610 2713 [Fix.:
1636 2691 1694 2710 exo.
1713 2683 1810 2714 istum]
1828 2683 1946 2708 laudavi.
