2373 2980
77 90 173 124 1073
395 82 531 124 Lxxn,

75 175 148 210 140
176 178 258 218 Lyc.
282 172 442 206 Herculis
460 178 596 217 patrem
615 176 649 206 et
664 184 824 213 uxorem,

125 226 162 260 Si
179 225 366 265 convenit,
383 225 566 268 interrogo
580 237 585 256 :
614 230 648 257 et
664 223 848 264 convenit,
868 222 896 257 si
914 221 1055 268 quidem

485 275 653 309 dominus

126 328 249 362 Vester
268 340 364 367 sum,
387 327 627 371 interrogare,
651 337 742 371 quae
761 325 856 359 volo.

127 380 308 424 Quamdiu
328 378 498 425 quaeritis
514 378 624 411 vitam
642 375 863 421 prorogare?

127 432 243 475 Quam
262 442 348 464 vero
364 442 462 474 spem
479 435 540 463 aut
555 428 651 472 quod
668 428 838 462 auxilium

124 481 260 516 Videtis
271 508 280 522 ,
306 493 349 514 ne
366 479 598 514 moriamini?

79 531 150 567 145
181 533 237 566 An
255 539 392 577 patrem
413 530 543 565 horum
563 530 736 563 iacentem
755 529 848 573 apud
867 527 1056 560 Plutonem

124 583 324 617 Venturum
342 581 507 616 creditis?
532 582 580 614 ita
594 587 737 626 praeter
752 579 962 624 dignitatem

125 634 277 668 Luctum
293 633 416 667 tollitis
428 660 437 674 ‚
462 633 490 667 si
507 632 600 666 mori
617 645 680 666 vos
698 636 873 676 oporteat.

126 685 184 719 Tu
219 684 362 731 quidem
399 696 568 730 spargens
602 695 666 728 per
694 682 881 718 Graeciam
916 680 1059 712 inanem

484 735 655 775 fabulam,

126 787 234 832 Quod
256 787 434 832 particeps
457 786 509 821 tui
535 785 693 829 coniugii
716 784 849 829 Iupiter
872 782 1059 816 Herculem

490 836 670 882 genuerit;

77 886 149 922 150
171 887 230 922 Tu
246 900 351 928 vero,
373 889 470 934 quod
492 885 788 933 praestantissimi
804 885 871 917 viri
891 897 979 918 uxor
999 897 1060 918 vo-

485 945 561 972 cata
577 938 624 971 sis
632 937 690 983 ¹⁶).

125 989 223 1034 Quid
251 990 395 1022 tandem
427 989 603 1033 praeclari
621 995 757 1033 gestum
786 993 837 1021 est
860 1000 877 1020 a
897 994 958 1021 tuo
988 998 1059 1019 ma-

485 1040 569 1080 rito,

126 1090 233 1135 Quod
255 1090 449 1134 palustrem
467 1091 626 1136 Hydram
643 1091 863 1124 interfectam
883 1088 1060 1133 perdidit?

123 1141 196 1174 Aut
209 1141 382 1175 Nemeam
400 1141 538 1174 feram?
562 1153 669 1187 quam
688 1141 821 1174 retibus
840 1153 875 1174 ca
884 1148 978 1184 ptam

125 1191 416 1235 strangulatione
433 1190 663 1226 brachiorum
682 1205 716 1226 se
735 1190 949 1225 interfecisse
967 1191 1060 1224 dicit.

79 1239 150 1276 155
191 1242 329 1287 Quibus
361 1250 479 1277 autem
511 1244 615 1277 rebus
649 1243 815 1277 certatis?
848 1256 892 1276 an
916 1249 1063 1288 propter

484 1301 548 1327 lsta

126 1343 209 1376 Non
224 1351 367 1388 oportet
383 1345 477 1378 mori
491 1345 621 1378 liberos
640 1344 826 1378 Herculis?

128 1394 232 1439 „Qui
248 1392 373 1430 habuit
391 1396 690 1430 existimationem
714 1395 933 1429 fortitudinis
945 1423 952 1435 ‚
982 1407 1061 1429 cum

494 1445 586 1479 nihil
601 1453 702 1487 esset,

128 1496 197 1537 „In
216 1498 411 1530 certamine
426 1498 582 1530 ferarum
594 1524 603 1537 ‚
629 1497 764 1543 alioqui
781 1509 853 1529 non
872 1497 984 1531 sortis.

128 1547 234 1592 „Qui
266 1559 455 1594 nunquam
488 1549 650 1593 clypeum
686 1547 812 1582 habuit
849 1549 885 1582 in
921 1548 1062 1582 sinistra

489 1612 611 1640 manu,

77 1649 150 1683 160
188 1649 343 1695 „Neque
375 1649 473 1682 venit
506 1663 618 1694 prope
651 1649 809 1689 hastam
847 1651 905 1685 sed
942 1662 1063 1684 arcum

491 1700 637 1741 hahens,

128 1750 429 1795 „Ignavissimum
449 1763 633 1785 armorum
649 1764 777 1796 genus,
805 1754 849 1785 ad
865 1753 984 1797 fugam
1004 1766 1065 1797 pa—

492 1810 592 1836 ratus
610 1810 697 1836 erat.

126 1854 204 1893 „At
220 1853 289 1886 viri
306 1854 528 1887 fortitudinis
547 1854 719 1887 indicium
736 1861 788 1888 est
802 1866 876 1887 non
894 1865 1008 1894 arcus,

127 1904 227 1944 „Sed
238 1905 301 1950 qui
315 1917 463 1939 manens
480 1905 647 1949 adspicit,
664 1912 698 1938 et
716 1906 870 1938 vicissim
889 1905 1048 1939 intuetur

127 1955 291 1995 „Hastae
310 1957 441 1990 velocis
458 1957 613 1997 sulcum,
636 1957 674 1988 in
695 1957 770 1989 acie
786 1957 1009 1990 constitutus.

79 2013 152 2049 165
183 2015 301 2049 Habet
324 2023 443 2050 autem
466 2018 598 2050 factum
623 2028 763 2055 meum,
800 2028 821 2049 o
845 2029 970 2055 senex,
993 2029 1064 2049 non
1092 2018 1095 2027 ⁴

492 2067 766 2112 impudentiam,

129 2118 197 2151 Sed
215 2118 440 2157 cautionem;
463 2119 536 2152 scio
554 2119 647 2152 enim
660 2145 669 2159 ‚
695 2131 776 2152 cum
791 2119 1027 2152 interfecerim

130 2168 319 2202 Creontem
331 2196 340 2210 ‚
369 2176 509 2214 patrem
526 2169 651 2210 huius,
682 2176 718 2203 et
734 2182 883 2214 regnum
902 2168 1067 2209 habeam,

128 2221 229 2265 Quos
245 2233 310 2255 vos
328 2221 486 2255 educatis
497 2248 506 2262 ,
530 2222 665 2256 ultores
679 2233 777 2255 meos

183 2349 330 2375 Oculorum
348 2347 461 2371 nitores.

181 2385 271 2414 Ipsum
290 2384 367 2406 certe
385 2382 563 2406 infortunium
582 2388 636 2406 non
654 2384 734 2407 abest
751 2388 767 2406 a
785 2382 861 2414 filiis,

181 2419 276 2449 Neque
293 2417 374 2440 abest
391 2416 492 2446 gratia.

183 2453 205 2478 0
225 2452 360 2479 Graecia,
378 2450 558 2475 auxiliatores

184 2487 286 2517 Quales
304 2485 400 2516 quales
420 2486 559 2515 amittens,

183 2521 250 2545 istis
269 2519 435 2550 privaberis.

182 2556 236 2581 sed
253 2554 377 2584 adspicio
396 2554 468 2577 enim.
487 2555 566 2577 huius
585 2554 723 2579 dominum
741 2557 848 2583 terrae,

184 2591 287 2620 hycum
307 2589 483 2618 praesentem
500 2589 550 2612 has
569 2589 664 2613 domos
683 2596 778 2620 prope,

184 2623 312 2648 Herculis
331 2625 438 2653 patrem
454 2625 481 2646 et
497 2628 619 2648 uxorem.

117 2677 162 2703 16)
183 2676 280 2700 vocata
299 2673 353 2707 sis]
373 2674 414 2698 sic
432 2675 516 2699 Editt.
534 2677 656 2705 recent.;
676 2676 724 2700 Ed.
743 2677 816 2703 1562,
841 2682 938 2702 vocata
958 2685 996 2701 es.

80 2719 262 2754 Murmura.
285 2718 390 2749 OPER.
416 2717 500 2747 von.
523 2718 649 2749 XVIII.

582 79 979 118 INTERPRETATlO
1006 78 1245 116 EURIPIDIS
1272 79 1509 115 HERCULIS
1535 76 1787 112 FUffliers.

2000 78 2096 112 1074

1164 167 1431 213 lieliuqueudos
1446 178 1521 200 non
1534 177 1619 205 esse,
1636 164 1699 210 qui
1715 165 1757 198 de
1774 164 1872 198 factis
1883 163 2096 208 supplicium

1525 215 1733 262 exigantff).

1114 268 1186 303 170
1211 272 1289 303 Am.
1313 268 1449 314 Iupiter
1466 269 1633 302 defendat
1648 267 1722 312 ipse
1738 273 1856 311 partes
1873 278 1964 300 suas.

1162 320 1269 364 Quod
1287 333 1371 354 vero
1399 322 1444 354 ad
1461 333 1517 354 me
1538 318 1712 364 pertinet,
1735 316 1823 351 mihi
1847 324 1904 358 tu,
1929 330 1948 350 o
1968 316 2098 349 Hercu-

1519 372 1588 410 les,
1612 382 1715 403 curae
1734 382 1780 409 es,

1160 420 1206 454 Et
1221 422 1337 455 verbis
1353 420 1458 456 huius
1474 421 1659 456 stultitiam
1677 422 1719 453 de
1739 427 1772 453 te

1162 472 1378 510 Ostendam;
1404 486 1518 518 neque
1535 473 1629 506 enim
1650 471 1943 504 committendum
1964 477 2033 509 est7
2062 477 2098 503 nt

1521 524 1611 556 male
1631 523 1765 556 audias.

1162 574 1325 608 Primum
1342 573 1449 617 igitur
1463 575 1616 607 nefanda
1636 574 1746 619 (inter
1760 572 1913 605 nefanda
1936 571 2028 604 enim

1117 624 1187 660 175
1223 625 1367 659 Herculi
1394 637 1411 657 a
1439 631 1471 658 te
1498 626 1670 658 obiectam
1696 624 1924 657 timiditatem
1950 635 2021 656 esse
2046 635 2100 655 ar-

1526 676 1659 721 bitror)
1673 675 1717 720 ¹⁸)

1163 727 1387 761 Testimonio
1404 727 1565 760 Deorum
1587 738 1752 758 amovere
1771 738 1787 757 a
1807 732 1838 757 te
1860 731 2012 768 oportet.

1166 778 1351 822 Interrogo
1371 785 1489 812 antem
1508 777 1601 811 Iovis
1615 777 1749 810 fulmen
1770 783 1802 808 et
1819 787 1974 813 currum,

1166 829 1205 863 In
1223 843 1293 875 quo
1310 836 1406 864 stans
1419 857 1427 870 ‚
1444 836 1537 862 terra
1554 828 1647 861 natis

1164 881 1375 925 Gigantibus
1389 909 1397 921 ,
1420 880 1590 914 lateribus
1608 879 1756 922 infigens
1774 876 1931 909 volucria
1951 875 2030 910 tela,

1118 934 1188 967 180
1214 933 1377 965 Gloriose
1398 945 1475 965 cum
1493 931 1572 964 Diis
1588 926 1836 973 triumphauit.

1165 984 1380 1028 Quadrupes
1399 983 1661 1016 Centaurorum
1681 992 1790 1025 genus
1808 977 1989 1015 vitiosum,

1164 1037 1218 1068 Ad
1239 1033 1401 1069 Pholoen
1420 1035 1596 1078 profectus
1609 1060 1616 1073 ,
1645 1045 1665 1065 o
1685 1031 1835 1076 pessime
1853 1041 1926 1067 rex,

1167 1085 1369 1129 Interroga,
1402 1097 1595 1130 quemnam
1618 1083 1733 1116 virum
1760 1077 2104 1126 praestantissimum

1529 1135 1699 1174 iudicent,

1167 1190 1221 1221 :⁴111
1255 1200 1327 1221 non
1359 1188 1471 1221 filium
1505 1199 1646 1225 meum,
1684 1197 1790 1230 quem
1823 1190 1860 1216 tu
1886 1181 1971 1214 dicis
1996 1179 2109 1212 videri

1530 1251 1601 1271 esse
1613 1236 1640 1256 ¹3
1650 1235 1693 1282 ³).

1154 1373 1198 1400 17)
1230 1373 1296 1400 Lyc.
1328 1371 1454 1394 Herculis
1474 1383 1507 1388 --
1527 1370 1646 1401 exigant.
1681 1369 1738 1400 (vs.
1761 1369 1850 1392 140-
1864 1366 1952 1397 169.)]
1986 1365 2028 1388 sic
2059 1365 2109 1388 Ed.

1188 1407 1280 1435 15623
1300 1406 1348 1429 Ed.
1373 1407 1465 1429 &aaa

1223 1441 1288 1468 Lyc.
1308 1442 1351 1463 An
1371 1440 1500 1463 convenit
1518 1446 1577 1469 me,
1596 1439 1757 1469 interrogo3
1776 1438 1841 1460 licet
1857 1437 1965 1465 autem,
1985 1432 2111 1464 quoniam

1481 1483 1484 1485 Α
1532 1473 1657 1496 dominus

1221 1509 1325 1532 Vester
1344 1508 1511 1531 constitutus
1531 1514 1608 1534 sum,
1629 1507 1805 1535 interrogare
1817 1521 1824 1532 ‚
1844 1509 1912 1534 quae
1931 1499 2016 1526 volo?

1223 1544 1372 1572 Quousque
1392 1543 1526 1571 quaeritis
1545 1542 1697 1571 producere
1717 1536 1823 1563 vitam?

1222 1578 1310 1606 Quam
1333 1583 1410 1607 spem
1435 1576 1619 1606 auxiliumque
1643 1574 1800 1605 respicitis,
1831 1578 1882 1603 quo
1902 1571 1990 1595 minus
2008 1570 2112 1595 moria-

1531 1608 1618 1634 mini'.e

1223 1647 1290 1669 Num
1309 1645 1381 1674 apud
1400 1645 1543 1669 Plutonem
1565 1648 1669 1674 patrem
1689 1644 1783 1666 horum
1803 1641 1847 1671 qui
1868 1642 1921 1671 est,

1223 1680 1344 1704 Creditis
1366 1676 1535 1703 venturum?
1555 1680 1592 1702 ita
1611 1679 1685 1702 ultra
1704 1677 1831 1700 meritum

1223 1715 1335 1738 Luctum
1365 1714 1515 1744 producitis
1528 1730 1535 1744 ‚
1567 1712 1782 1743 quandoquidem
1811 1710 1879 1733 mori
1913 1716 1963 1733 vos
1995 1714 2112 1732 necesse

1535 1750 1585 1771 est,

1225 1783 1262 1805 Tu
1282 1783 1390 1812 quidem
1409 1789 1458 1812 per
1478 1781 1620 1806 Graeciam
1640 1781 1746 1804 iactans
1766 1780 1851 1802 verba
1871 1777 1972 1804 inania.

1228 1817 1306 1846 Quod
1324 1817 1423 1840 rivalis
1443 1818 1506 1839 tuus
1525 1816 1625 1845 lupitt-r
1646 1814 1772 1845 genuerit
1790 1814 1894 1841 filium;

1226 1854 1263 1875 Tu
1284 1857 1369 1881 vero,
1389 1851 1460 1880 quod
1479 1850 1571 1879 optimi
1592 1850 1643 1872 riri
1665 1848 1764 1871 diceris
1785 1853 1862 1870 uxor.

1225 1886 1295 1915 Quid
1313 1886 1382 1908 adeo
1397 1890 1524 1913 magnum
1543 1885 1589 1907 tuo
1609 1884 1745 1913 patratum
1768 1884 1810 1904 est
1828 1887 1844 1904 a
1863 1881 1972 1907 marito,

1226 1921 1349 1949 Hydram
1370 1920 1523 1949 palustrem
1542 1919 1565 1940 si
1586 1918 1703 1946 perdidit
1723 1916 1914 1939 l'llteriitisslls'!

1225 1956 1279 1978 Aut
1296 1954 1424 1977 Nemeam
1444 1953 1560 1976 belluam
1569 1949 1582 1975 ’ἐ
1602 1957 1681 1981 quam
1699 1950 1805 1980 laqueis
1824 1950 1935 1979 capiens

1224 1991 1352 2012 Mannum
1372 1988 1437 2011 dicit
1453 1986 1681 2010 suffocationibus
1701 1984 1885 2008 interfecisse.

1224 2023 1290 2046 Istis
1309 2023 1431 2052 periculo
1449 2027 1500 2045 vos
1521 2016 1695 2045 subducitis?
1715 2020 1846 2042 horumne
1866 2017 1957 2049 gratia

1225 2057 1353 2080 Herculis
1373 2056 1444 2079 filios
1464 2062 1518 2078 non
1537 2055 1607 2079 mori
1625 2051 1777 2077 convenit?

1226 2093 1303 2121 „Qui
1322 2091 1437 2120 adeptus
1456 2092 1501 2113 est
1519 2089 1671 2119 opinionem
1692 2087 1744 2119 (nil
1763 2086 1898 2116 existens)
1919 2084 2100 2115 fortitudinis,

1225 2127 1359 2149 Ferarum
1378 2125 1405 2147 iu
1427 2124 1552 2153 proelio,
1570 2125 1708 2146 caeterum
1730 2122 1794 2144 nihil
1813 2121 1908 2143 fortis.-

1226 2178 1243 2190 ,,
1255 2160 1306 2190 Qui
1324 2164 1460 2188 nunquam
1479 2159 1572 2181 habuit
1589 2157 1717 2186 elypeum
1737 2156 1771 2178 ad
1790 2155 1932 2177 sinistram
1950 2159 2067 2182 manum,

1222 2189 1344 2225 {fixeque
1362 2193 1438 2217 venit
1455 2194 1563 2216 hastam
1579 2197 1680 2220 prope,
1697 2190 1747 2212 sed
1765 2195 1857 2212 arcum
1878 2190 1994 2217 liabens,

1225 2227 1436 2257 „ignavissima
1453 2232 1547 2256 arma,
1566 2225 1601 2248 ad
1619 2225 1712 2254 fugam
1731 2225 1873 2253 promptus
1893 2224 1961 2246 erat.

1224 2263 1315 2289 ..Viri
1334 2268 1403 2285 vero
1423 2261 1566 2289 indicium,
1588 2265 1641 2282 non
1661 2264 1742 2281 arcus
1761 2257 1959 2283 animositatis,

1223 2298 1306 2327 „sed
1325 2297 1369 2327 qui
1389 2301 1503 2319 manens
1521 2293 1691 2323 adspicitque
1709 2294 1737 2315 et
1757 2298 1772 2314 e
1791 2291 1905 2321 regione
1921 2290 2038 2320 adspicit

1225 2333 1358 2362 „Hastae
1376 2330 1481 2353 velocis
1500 2329 1598 2355 ictum,
1616 2327 1785 2350 constitutus
1806 2325 1833 2348 in
1854 2326 1921 2348 acie.

1224 2368 1311 2390 Habet
1328 2370 1396 2388 vero
1417 2369 1503 2387 meum
1522 2363 1623 2386 factum
1643 2367 1696 2384 non
1714 2359 1925 2389 impudentiam,
1944 2365 2041 2388 senex,

1224 2401 1278 2424 sed
1296 2398 1482 2429 prudentiam3
1501 2396 1629 2420 conscius
1648 2395 1718 2418 enim
1739 2400 1817 2423 sum,
1836 2393 2011 2417 interfecisse

1223 2436 1369 2459 Creontem
1380 2449 1388 2463 ‚
1404 2435 1510 2462 patrem
1529 2430 1624 2457 liuius,
1645 2431 1673 2453 et
1690 2430 1805 2452 thronos
1824 2427 1981 2457 possidens.

1223 2471 1282 2493 Non
1300 2468 1384 2498 igitur
1403 2466 1533 2490 enutritis
1551 2465 1645 2495 hisce,
1663 2464 1769 2487 ultores
1787 2467 1864 2485 meos

1222 2504 1295 2526 Volo
1314 2501 1461 2531 reliquisse
1481 2500 1671 2524 anteactorum
1688 2502 1812 2528 poenam.

1155 2556 1200 2584 18)
1225 2556 1258 2580 Η.
1277 2555 1295 2579 l.
1321 2554 1349 2577 in
1368 2553 1416 2578 Ed.
1438 2552 1512 2577 1562.
1539 2552 1606 2575 nota
1624 2555 1726 2579 marga
1752 2548 1890 2572 Plutarch.
1910 2546 2016 2571 Catone
2034 2547 2104 2571 Utic.

1188 2589 1272 2623 [plut.
1288 2589 1345 2613 vita
1358 2587 1474 2612 Catonis
1489 2586 1575 2617 c.52.,
1591 2584 1635 2608 ubi
1646 2584 1734 2608 hiduo
1742 2589 1798 2606 vss.
1810 2582 1857 2606 174
1866 2588 1906 2612 sq.
1922 2581 2103 2610 laudantur-J,

1155 2641 1216 2672 ¹8³)
1235 2641 1324 2664 videri
1342 2637 1430 2670 πᾶα]
1447 2639 1488 2662 sic
1507 2638 1555 2663 Ed.
1579 2637 1667 2666 1562.;
1688 2635 1769 2659 Editt.
1787 2635 1910 2658 recent.:
1930 2632 2017 2656 videri
2035 2634 2103 2658 tan-

1186 2678 1248 2701 tum
1265 2676 1372 2706 fortem
1389 2680 1459 2697 esse.

1492 2708 1540 2741 68
