2373 2980
137 76 210 112 477
605 70 726 108 LVIII.

187 166 256 197 Ias.
281 161 400 195 Probo
418 157 524 200 haec,
548 159 696 200 mulier,
720 171 836 205 neque
863 161 1048 203 expostulo
1074 167 1123 194 te-

544 223 624 245 cum
648 212 690 244 de
716 210 837 256 priore
864 211 1071 246 offensione.

191 262 365 297 Convenit
389 262 556 296 mulieres
579 262 684 296 irasci

139 315 210 350 910
235 313 388 353 Marito,
417 314 479 359 qui
502 320 686 359 comparat
709 312 805 346 aliud
829 313 1059 347 connubium.

185 365 320 398 Verum
343 371 500 399 mutatus
528 372 579 400 est
605 364 746 398 animus
768 369 848 398 tuus
874 364 911 397 in
936 365 1072 398 melius.

187 415 358 450 Invenisti
382 417 525 457 melius,
547 417 607 450 sed
630 428 722 457 sero,

187 468 402 502 Consilium:
426 466 513 501 haec
527 474 609 501 sunt
620 468 711 500 facta
727 468 887 502 mulieris
903 469 1121 501 moderatae.

188 519 317 560 Vobis,
341 519 464 560 liberi,
486 532 560 552 non
584 519 783 552 inconsulte
807 526 909 564 pater

136 569 210 607 915
237 570 468 615 Comparavit
491 571 640 603 multam
665 571 815 604 salutem
840 584 917 604 cum
943 570 1030 603 Diis.

185 622 359 656 Existimo
383 634 445 655 vos
468 620 574 655 huius
599 628 715 655 terrae
744 620 993 655 Corinthiacae

185 674 370 718 Principes
394 674 470 706 fore
495 686 574 706 cum
598 673 779 707 fratribus.

19 723 31 783 ‘A
183 725 249 758 Sed
273 725 435 765 crescite,
467 725 603 770 reliqua
627 724 784 768 perficiet

26 787 31 830 '4
184 776 314 816 Pater,
339 782 372 808 et
397 776 556 821 quisquis
579 774 740 809 Deorum
762 776 891 808 faverit
916 774 1028 807 vobis.

133 826 208 863 920
231 827 380 860 Utinam
398 840 460 861 vos
478 827 617 860 videam
636 827 725 860 bene
742 827 910 861 educatos
922 853 931 867 ,
954 826 998 858 ad
1014 826 1119 857 finem

28 874 31 929 J
550 878 748 922 pubertatis

183 929 395 969 Pei-venire,
421 929 621 974 superiores
646 929 735 963 meis
759 928 925 962 inimicis.

184 981 280 1026 Quid
304 987 342 1013 tu
364 980 458 1024 rigas
481 981 634 1025 pupillas
663 980 813 1014 assiduis
835 978 1039 1024 lachrymis,

182 1033 357 1066 Avertens
382 1037 478 1065 retro
502 1032 671 1066 candidas
699 1044 807 1076 genas

183 1083 307 1128 Neque
338 1083 463 1116 libenti
494 1084 616 1117 animo
640 1095 660 1116 a
684 1096 741 1116 me
765 1082 894 1127 accipis
924 1080 1019 1115 hunc
1052 1091 1122 1113 ser-

545 1134 714 1168 monem?

133 1183 207 1221 925
232 1187 326 1219 Med.
351 1183 450 1219 Nihil
467 1192 517 1219 est
531 1198 670 1225 causae,
686 1187 729 1218 de
747 1184 869 1218 liberis
885 1182 979 1217 hisce
997 1181 1123 1225 cogito.

183 1238 253 1270 Ias.
276 1236 424 1269 Confide
448 1248 562 1276 nunc,
588 1249 652 1280 ego
677 1237 767 1269 bene
791 1236 922 1268 curabo
948 1233 1045 1267 haec.

183 1288 277 1321 Med.
302 1286 447 1319 Faciam
472 1285 578 1326 haec,
605 1299 680 1319 non
703 1287 862 1320 diffidam
888 1287 956 1319 tuis
980 1284 1105 1318 verbis.

184 1338 299 1379 „Sum
320 1338 465 1371 mulier:
490 1338 551 1383 qui
576 1350 676 1371 sexus
700 1345 827 1371 natura
853 1338 898 1370 ad
921 1334 1121 1381 lachrymas

548 1394 598 1421 est
624 1388 861 1433 proclivis⁷⁰).

182 1441 250 1473 Ias.
276 1438 372 1483 Quid
394 1445 512 1472 autem
541 1446 726 1484 tantopere
753 1438 953 1483 ingemiscis
973 1443 1120 1482 propter

544 1490 675 1525 liberos
699 1489 829 1524 hosce?

131 1540 206 1574 930
227 1541 322 1574 Med.
347 1540 477 1586 Peperi
500 1554 579 1581 eos,
606 1549 640 1575 et
667 1543 811 1588 quando
837 1539 1040 1587 optabas⁷¹)
1070 1539 1119 1573 vi-

542 1605 625 1626 vere
648 1593 779 1627 liberos
803 1605 913 1632 meos,

181 1642 366 1676 Miseratio
393 1655 450 1676 me
477 1644 592 1684 subit,
617 1657 662 1677 an
687 1643 755 1678 hoc
778 1645 937 1678 futurum
962 1643 1017 1677 sit.

179 1693 369 1727 Caeterum
388 1707 542 1740 quorum
559 1707 662 1729 causa
680 1709 818 1730 mecum
837 1696 882 1729 ad
899 1694 1117 1741 colloquium

543 1747 684 1788 venisti,

179 1795 232 1829 Ea
258 1795 390 1841 partim
417 1797 509 1830 dicta
535 1805 636 1839 sunt,
660 1798 791 1843 partim
816 1797 990 1831 dicentur.

179 1847 377 1893 Postquam
402 1848 551 1882 domino
573 1847 680 1883 huius
703 1856 819 1883 terrae
845 1849 960 1893 placet
981 1859 1038 1880 me
1064 1859 1117 1880 re-

538 1900 668 1945 legare,

128 1946 203 1983 935
226 1947 274 1982 Et
297 1946 365 1982 hoc
386 1947 475 1983 mihi
499 1957 550 1985 est
576 1951 771 1996 optimum,
795 1951 923 1996 probo,

178 2000 228 2033 Ut
257 2012 332 2034 non
355 1998 413 2034 hic
437 2001 495 2034 vel
523 2002 587 2035 tihi
611 2003 668 2036 vel
698 2002 846 2036 domino
869 2000 975 2036 huius
1001 2007 1116 2033 terrae

538 2053 604 2088 sim
628 2054 901 2099 impedimento,

175 2101 368 2141 Habitans;
395 2102 536 2138 viderer
559 2105 655 2138 enim
674 2105 788 2139 odisse
807 2111 905 2138 tuam
930 2102 1114 2136 familiam.

174 2151 250 2197 Ego
277 2154 456 2188 discedam
483 2167 524 2189 ex
548 2154 615 2189 hac
640 2163 736 2190 terra
761 2157 799 2189 in
823 2156 980 2189 exilium.

174 2204 225 2237 Ut
248 2211 365 2238 autem
392 2206 496 2240 liberi
520 2207 658 2252 possint
683 2207 828 2241 educari
854 2213 913 2242 tua
940 2217 1064 2244 manu,

123 2253 198 2290 940
221 2255 323 2300 Roga
341 2256 552 2299 Creontem,
576 2271 621 2292 ne
644 2265 818 2303 cogantur
835 2258 886 2291 ire
902 2258 939 2290 in
957 2257 1113 2290 exilium.

175 2309 241 2342 las.
266 2307 371 2342 Haud
392 2309 485 2349 scio,
511 2321 557 2342 an
581 2322 815 2355 persuasurus
836 2309 902 2344 sim
926 2321 1026 2346 eum;
1053 2309 1111 2342 sed

535 2367 678 2406 oportet
702 2367 840 2395 tentare
865 2367 997 2394 tamen.

158 2504 206 2534 70)
231 2508 275 2531 est
296 2508 440 2541 proclivis]
466 2510 508 2534 sic
535 2508 582 2542 (=
606 2511 701 2543 Eurip.
727 2510 796 2545 ἔφυ)
821 2511 871 2537 Ed.
897 2511 996 2541 Barn.;
1027 2510 1111 2535 Editt.

195 2540 287 2573 1558„
306 2542 381 2567 1562.
399 2550 460 2568 sum
478 2545 620 2575 proclivis.
872 2565 874 2567 >

159 2590 208 2619 71)
227 2591 351 2624 optabas]
376 2593 417 2618 sic
437 2595 487 2624 (ε
504 2596 599 2627 Ειπίρ.
618 2594 750 2628 ἐξηύχου)
771 2597 856 2621 Editt.
882 2598 1002 2627 recent.;
1026 2596 1110 2620 Editt.

195 2625 287 2653 1558„
307 2627 382 2651 ¹562.
403 2630 528 2658 optabam
546 2629 639 2662 (huius
656 2632 761 2662 primae
778 2637 915 2662 personae
932 2637 1032 2655 ansam
1050 2631 1111 2654 for-

192 2660 468 2727 tsff'sspegfitltliltforma
485 2667 615 2695 corrupta
639 2663 788 2698 ἐξηύχουν,
815 2671 886 2697 quae
910 2665 938 2691 in
962 2666 1012 2691 Ed.
1034 2666 1109 2690 1551.

772 71 1170 108 INTERPRETATIO
1198 72 1398 109 MEDEAE
1423 73 1673 111 EURIPIDIS.

1175 668 1249 703 950
1274 670 1324 704 Ea
1352 672 1526 720 ferunt7'2)
1549 674 1621 706 mei
1638 674 1711 708 filii.

2090 78 2162 113 478

1227 162 1321 194 Med.
1345 160 1403 194 Tu
1421 161 1502 195 iube
1529 169 1649 207 petere
1675 175 1693 196 a
1716 170 1816 208 patre
1841 170 1939 198 tuam

1225 211 1401 252 Uxorem,
1424 226 1468 246 ne
1495 221 1668 258 cogantur
1688 215 1792 248 liberi
1816 216 1854 249 in
1879 215 2021 250 exilium
2042 216 2092 249 ire
2120 229 2160 249 ex

1587 263 1653 299 hac
1676 273 1783 301 terra.

1224 315 1293 346 Ias.
1324 314 1496 353 Maxime;
1528 316 1688 350 existimo
1717 331 1780 362 ego
1811 330 2061 364 persuasuram
2087 330 2159 351 esse

1587 380 1663 401 eam
1689 370 1794 412 patri,

1174 412 1248 448 945
1271 413 1309 447 Si
1336 415 1479 460 quidem
1504 423 1554 450 est
1578 420 1707 451 mulier
1731 421 1819 454 sicut
1844 421 1945 455 aliae.

1225 466 1319 499 Med.
1346 465 1422 510 Ego
1448 479 1591 513 quoque
1615 475 1648 502 te
1670 471 1847 504 adiuvabo
1870 472 1906 504 in
1931 470 1998 504 hoc
2025 474 2158 506 labore.

1224 516 1316 550 Nam
1340 518 1480 550 mittam
1505 518 1537 551 ei
1562 520 1678 560 dona,
1701 534 1792 566 quae
1817 524 1991 556 excellunt

1224 568 1328 601 Nunc
1350 569 1443 601 inter
1467 567 1650 612 homines,
1675 584 1738 616 ego
1762 574 1851 606 bene
1877 574 1965 607 scio:

1225 619 1386 653 Tenuem
1410 627 1540 654 vestem
1568 629 1601 655 et
1625 635 1797 656 coronam
1824 636 1982 664 auream,

1765 675 1831 709 Sed
1850 687 1957 721 quam
1978 676 2159 709 celerrime

1592 732 1734 770 oportet

1224 773 1391 819 Aliquem
1417 786 1457 807 ex
1478 776 1619 810 famulis
1643 775 1712 811 huc
1736 778 1862 811 afferre
1890 785 2069 812 ornatum.

1226 823 1289 857 llla
1314 837 1443 869 sponsa
1468 833 1519 860 est
1542 827 1643 861 beata
1670 841 1744 862 non
1763 841 1834 863 una
1860 830 1896 862 in
1912 841 1972 871 re,
1995 830 2055 864 sed
2071 829 2160 862 mul-

1588 879 1768 923 tipliciter,

1228 924 1327 969 Quae
1352 933 1384 959 te
1407 928 1523 961 virum
1548 931 1723 974 optimum
1747 932 1917 966 maritum
1947 933 2074 976 adepta
2102 938 2163 965 est.

1225 975 1271 1009 Et
1294 975 1438 1011 habebit
1463 987 1649 1023 ornatum,
1676 996 1781 1028 quem
1805 984 1879 1024 Sol,

1177 1025 1250 1060 955
1275 1028 1383 1062 Pater
1406 1031 1517 1074 patris
1539 1034 1629 1074 mei,
1654 1035 1715 1068 dat
1737 1034 1807 1068 suis
1832 1034 1994 1079 posteris.

1228 1078 1362 1113 Sumite
1387 1078 1472 1114 haec
1496 1083 1589 1117 (lona
1616 1086 1790 1129 nuptialia
1817 1086 1919 1130 pueri
1942 1086 1979 1118 in
1997 1097 2136 1124 manus,

1227 1129 1273 1162 Et
1295 1131 1419 1165 beatae
1445 1134 1612 1168 dominae
1635 1149 1786 1180 sponsae
1810 1139 1890 1171 date

1224 1181 1410 1220 Ferentes;
1433 1196 1507 1218 non
1529 1187 1677 1231 accipiet
1701 1189 1861 1232 vulgaria
1884 1201 2047 1223 munera.

1226 1234 1294 1266 Ias.
1322 1234 1462 1279 Quare,
1487 1250 1507 1269 o
1534 1238 1661 1279 stulta,
1684 1252 1833 1274 evacuas
1858 1247 1935 1275 tuas
1959 1240 2110 1275 manus?

1177 1282 1250 1316 960
1274 1284 1429 1319 Putasne
1456 1288 1604 1322 domum
1628 1291 1762 1334 regiam
1790 1304 1909 1326 carere
1936 1292 2060 1328 stolis?

1224 1334 1333 1370 Putas
1357 1338 1474 1372 auro?
1498 1352 1618 1380 serva,
1642 1354 1715 1374 non
1740 1343 1799 1377 des
1823 1341 1921 1378 llaec.

1225 1385 1316 1420 Nam
1345 1388 1373 1421 si
1402 1401 1466 1423 nos
1488 1392 1592 1424 ducet
1616 1392 1652 1425 in
1677 1393 1795 1439 aliqua
1822 1396 2083 1430 existimatione

1225 1437 1374 1478 Mulier,
1400 1442 1541 1485 augebit
1565 1450 1597 1476 te
1622 1446 1851 1487 muneribus,
1875 1448 1964 1481 bene
1987 1448 2058 1482 seio
2084 1459 2161 1491 ego·

1223 1490 1316 1523 Med.
1333 1490 1385 1524 Ne
1400 1492 1495 1526 dicas
1515 1492 1603 1526 mihi
1620 1495 1683 1528 ista
1697 1509 1703 1533 ;
1719 1497 1831 1530 fertur
1846 1500 1953 1532 etiam
1970 1498 2065 1533 Deos
2081 1510 2161 1542 per-

1586 1547 1728 1580 suaderi
1750 1549 1864 1583 donis.

1173 1588 1247 1624 965
1273 1591 1439 1631 „Aurum
1466 1597 1648 1639 potentius
1671 1605 1721 1632 est
1744 1600 1838 1633 inter
1863 1599 2025 1634 homines
2051 1613 2161 1648 quam

1579 1647 1739 1683 infinitae
1764 1652 1944 1686 orationes
1954 1652 2013 1698 ⁷3).

1223 1692 1307 1733 „Illi
1330 1695 1425 1729 favet
1450 1697 1612 1739 fortuna,
1639 1701 1736 1734 illam
1760 1716 1854 1737 nunc
1877 1710 1981 1748 auget
2003 1705 2111 1740 Deus.

1222 1745 1323 1779 Nova
1353 1759 1481 1792 sponsa
1510 1750 1736 1792 dominatum
1773 1767 1936 1789 meorum
1964 1756 2160 1791 liberorum

1585 1803 1729 1837 exilium

1222 1847 1339 1880 Etiam
1359 1849 1431 1882 vita
1457 1851 1691 1895 redimerem,
1714 1868 1788 1889 non
1811 1857 1926 1890 solum
1952 1869 2052 1892 auro.

1221 1898 1376 1940 Verum,
1400 1913 1420 1933 o
1446 1902 1528 1942 filii,
1555 1904 1729 1940 intrantes
1754 1907 1908 1941 vicinam
1933 1910 2082 1943 domum

1170 1948 1245 1983 970
1268 1950 1405 1991 Patris,
1433 1964 1563 1987 novam
1591 1969 1738 1990 uxorem
1764 1965 1798 1991 et
1815 1972 1932 1993 meam
1957 1962 2143 1994 dominam

1220 2001 1402 2047 Supplices
1426 2011 1551 2045 orate,
1574 2008 1703 2051 petite,
1727 2022 1770 2043 ne
1795 2010 1912 2044 eiiciat
1936 2025 1999 2046 vos
2023 2013 2060 2045 in
2087 2013 2158 2045 exi-

1581 2059 1680 2100 lium,

1221 2102 1355 2138 Dantes
1373 2106 1467 2140 istud
1477 2117 1727 2144 ornamentum
1740 2125 1747 2150 ;
1765 2110 1831 2146 hac
1842 2113 1935 2146 enim
1946 2125 1983 2147 re
1994 2127 2083 2159 opus
2092 2120 2155 2154 est,

1219 2154 1267 2187 Ut
1294 2155 1370 2200 ipsa
1394 2160 1545 2204 accipiat
1571 2160 1608 2194 in
1632 2175 1758 2197 manus
1784 2162 1870 2197 haec
1895 2166 2002 2199 dona.

1218 2203 1269 2239 Ite
1299 2219 1407 2253 quam
1442 2211 1646 2254 celerrime,
1685 2220 1719 2248 et
1748 2215 1855 2248 matri
1879 2217 1921 2249 de
1946 2216 2032 2256 illis,
2065 2228 2156 2262 quae

1587 2265 1683 2308 cupit
1707 2267 1889 2311 consequi,

1167 2305 1241 2341 975
1263 2309 1397 2344 Afferte
1417 2312 1553 2347 bonum
1576 2316 1764 2357 nuntium,
1788 2329 1826 2350 re
1850 2329 2020 2363 prospere
2047 2325 2136 2353 acta.

1515 2379 1722 2429 [Strophe
1757 2382 1811 2432 1.]

1219 2437 1316 2471 Ghor.
1341 2437 1444 2472 Nunc
1469 2441 1566 2474 nulla
1588 2442 1742 2487 amplius
1765 2457 1844 2490 spes
1875 2451 1926 2480 est
1948 2446 2040 2480 vitae
2067 2446 2154 2480 libe-

1584 2505 1728 2533 rorum;

1198 2622 1429 2690 ῃζῖἕέἲῗὲἰω
1446 2627 1530 2653 Editt,
1546 2628 1638 2660 ’κζ’
1658 2630 1756 2661 Bam-5
1777 2631 1824 2656 Ed.
1841 2631 1914 2657 1558.
1933 2631 2023 2656 ferent
2041 2632 2150 2662 (Eun-ip.

1198 2700 1247 2732 73)
1266 2702 1298 2727 Η.
1318 2702 1337 2727 1.
1357 2703 1385 2727 in
1403 2703 1488 2731 Editt.
1512 2705 1603 2738 1558„
1627 2707 1701 2734 1⁵62.
1722 2710 1787 2733 nota
1804 2714 1908 2741 marg.:
1935 2710 2077 2734 munerum
2096 2710 2149 2733 vin.
