2373 2980
224 110 298 145 323
800 107 922 143 PHIL.

275 195 346 227 Pol.
376 193 471 227 Ibine
488 206 613 227 aurum
634 200 681 226 est
696 193 708 225 J
733 193 870 235 signum
886 205 970 225 vero
988 194 1082 238 quod
1094 193 1109 227 'z'

226 245 323 278 1010
350 247 428 278 Hoc.
457 245 603 285 Nigrum
624 256 744 276 saxum
764 250 894 276 terram
915 244 1072 278 eminens
1092 256 1210 288 supra.

280 296 345 327 Pol.
374 296 534 338 Amplius
559 295 664 337 igitur
688 294 740 327 vis
770 294 904 339 aliquid
931 307 1076 333 eorum,
1120 308 1210 340 quae

629 351 710 377 sunt
728 345 795 383 ibi,
821 345 936 378 dicere
953 344 1040 378 mihi
1053 346 1067 378 ἰ’

274 398 352 429 Jlec.
381 396 530 428 Servare
550 402 583 428 te
598 395 783 440 pecunias,
821 408 898 429 cum
924 397 1050 441 quibus
1074 407 1210 439 egressa

629 458 727 485 suni,
759 447 853 479 volo.

276 497 342 529 Pol.
380 496 449 528 Ubi
481 496 589 530 sane?
633 496 724 529 intra
750 496 886 530 vestes?
930 504 989 530 aut
1021 497 1211 529 occultatas

628 545 763 580 habes?

273 599 353 630 Hee.
389 597 593 641 SpolIOrum
619 598 656 630 in
683 609 809 630 acervo
836 597 872 629 in
897 596 990 630 bisce
1025 603 1212 630 servantur

631 648 740 681 tectis.

224 697 320 731 1015
349 699 420 731 Pol.
457 699 527 731 Ubi
553 711 638 732 vero
648 698 662 731 ἐ’
707 697 771 731 bae
795 699 1014 731 Graecorum
1047 698 1211 731 nauticae

632 750 799 782 latebrae.

272 800 351 832 Hec.
379 799 577 843 Separatim
595 800 783 832 mulierum
804 799 1024 842 captivarum
1042 804 1144 831 tecta.

271 851 342 883 Pol.
370 850 498 883 Utrum
517 863 569 890 ea,
597 863 687 894 quae
705 851 798 882 intus
815 850 883 881 fida
900 855 981 882 sunt
999 855 1032 881 et
1051 849 1211 881 virorum

631 899 812 934 solitaria?

273 952 353 984 Hec.
382 952 507 985 Rullus
523 952 741 984 Graecorum
762 950 876 988 intus,
906 950 967 982 sed
987 962 1052 981 nos
1070 950 1177 982 solae.

273 1002 340 1034 Sed
360 1015 464 1046 perge
483 1003 519 1034 in
535 1003 681 1034 domum
695 1027 703 1040 ,
729 1000 878 1044 (etenim
898 1000 1025 1032 Graeci
1039 1000 1187 1032 navium

225 1054 322 1088 1020
352 1054 496 1087 Solvere
529 1053 675 1096 cupiunt
706 1052 852 1083 domum
884 1061 1004 1083 versus
1032 1063 1072 1082 ex
1103 1050 1214 1082 Troia

626 1103 753 1147 pedem
765 1102 798 1147 ,)v

274 1158 321 1191 Ut
346 1156 465 1189 omnia
491 1154 698 1193 conficiens,
734 1164 824 1197 quae
841 1157 874 1184 te
895 1157 1055 1194 oportet,
1090 1152 1216 1184 redeas

572 1244 581 1250 ἱ
629 1216 751 1237 rursus

276 1259 364 1292 Cum
381 1257 501 1290 liberis
518 1269 558 1289 eo
571 1283 580 1295 ‚
606 1255 668 1288 ubi
683 1266 802 1287 meum
824 1253 973 1297 posuisti
990 1253 1114 1286 filium.

276 1311 371 1344 Chor.
400 1309 569 1342 Nondum
588 1305 727 1345 dedisti,
749 1305 809 1337 sed
826 1305 917 1337 forte
934 1303 1034 1336 dabis
1049 1315 1216 1346 poenam,

225 1358 323 1395 1025
351 1359 615 1404 Importuosum
647 1355 823 1401 quispiam
853 1354 954 1400 quasi
981 1354 1018 1386 in
1043 1354 1215 1386 vorticem

635 1407 796 1439 incidens

276 1461 453 1506 Obliquus
471 1459 606 1492 excides
625 1456 733 1490 charo
752 1456 858 1489 corde

272 1513 431 1545 Perdens
448 1511 570 1543 vitam.
606 1508 744 1552 „Quod
761 1507 854 1539 enim
875 1504 1067 1538 obnoxium
1087 1504 1190 1551 estff)

226 1563 324 1598 1030
353 1561 561 1602 „Iust=t1ae,
590 1566 625 1592 et
642 1558 719 1592 Diis
740 1569 815 1590 non
837 1556 999 1589 concidet

276 1613 476 1653 ‚,Exitiale,
505 1610 644 1644 exitiale
661 1609 808 1642 malum.

274 1664 390 1697 Fallet
407 1669 439 1695 te
459 1662 537 1694 viae
554 1659 659 1694 huius
676 1672 773 1704 spes,
802 1668 892 1702 quae
911 1663 943 1689 te
961 1655 1101 1688 induxit

274 1714 431 1747 Letalem
452 1714 496 1745 ad
510 1712 710 1745 Platonem.
762 1709 841 1741 Heu
859 1707 981 1740 miser!

275 1763 471 1809 Imbelli47)
487 1775 571 1796 vero
588 1774 699 1795 manu
714 1760 893 1803 relinques
910 1758 1034 1789 vitam.

261 1839 578 1888 [Polyme-rior,
606 1836 942 1873 Semichorium,
971 1827 1183 1876 Hecuba]

230 1906 327 1943 1035
355 1908 427 1941 Pol.
461 1906 539 1939 Heu
555 1903 658 1938 mihi!
696 1904 869 1936 obcaecor
891 1898 1014 1934 lumen
1032 1898 1218 1931 oculorum

639 1954 758 1987 miser.

278 2011 369 2044 Sem.
397 2007 526 2041 Audite
548 2006 616 2038 viri
633 2005 802 2048 gemitus,
831 2015 851 2035 o
870 2001 1015 2034 amicae.

279 2061 352 2093 Pol.
380 2059 458 2092 Heu
480 2056 569 2091 mihi
592 2056 694 2088 valde
720 2066 881 2092 rursum,
923 2064 943 2084 o
969 2050 1051 2089 filii,

635 2113 724 2139 stem
742 2101 1010 2137 mactationem!

621 2163 698 2190 acta
729 2161 811 2189 sunt
834 2165 928 2186 nova
955 2152 1047 2184 intra
1073 2151 1219 2182 domum

638 2207 743 2240 mala.

277 2263 348 2295 Pol.
373 2261 443 2295 Sed
458 2272 532 2293 non
548 2271 603 2292 me
621 2255 813 2301 effugeritis
831 2252 935 2286 celeri
953 2253 1054 2296 pede.

1089 2050 1133 2082 ob
1160 2048 1220 2081 tri-

281 2163 371 2195 Sem.
413 2159 558 2192 Amicae
569 2185 578 2198 ,

266 2377 313 2408 46)
334 2378 532 2407 lmportuosum
549 2387 583 2392 -
603 2373 747 2398 obnoxium
765 2371 822 2400 est]
843 2369 870 2392 hi
889 2370 947 2393 tres
965 2373 1007 2391 vs.
1027 2366 1056 2390 in
1074 2365 1124 2389 Ed.
1141 2365 1222 2388 Bai-n.

303 2412 330 2435 in
350 2417 399 2435 sex
418 2410 499 2434 divisi
519 2410 583 2432 sunt
603 2409 657 2431 sic:

440 2445 637 2473 Importuosum
656 2440 790 2471 quispiam
810 2436 889 2469 quasi

335 2479 402 2503 1025
436 2479 465 2501 ln
484 2478 619 2500 vorticem
636 2475 758 2499 incidens

434 2511 581 2542 obliquus,
601 2509 734 2533 exciderit

436 2546 508 2570 Caro
527 2545 609 2568 corde
621 2560 628 2573 ,

439 2580 560 2605 orbatus
579 2578 644 2601 vita.

439 2613 545 2645 „Quod
565 2612 636 2636 enim
655 2609 798 2634 obnoxium
818 2609 858 2631 est

268 2657 314 2688 47)
335 2657 376 2682 Ad
394 2658 463 2680 hanc
487 2661 581 2679 vocem
606 2653 725 2684 pertinet
748 2652 814 2675 nota
839 2655 925 2680 marg.
950 2648 979 2671 in
997 2647 1046 2672 Ed.
1068 2646 1160 2670 1562:
1195 2644 1224 2668 ld

304 2694 364 2717 est,
384 2690 516 2715 muliebri.

958 108 1072 143 MEL.
1105 107 1307 143 SCRIPTA
1333 108 1668 143 PHILOLOGICA.
1703 134 1705 136 -

2180 108 2254 144 324

1267 194 1364 228 1040
1390 194 1568 227 Deiiciens
1586 193 1679 226 enim
1706 191 1997 233 aediumlharum
2023 205 2253 237 perrumpam

1672 243 1831 286 angulos.
1846 271 1847 274 ,

1315 299 1405 330 Sem.
1435 294 1523 327 Ecce
1542 294 1639 337 gravi
1658 306 1698 326 ex
1716 305 1829 332 manu
1844 293 2185 335 vibraturwiaculum.

1316 346 1431 379 Vultis
1448 344 1651 378 irruamus?
1680 344 1849 389 quoniam
1869 341 2116 388 opportunitas
2133 349 2237 379 vocat
2258 369 2260 371 .

1312 396 1477 429 Hecubae
1503 396 1641 435 adesse,
1667 394 1905 439 Troianisque
1928 395 2133 428 mulieribus
2159 386 2261 427 auxi--

1676 445 1712 476 li
1705 445 1842 479 ati-iens.
1913 480 1915 486 ,

1315 499 1396 531 llec.
1424 496 1584 538 Frange,
1611 495 1700 528 nulli
1716 508 1821 540 parce
1841 495 1982 528 eiiciens
1999 501 2093 539 polt·
2095 507 2139 532 =s;

1268 546 1365 581 1045
1393 547 1515 591 Neque
1533 546 1626 578 enim
1646 558 1804 591 unquam
1831 546 1943 579 visum
1964 546 2119 579 lucidum
2143 544 2258 588 impo-

1674 609 1736 629 nes
1741 597 1896 640 pupulis
1908 623 1917 637 ‚
1966 610 1967 613 ¹
2149 612 2152 634 g

1317 648 1441 693 Neque
1458 647 1546 680 lilios
1561 647 1695 680 videbis
1711 647 1769 679 viv
1772 654 1880 687 entes,
1902 659 1990 692 quos
2004 632 2165 679 interfeci
2182 655 2261 688 egu-

1318 701 1407 732 Sem.
1432 698 1612 732 Numnam
1631 697 1753 741 cepisti
1771 696 1859 730 Thr.
1853 710 1946 730 'icem
1958 723 1967 738 ‚
2003 702 2037 729 et
2051 695 2177 742 potiris
2192 691 2257 727 ho-

1678 748 1766 791 spite
1780 774 1789 788 ‚

1319 798 1352 831 O
1372 798 1537 837 domina,
1564 804 1598 830 et
1616 798 1785 841 patrasti,
1805 797 1923 843 qualia
1945 797 2055 831 dicis?

1319 851 1400 883 Hec.
1429 848 1574 881 Videbis
1589 849 1707 882 statim
1727 850 1931 882 existentem
1950 854 2031 881 ante
2048 848 2149 893 aedes
2197 868 2203 871 -

1270 898 1368 935 1050
1397 899 1548 932 Caecum
1563 926 1571 938 ,
1600 911 1703 933 caeco
1722 906 1862 932 euntem
1881 899 2083 932 errabundo
2100 898 2208 941 pede,

1317 950 1565 994 filiorumque
1590 951 1743 983 duorum
1770 962 1953 994 corpora,¹
1979 961 2068 995 quos
2100 946 2260 981 interfeci

1678 1013 1741 1044 ego

1319 1050 1407 1084 Cum
1425 1050 1569 1094 optimis
1585 1050 1820 1090 Troiadibus3
1850 1063 2001 1095 poenam
2020 1061 2105 1091 vero
2124 1046 2220 1085 mihi.

1319 1101 1439 1134 Dedit.
1470 1101 1640 1134 Ambulat
1656 1114 1759 1142 vero,
1784 1109 1823 1135 ut
1840 1102 1956 1143 vides,
1982 1100 2096 1135 hic'ex
2113 1104 2233 1136 domo.

1319 1152 1388 1184 Sed
1407 1153 1545 1184 eminus
1565 1153 1652 1184 abeo
1669 1159 1702 1184 et
1718 1153 1884 1186 absistam

1274 1201 1370 1236 1055
1398 1201 1452 1234 Ira
1469 1202 1600 1240 fluente
1617 1215 1635 1234 a
1654 1200 1810 1235 Thracio
1827 1203 2096 1246 insuperabili.
2192 1243 2196 1247 μ

1321 1251 1460 1286 P01.O
1486 1251 1575 1285 mihi
1599 1253 1678 1296 ego*
1714 1252 1795 1297 Quo
1821 1253 1938 1286 vado?
1975 1266 2045 1298 quo
2071 1232 2157 1287 sto?
2189 1264 2259 1297 quo

1681 1304 1866 1348 applicabo
1881 1304 1948 1351 ⁴⁸).
1939 1303 1954 1328 Ῥ
2115 1337 2119 1340 ,

1323 1352 1612 1397 Quadrupedis⁴⁸
1623 1354 1655 1399 a)
1673 1356 1822 1397 gradum
1839 1356 1933 1387 selae
1948 1360 2181 1397 montanae

1320 1404 1463 1436 Ponens
1482 1416 1588 1447 super
1605 1416 1732 1438 manus
1746 1405 1843 1438 iuxta
1861 1405 2007 1448 vestigia
2019 1404 2195 1450 qualem!
2191 1394 2249 1450 9,).

1273 1454 1370 1489 1060
1397 1453 1501 1485 Viam
1514 1480 1523 1493 ,
1551 1460 1612 1486 aut
1628 1452 1720 1487 hanc
1736 1461 1797 1488 aut
1811 1455 1908 1496 illam
1926 1456 2072 1488 mutabo
2085 1481 2094 1495 ,

1322 1504 1528 1538 Homicidas
1546 1502 1767 1548 prehendere
1785 1505 1930 1548 cupiens

1320 1555 1468 1595 Iliadas,
1497 1567 1587 1600 quae
1606 1567 1662 1588 me
1680 1554 1938 1599 perdiderunt?
2070 1586 2071 1589 ,

1322 1606 1495 1639 Scelestae
1512 1605 1702 1646 sceleratae
1718 1606 1856 1649 puellae
1870 1603 2053 1650 Phrygum
2066 1631 2076 1646 ‚

1321 1656 1379 1695 lo,
1406 1655 1443 1689 Io
1461 1656 1663 1689 sceleratae.
1716 1656 1788 1689 Ubi
1804 1668 1860 1689 me
1884 1657 1964 1699 fuga

1276 1706 1372 1743 1065
1398 1707 1555 1751 Fugiunt
1573 1706 1610 1738 in
1626 1706 1789 1750 angulis?

1324 1758 1471 1791 Utinam
1489 1755 1577 1790 mihi
1594 1759 1779 1790 oculorum
1798 1763 1980 1789 cruentam
1998 1756 2208 1800 palpebram

1325 1809 1524 1848 Medearis,
1551 1808 1726 1842 medearis
1743 1819 1884 1841 caecum
1896 1833 1906 1847 ,
1935 1819 1954 1839 o
1974 1807 2048 1846 sol,

1324 1859 1456 1892 Lucem
1483 1860 1646 1892 reddens.
2165 1896 2167 1899 Α
2189 1895 2193 1899 ,

1325 1912 1372 1944 At
1389 1916 1443 1949 at,
1470 1916 1566 1950 tace,
1588 1915 1682 1948 tace,
1709 1908 1884 1941 occultum
1902 1908 2051 1951 gradum
2069 1906 2206 1949 ειεεῑιῑὶρ-ζ

1278 1961 1376 1996 1070
1404 1960 1539 1993 Harum
1557 1959 1759 1992 mulierum.
2172 1997 2177 2002 β

1326 2012 1396 2044 Ubi
1415 2012 1540 2055 pedem
1558 2010 1650 2043 saltu
1664 2009 1789 2042 sistens
1807 2008 1972 2041 carnibus
1989 2008 2155 2042 ossibus·-

1328 2074 1396 2106 que
1415 2061 1584 2105 implebo,
1600 2072 1746 2093 coenam
1765 2059 1989 2104 sylvestrium
2007 2059 2163 2101 ferarum

1326 2113 1486 2151 Ponens,
1515 2117 1738 2143 commutans
1762 2111 1932 2142 damnum

1325 2162 1433 2195 Exitii
1453 2174 1518 2205 pro
1537 2161 1692 2194 talione?
1734 2159 1772 2193 Io
1789 2158 1910 2192 miser!

1278 2212 1375 2248 1075
1402 2212 1485 2253 Ubi,
1505 2225 1575 2257 quo
1593 2211 1714 2254 seror?
1740 2211 1871 2243 liberos
1890 2211 2046 2243 desertos
2063 2207 2268 2252 relinquens

1326 2263 1460 2297 Insanis
1478 2263 1684 2297 mulieribus
1701 2259 1863 2294 Plutonis
1883 2262 1927 2293 ad
1945 2258 2216 2303 discerpendum

1327 2314 1519 2347 Mactatam
1538 2314 1682 2347 canibus
1700 2313 1840 2345 caedem
1852 2338 1861 2352 ,

1312 2459 1359 2486 48)
1379 2458 1401 2481 Ο
1421 2456 1485 2480 mihi
1505 2468 1534 2472 —
1555 2451 1738 2485 applicabo'3]
1765 2454 1809 2478 hic
1833 2461 1876 2479 vs.
1899 2453 1928 2477 in
1947 2453 1996 2477 Ed.
2016 2453 2131 2476 Bai-nes.
2150 2450 2177 2475 in
2197 2451 2265 2475 duos

1347 2493 1390 2515 est
1409 2490 1571 2514 disiunctus.
1880 2501 1882 2504 v
2155 2503 2157 2506 .
2183 2500 2185 2507 ,

1311 2552 1384 2580 48³)
1405 2549 1609 2583 Quadrupedis]
1629 2548 1731 2582 sic(=
1742 2548 1835 2592 Eurip.
1855 2532 2032 2578 τετριιποδος)
2047 2544 2133 2569 Editt.
2147 2543 2264 2591 recentst
2257 2558 2266 2571 ‚

1346 2585 1486 2611 Ed.1562.
1507 2584 1675 2614 Quadrupes.

1311 2646 1359 2677 49)
1380 2646 1503 2676 qualem]
1526 2645 1593 2668 liaeo
1616 2650 1670 2668 vox
1686 2643 1720 2669 in
1745 2643 1794 2669 Ed.
1811 2643 1903 2667 Barn.
1907 2640 1958 2667 iu·
1973 2640 2131 2671 sequentem
2153 2642 2264 2664 versum

1349 2682 1392 2705 est
1410 2679 1982 2710 transposita..
2041 2696 2043 2699 .

1864 2733 1866 2735 .
1886 2723 1920 2750 [ἰ
