2373 2980
18 830 21 842 κ
18 794 21 803 ,
9 769 14 775 -
7 651 19 755 ‘tf-.-

90 128 169 166 205
330 123 404 160 LII.

451 125 486 159 δ.
513 123 799 160 ENARRATlo
826 123 1033 157 OPERUM
1059 122 1123 157 ET
1152 122 1343 157 DIERUM
1372 120 1575 156 HESIODI.
1610 134 1660 155 vs.
1679 120 1809 155 106—-
1828 122 1910 155 189.

2069 122 2144 157 206

200 226 232 246 v.
251 211 334 247 162.
354 210 475 257 (161.)
502 209 598 250 Τοὺς
613 207 682 254 μὲν
702 208 764 256 ἐφ’
781 205 999 255 ἑπταπύλῳ]
1025 208 1095 240 He·
1118 235 1124 248 ,
1147 208 1244 241 mina
1277 209 1539 241 frumentorum
1578 214 1610 241 et
1646 208 1865 251 leguminum
1895 207 2000 240 fuisse
2036 219 2143 252 quam

96 264 193 298 roica
214 269 310 296 aetas
324 262 484 295 continet
498 262 744 304 Argonautas,
772 266 806 293 et
828 272 884 292 res
909 265 1022 303 gestas
1049 260 1093 291 ad
1119 266 1123 295 t
1148 271 1243 292 nunc
1257 265 1350 292 sunt.

96 314 264 352 Theben,
292 319 326 346 et
340 313 537 346 Troianam
556 311 756 346 historiam.
791 311 996 344 Posteriora
1018 316 1095 342 tan-

96 372 171 399 tum
194 371 356 408 tempora
381 370 550 397 recenset.
610 363 700 396 Vide
725 364 768 396 de
789 360 964 395 Thebano
991 372 1094 404 argu-

97 421 218 449 mento
240 414 393 448 Statium
429 415 465 448 in
498 415 545 450 12
570 414 680 448 libris.
741 413 901 457 Oedipus
926 413 983 445 ille
1013 424 1095 444 con-

95 467 209 499 iector
232 472 265 498 et
289 466 531 509 aenigmatum
560 465 718 503 solutor,
759 471 797 497 nt
823 471 874 498 est
898 464 933 496 in
956 463 1094 498 Andria

96 516 334 563 Terentii⁸⁶)‚
361 518 451 551 duos
467 516 558 549 filios
573 514 718 555 habuit,
746 514 916 548 Eteoclen
940 521 973 547 et
989 514 1096 558 Poly-

94 568 220 607 nicen,
261 568 323 612 qni
352 565 603 600 monomachia
633 568 859 599 decertarunt
893 567 936 598 de
973 577 1096 609 regno,

96 632 176 653 cum
196 619 266 650 iam
283 616 406 651 Thebe
415 618 463 664 87)
483 624 559 651 erat
573 618 711 651 obsessa
725 616 784 663 ⁸⁸).
839 616 994 650 Cadmus
1010 628 1096 648 vero

96 670 276 715 profectus
306 681 347 702 ex
381 667 598 708 Phoenicia,
646 669 805 701 condidit
838 668 993 712 primum
1034 665 1097 700 has

97 719 241 754 Thebas
256 726 389 764 septem
410 726 595 764 portarum
614 719 649 752 in
660 719 823 752 Boeotia.
877 718 1099 763 Septiportes

97 771 213 805 dictae
247 771 291 803 ad
325 771 564 804 differentiam
596 769 802 803 Thebarum
828 770 1098 814 Aegyptiarum,

98 835 191 869 quae
210 822 426 864 centiportes
444 823 555 855 suere.

202 885 235 907 v.
256 873 340 907 163.
361 873 482 919 (162.)
510 870 638 918 μήλων
649 871 723 920 89)]
751 869 850 917 μήλα
869 873 1034 916 pecudes,
1065 876 1097 901 et

97 930 221 969 postea
249 923 536 969 synecdochice&
561 936 646 968 opes
671 924 882 967 significant.
947 920 1099 957 Οἰδιπό-

97 973 253 1022 δαοθθ)]
279 973 500 1021 Οἶδιπόδης,
527 987 589 1016 ου,
619 988 684 1016 ao,
715 975 829 1019 prima
849 986 915 1006 vox·
935 980 995 1012 est,
1025 984 1098 1005 uon

95 1026 400 1071 patronymicum.

201 1089 235 1111 v.
264 1077 348 1111 171.
382 1076 502 1122 (169.)
539 1075 604 1110 Ἐν
633 1075 818 1123 μακάρων
842 1073 986 1121 νήσοισι,
1010 1072 1097 1121 etc.]

97 1127 151 1161 De
165 1128 357 1161 fortunatis
374 1128 497 1161 insulis
516 1127 595 1159 vide
605 1127 762 1161 Plinium
781 1128 841 1161 lib.
852 1128 886 1161 6.
905 1124 1099 1170 cap.32.⁹¹)

99 1185 133 1212 et
152 1179 314 1212 Solinum
334 1179 369 1211 in
388 1185 570 1223 postremo
597 1179 804 1223 caphema).
865 1179 955 1211 Sunt
980 1183 1098 1209 autem

98 1242 173 1263 non
191 1231 316 1274 procul
334 1243 351 1261 a
371 1229 603 1262 Blauritania.

204 1293 237 1314 v.
257 1279 341 1314 174.
360 1279 480 1325 (172.)
501 1278 646 1324 Mrsze'z'
664 1278 776 1313 ἔπειτ’
796 1279 942 1325 ὤφελον
960 1277 1006 1323 ⁹²)
1027 1275 1100 1325 ἐγώ

100 1329 331 1379 πέμπτοισι]
359 1331 561 1374 Descriptio
579 1336 781 1373 postremae
800 1337 832 1363 et
849 1331 986 1362 ferreae
1005 1335 1100 1360 acta-

99 1383 165 1423 tis,
194 1394 284 1428 quae
303 1381 462 1426 pessimis
480 1381 637 1425 praedita
657 1381 816 1414 moribus
840 1388 909 1418 est,
944 1380 978 1412 id
1003 1380 1098 1424 quod

98 1439 204 1478 poeta
216 1433 262 1478 ³³)
284 1433 418 1471 voluit,
444 1445 521 1465 cnm
544 1431 608 1464 ait:

142 1491 240 1520 Omne
262 1492 291 1520 in
314 1491 468 1530 praecipiti
493 1491 592 1519 vitium
616 1491 713 1525 stetit;
745 1496 828 1519 utere
852 1491 939 1519 velis.

99 1543 283 1577 Maiorum
308 1556 427 1577 mores
454 1555 555 1577 senes
587 1543 699 1586 magis
730 1542 899 1582 laudant,
945 1548 977 1574 et
1007 1547 1100 1574 recte

100 1595 267 1642 quidem;
292 1606 374 1627 nam
395 1606 536 1639 semper
552 1595 829 1637 degeneramus,
864 1599 899 1626 et
922 1593 971 1627 sic
989 1599 1037 1626 est
1064 1591 1101 1624 in

100 1652 231 1680 natura
266 1658 410 1686 rerum,
460 1652 499 1678 ut
535 1645 683 1678 subinde
720 1645 840 1678 omnia
875 1645 1102 1689 degenerent.

99 1696 174 1730 Iam
194 1709 338 1743 quoque.
356 1697 441 1730 boni
458 1696 525 1730 viri
543 1703 744 1742 queruntur
766 1698 809 1729 de
833 1696 994 1730 moribus
1018 1696 1102 1728 ado-

102 1749 312 1788 lescentiae,
351 1761 467 1794 neque
495 1754 597 1792 pater
617 1748 697 1781 filiis
724 1747 867 1787 similis,
901 1759 1017 1793 neque
1040 1746 1103 1780 filii

102 1800 265 1844 patribus
277 1825 286 1839 ‚
310 1802 445 1846 παῦροι
463 1796 537 1847 γάρ
555 1811 611 1833 τοι
630 1797 758 1838 παῖδες
774 1805 838 1832 etc.
851 1825 860 1838 ‚
882 1805 923 1832 ut
939 1805 990 1832 est
1007 1799 1101 1843 apud

103 1849 302 1882 Homerum
317 1849 376 1894 ⁹⁴).
437 1850 563 1894 Reque
589 1848 656 1881 hoc
679 1856 818 1882 tantum
842 1849 964 1882 videre
990 1855 1041 1883 est
1066 1849 1103 1881 in

104 1906 233 1933 natura
251 1911 370 1933 rerum
392 1906 453 1933 aut
469 1900 506 1932 in
524 1899 704 1939 moribus,
732 1901 792 1934 sed
810 1900 847 1932 in
865 1899 1032 1933 omnibus
1050 1912 1104 1932 re-

104 1951 182 1984 bus.
247 1950 340 1984 Nam
365 1963 471 1983 nemo
496 1963 628 1995 negare
650 1958 767 1995 potest
792 1951 876 1984 olim
905 1951 1104 1984 Germano-

105 2014 186 2035 rum
206 2013 355 2046 corpora
374 2002 479 2036 fuisse
495 2003 698 2036 robustiora
718 2016 757 2035 ac
781 2003 987 2047 proceriora
1014 2002 1104 2035 mul-

106 2059 162 2092 to,
191 2065 297 2098 quam
317 2065 411 2086 nunc
435 2060 528 2088 sunt.
590 2052 677 2087 Item
701 2054 836 2088 semina
865 2066 884 2086 a
906 2053 1028 2087 multis
1049 2065 1104 2086 ac-

105 2104 264 2148 cepimus
287 2104 501 2144 decrevisse,
531 2105 591 2150 qui
617 2105 781 2139 dicebant
806 2118 841 2140 se
860 2118 990 2150 pueros
1009 2117 1105 2138 com-

102 2155 253 2200 perisse,
279 2156 392 2189 multo
413 2157 550 2189 maiora
576 2162 610 2188 et
635 2157 782 2190 meliora
807 2157 911 2191 simul
939 2157 1023 2190 olim
1052 2169 1104 2189 se-

140 2240 190 2268 86)
209 2241 319 2264 Terent.
339 2240 424 2263 Andr.
444 2240 469 2269 1,
488 2240 515 2269 2,
534 2240 576 2264 24.

142 2283 190 2310 87)
210 2283 313 2312 Thebe]
341 2282 381 2306 sic
406 2282 488 2306 Editt.
514 2283 607 2313 1541.ἳ
638 2282 728 2313 1557.,
752 2283 844 2308 1562..
872 2283 962 2310 1569.,
993 2283 1103 2305 1601—-

177 2317 270 2346 1662.;
296 2317 380 2340 Editt.
400 2316 493 2342 1532..
516 2317 610 2345 1564„
632 2318 721 2342 15813
744 2318 816 2340 1591.
836 2317 950 2340 Thebae.

140 2358 188 2390 88)
210 2360 285 2384 uano
304 2365 360 2383 rein
380 2359 512 2382 tractavit
531 2359 676 2389 Euripides
696 2360 722 2382 in
743 2359 914 2384 Phoenissis.
1014 2394 1019 2397 ἢ

141 2402 188 2429 89)
208 2403 284 2425 Hanc
302 2402 369 2425 fles.
389 2407 484 2425 vocem
503 2402 563 2425 huic
581 2402 752 2425 annotationi
772 2403 830 2432 ipse
846 2402 968 2432 praefixi.

143 2444 192 2471 90)
214 2445 289 2467 Hanc
309 2445 389 2468 etiam
409 2444 474 2467 Bes.
495 2450 587 2468 vocem
608 2445 666 2474 ipse
685 2445 745 2468 huie
765 2445 869 2468 scholio
889 2445 1034 2474 adscripsi.

140 2485 279 2549 Ἦέἒῗὲἰῑιι).
298 2487 360 2512 Nat.
381 2486 453 2510 nist.
467 2487 516 2512 Vl.
542 2494 565 2511 e.
579 2487 622 2511 37.
648 2488 697 2512 hd.
717 2488 817 2511 Franz.
844 2488 880 2518 (c.
897 2488 937 2512 32.
957 2487 1104 2517 antiquior.

142 2562 213 2594 9112)
234 2563 320 2587 sonui
339 2564 505 2588 Menum-abu.
526 2570 550 2587 c.
563 2564 605 2587 65.

141 2605 189 2637 92)
209 2603 335 2637 ὤφελον)
356 2607 498 2641 εἰονΕάὶῒῐ.
520 2607 732 2635 15³2—1569.;
762 2607 844 2631 Editt.
866 2607 1057 2632 1581-1662.
1079 2610 1105 2630 et

176 2641 260 2665 Editt.
281 2641 418 2671 Brunck.‚
438 2641 543 2671 Gaisf.‚
561 2641 681 2667 coetu..
700 2642 786 2665 Dfibn.
806 2639 934 2674 ὤφειλον.

141 2683 190 2712 93)
209 2683 330 2707 luvenal.
352 2685 409 2706 sat.
431 2684 456 2713 1,
477 2684 535 2709 14⁹,

140 2728 189 2754 94]
209 2727 286 2751 Hom.
304 2725 352 2749 od.
374 2726 407 2750 11.
425 2725 483 2749 276.

1120 300 1123 315 t

1130 2657 1133 2665 .«
1130 2530 1134 2625 .“--.
1130 2394 1136 2520 ....-«,.-
1120 403 1135 2384 &ww—W-

1404 258 1527 304 Itaque
1542 271 1616 291 non
1632 259 1813 291 immerito
1831 258 2002 304 conqueri
2020 257 2146 291 Hesio-

1148 311 1213 343 dus
1237 309 1398 348 videtur‚
1442 311 1537 354 quod
1564 310 1600 342 in
1624 310 1728 343 istam
1752 316 1968 354 postremam
1994 315 2145 341 aetatem

1149 368 1182 394 et
1202 360 1373 404 pessimos
1389 358 1576 393 hominum
1594 373 1712 394 mores
1730 361 1904 394 inciderit.
1958 360 2004 393 Et
2022 360 2051 393 si
2074 360 2148 393 istis

1149 411 1356 444 melioribus
1372 411 1515 455 quidem
1536 412 1757 454 temporibus
1775 413 1818 444 ad
1839 411 2146 455 comparationem

1148 462 1263 496 nostri
1289 462 1397 495 seculi
1425 462 1452 494 is
1476 473 1596 494 rerum
1624 468 1735 495 status
1758 463 1842 495 fnit:
1886 463 1922 494 in
1952 475 2057 507 quam
2082 475 2148 495 nos

1150 526 1249 558 spem
1282 513 1453 546 reservati
1488 512 1598 546 simus
1625 520 1829 545 senescente
1854 513 1925 545 iarn
1952 515 2089 546 mundo
2115 519 2149 546 et

1151 563 1478 608 ingravescentibus
1495 561 1684 596 hominnm
1702 564 1798 596 vitiis
1816 563 1989 597 videmus.

1254 636 1286 657 v.
1312 623 1395 657 178.
1427 623 1548 668 (176.)
1592 621 1767 661 Χαλεπᾶς
1800 620 1840 657 δὲ
1874 621 1955 656 θεοὶ
1986 620 2150 657 δώσουσι

1150 672 1350 720 μερίμνας]
1372 676 1403 707 A
1419 670 1616 719 μεριμνάω
1632 680 1701 713 est,
1731 676 1825 719 quod
1846 686 1952 712 curo,
1981 674 2150 707 sollicitus

1151 739 1251 765 suni,
1285 726 1479 769 significat,
1521 726 1824 769 quemadmodum
1850 731 1899 757 est
1927 725 1962 756 in
1991 724 2151 768 Evange-

1152 776 1272 823 li09⁵):
1315 777 1434 810 Nolite
1461 776 1602 809 solliciti
1629 788 1722 811 esse,
1766 777 1850 821 quid
1877 776 2002 809 dicatis
2030 788 2150 808 coram

1152 828 1386 872 principibus.
1438 827 1529 860 Nam
1556 827 1758 860 sollicitudo
1783 834 1814 860 et
1841 827 2002 870 angustia
2030 824 2152 870 prohi-

1152 881 1237 912 bent
1264 880 1380 912 iidem.
1435 878 1479 910 Et
1505 879 1694 911 sollicitum
1722 891 1814 917 esse,
1851 885 1902 911 est
1927 878 2151 911 incredulum

1154 943 1238 964 esse.
1291 930 1401 963 Addit
1419 936 1539 962 tamen
1557 929 1837 973 mitigationem,
1869 935 1901 961 et
1924 930 2028 969 dicit,
2055 930 2152 975 quod

1153 982 1196 1015 iis
1212 981 1458 1015 miscebuntur
1479 981 1572 1013 bona
1594 981 1714 1021 malis,
1740 981 1840 1026 quasi
1861 980 1971 1013 dicat:
2011 987 2043 1013 et
2070 993 2152 1014 rosa

1153 1045 1415 1077 nonnunquam
1436 1038 1567 1065 crescet
1585 1031 1677 1064 inter
1695 1032 1826 1076 spinas.

1257 1105 1287 1126 v,
1308 1092 1391 1126 183.
1417 1091 1537 1137 (181.)
1571 1088 1668 1126 Οὐδὲ
1694 1093 1809 1131 ξεῖνος
1832 1087 2045 1137 ξεινοδόκῳ]
2074 1089 2153 1122 Ele-

1154 1150 1278 1186 ganter
1294 1141 1386 1176 hanc
1404 1142 1618 1177 sententiam
1638 1143 1680 1174 ad
1711 1144 1859 1175 verbum
1883 1144 1955 1175 sere
1982 1140 2154 1186 expressit

1154 1194 1324 1233 Ovidius,
1354 1207 1431 1227 cum
1459 1193 1582 1238 ait⁹⁶):

1521 1253 1588 1281 Non
1612 1253 1717 1290 hospes
1741 1254 1776 1280 ab
1798 1253 1913 1290 hospite
1938 1258 2026 1289 tutus,

1199 1305 1263 1333 Nou
1289 1313 1372 1332 socer
1394 1314 1409 1331 a
1433 1313 1561 1342 genero,
1583 1303 1707 1331 fratrum
1732 1312 1848 1341 quoque
1872 1303 1967 1341 gratia
1990 1312 2056 1331 rara
2079 1308 2134 1331 est.

1154 1356 1261 1401 Quod
1280 1362 1399 1388 autem
1417 1356 1453 1387 in
1472 1356 1642 1399 decalogo
1653 1354 1701 1401 97)
1720 1356 1763 1388 de
1787 1353 1926 1388 honore
1946 1354 2155 1399 parentibus

1155 1405 1355 1440 exhibendo
1375 1413 1445 1446 est,
1474 1404 1542 1439 hoc
1560 1406 1711 1439 totidem
1735 1405 1793 1439 hic
1817 1407 1890 1439 sere
1916 1406 2034 1439 verbis
2060 1412 2156 1439 retu—

1153 1458 1195 1491 lit
1210 1457 1398 1491 Hesiodus.
1447 1457 1573 1503 Neque
1591 1457 1740 1490 dubium
1761 1463 1812 1491 est
1839 1457 1897 1489 illa
1925 1469 1967 1490 ex
1989 1469 2155 1490 sermone

1155 1516 1299 1554 patrum
1326 1514 1469 1552 accepta
1496 1521 1581 1542 esse.
1639 1508 1763 1548 Adde,
1800 1509 1898 1553 quod
1924 1508 1981 1541 lex
2003 1514 2155 1541 naturae

1155 1561 1219 1601 sit,
1246 1559 1428 1593 honorare
1447 1566 1625 1604 parentes.
1678 1559 1741 1594 Est
1758 1565 1877 1593 antem
1897 1559 2074 1593 difficilius
2091 1557 2156 1592 ho-

1155 1624 1286 1645 norare
1303 1617 1490 1656 parentes,
1518 1611 1554 1644 id
1581 1617 1651 1651 est,
1687 1612 1812 1644 cedere
1836 1611 1925 1651 illis,
1954 1610 2157 1644 existimare

1157 1665 1200 1697 de
1218 1663 1287 1696 illis
1305 1663 1425 1696 omnia
1446 1664 1555 1703 hona,
1579 1663 1724 1696 obedire
1746 1670 1829 1702 etc„
1845 1674 1952 1708 qnam
1973 1668 2156 1706 praestare

1158 1727 1254 1760 opes.
1307 1713 1431 1760 Itaque
1451 1720 1484 1747 et
1498 1714 1690 1758 promissio
1709 1714 1828 1747 addita
1846 1720 1912 1747 est:
1949 1714 1996 1746 Ut
2016 1713 2062 1747 sis
2076 1713 2155 1745 lon-

1158 1779 1288 1811 gaevus
1305 1778 1412 1810 super
1431 1772 1577 1800 terram.
1632 1764 1783 1799 Athenis
1810 1765 1961 1809 capitale
1987 1765 2052 1797 fuit
2075 1777 2158 1809 τρε-

1158 1814 1294 1863 πτίρια
1327 1830 1401 1850 non
1432 1817 1636 1861 persolvere
1670 1817 1878 1862 parentibus
1894 1816 1978 1863 ⁹⁷³).
2040 1815 2157 1848 Incre-

1158 1869 1276 1902 dibilis
1292 1880 1436 1914 quoque
1461 1880 1564 1901 amor
1591 1874 1697 1913 atque
1723 1868 1836 1912 pietas
1864 1880 1944 1911 erga
1969 1879 2069 1901 senes
2096 1879 2157 1911 pa-

1157 1926 1276 1952 rentes
1294 1926 1328 1952 et
1347 1919 1493 1951 volandi
1513 1919 1728 1963 impotentes
1745 1919 1836 1952 inest
1861 1919 2025 1957 ciconiis;
2061 1918 2158 1952 solus

1157 1969 1267 2004 homo
1284 1970 1433 2004 vitiatae
1450 1977 1602 2004 naturae
1620 1971 1709 2004 vitio
1727 1970 1975 2004 renutricandi
2001 1969 2157 2003 officium

1158 2029 1219 2056 aut
1235 2034 1420 2067 nunquam
1434 2049 1443 2062 ‚
1471 2029 1531 2056 aut
1548 2034 1652 2066 aegre
1669 2028 1836 2067 praestat.

1262 2087 1294 2108 v.
1319 2072 1404 2107 189.
1438 2073 1560 2119 (187.)
1609 2072 1817 2119 χειροδίκαι
1831 2070 1906 2119 ⁹⁸)]
1948 2069 2160 2117 χειροδίκας

1159 2124 1335 2159 violentos
1363 2131 1487 2165 vocat,
1530 2131 1563 2158 et
1597 2125 1726 2171 quibus
1755 2124 1809 2158 ius
1833 2125 1893 2157 ⁴est
1919 2123 1956 2155 in
1981 2122 2158 2161 manibus,

1157 2176 1335 2217 breviter,
1364 2176 1424 2221 qui
1440 2188 1558 2221 neque
1577 2175 1631 2209 ius
1654 2188 1772 2220 neque
1793 2176 1886 2218 leges
1910 2179 2066 2212 norunt,
2100 2185 2158 2205 cu-

1159 2227 1313 2260 iusmodi
1333 2227 1518 2271 descripsit
1536 2227 1687 2260 Ovidius
1697 2226 1762 2273 99);

1200 2285 1266 2312 Non
1292 2292 1424 2314 metuunt
1449 2286 1547 2323 legeS,
1576 2286 1628 2313 sed
1654 2285 1731 2313 cedit
1755 2284 1861 2312 viribus
1884 2292 2028 2320 aequum,

1204 2337 1346 2375 Victaque
1372 2337 1498 2373 pugnaci
1518 2338 1581 2364 iura
1604 2337 1656 2364 snb
1679 2344 1750 2363 ense
1774 2336 1866 2363 latent
1876 2333 1952 2369 ¹⁰⁰).

1192 2435 1240 2467 95)
1259 2437 1324 2460 Luc.
1345 2437 1387 2461 1⁴2.
1409 2438 1448 2461 11.

1192 2477 1239 2509 96)
1260 2479 1340 2503 ovid.
1359 2481 1468 2503 Metam.
1490 2480 1510 2503 1.
1532 2480 1588 2502 144.
1611 2479 1666 2503 145.

1191 2521 1239 2552 97)
1258 2522 1346 2547 Exod.
1364 2523 1408 2546 20.
1430 2522 1469 2547 12.

1191 2564 1260 2595 97⁸)
1282 2564 1363 2587 Petiti
1382 2565 1455 2594 legg.
1475 2563 1559 2587 Attio.
1579 2564 1622 2587 lib.
1636 2564 1669 2589 li.
1689 2564 1729 2587 tit.
1743 2563 1790 2588 IV.
1815 2564 1839 2593 S.
1858 2565 1896 2588 14.
1919 2564 1958 2588 15.
1985 2571 2010 2593 p.
2025 2564 2076 2588 240
2096 2570 2155 2593 sqq.

1226 2599 1275 2622 Ed.
1296 2599 1470 2628 Wossenng.

1191 2640 1239 2672 98)
1261 2642 1336 2665 Hanc
1356 2642 1421 2665 Hes.
1441 2647 1535 2665 vocem
1555 2641 1616 2665 huic
1635 2641 1740 2665 scholio
1759 2641 1820 2671 ipse
1836 2641 1961 2671 praefixi.

1191 2684 1240 2712 99)
1260 2684 1339 2709 ovid.
1359 2684 1442 2708 'ri-ist.
1464 2684 1498 2715 V,
1519 2684 1545 2715 7,
1564 2684 1606 2708 47.

1198 2727 1260 2756 100)
1279 2727 1382 2755 latent]
1400 2727 1441 2750 sic
1461 2727 1526 2750 ulae
1544 2727 1645 2757 Editt.;
1674 2727 1752 2751 Ovid.
1774 2727 1822 2750 Ed.
1842 2727 1965 2757 Bipont.:
1987 2725 2089 2751 iacent.
