2373 2980
166 92 240 127 597
578 90 667 126 LXI.
726 91 1125 128 INTERPRETATIO
1150 93 1515 130 ANDROMACHES
1541 96 1792 135 EURIPIDIS.

214 178 303 218 „Est
324 189 491 221 magnum
510 177 623 210 robur
638 177 674 211 in
694 179 875 214 manibus:

213 228 292 268 „Ita
329 228 471 262 mulieri
504 228 540 261 in
570 229 776 273 parentibus
807 237 841 264 et
872 231 994 265 amicis
1028 243 1082 266 res
1104 239 1155 266 est

572 280 699 323 posita.

212 331 304 374 Ergo
323 330 453 364 iustum
475 337 525 364 est
542 343 597 363 me
615 344 718 376 opem
736 333 828 366 ferre
851 333 949 368 meis.

210 383 343 421 Senex,
369 394 475 415 senex
493 394 547 422 es,
574 389 609 416 et
628 384 671 416 de
688 395 765 417 mea
784 383 910 417 militia

159 434 234 467 680
262 432 410 473 Dicens,
438 433 516 477 plus
533 433 633 467 iuvas
651 446 727 475 me,
756 447 862 481 quam
881 442 1012 469 tacens.

210 484 343 518 Helena
362 484 458 517 venit
475 484 511 517 111
527 496 717 519 aerumnas
740 498 814 520 non
837 487 959 521 volens
972 513 980 527 ‚
1017 486 1076 520 sed
1102 485 1153 518 di-

569 535 700 570 vinitus
711 564 720 577 ,

209 587 253 619 lit
270 585 335 619 hoc
352 585 543 630 plurimum
565 588 698 630 profuit
714 588 897 622 Graeciae.

206 638 298 671 Nam
318 649 397 670 cum
416 643 531 670 essent
546 637 704 682 imperiti
721 652 901 673 armorum
922 645 955 672 et
974 650 1132 683 pugnae,

207 689 441 722 l'rofecerunt
468 690 510 721 ad
537 690 794 726 fortitudinem.
856 691 979 731 „Nam
1006 701 1150 722 conver-

263 749 266 752 *
564 741 709 784 satiow)

156 789 230 823 685
259 789 461 828 „Omnium
480 801 597 823 reruni
619 798 669 825 est
691 790 896 825 hominibus
912 791 1079 835 magistra
1092 791 1150 836 7³).

206 843 314 886 Quod
329 847 446 873 autem
466 842 610 876 veniens
627 844 662 875 in
679 844 882 887 adspectum
901 854 1000 875 meae

206 892 376 935 Coniugis
393 889 535 925 cohibui
554 905 621 933 me⁷
649 906 693 926 ne
711 895 946 927 interficerem
966 906 1058 933 eam,
1074 905 1148 926 nio-

564 945 660 977 deste
677 945 742 989 egi.

205 994 339 1026 x*sellem
358 1007 421 1028 nec
438 1002 470 1027 te
489 995 701 1029 interfecisse
718 994 878 1030 Phocum
900 996 1058 1029 fratrem.

208 1046 299 1077 Haec
318 1052 411 1079 recte
431 1058 537 1081 sanus
555 1048 722 1091 respondi
744 1048 807 1081 tibi
820 1075 828 1087 ‚
856 1060 929 1080 non
949 1048 1070 1080 iratus.

154 1095 227 1129 690
255 1096 311 1129 Tu
328 1096 355 1130 si
372 1096 559 1131 indulseris
575 1098 668 1138 irae,
696 1099 758 1131 tibi
781 1099 921 1142 linguae
940 1099 1086 1131 morbus

201 1147 263 1180 Est
278 1148 412 1187 maior,
440 1147 527 1181 1111111
548 1149 647 1182 lucro
667 1150 733 1183 erit
752 1149 937 1183 modestia.

205 1200 302 1232 Cher.
330 1198 471 1232 Cessate
490 1199 558 1232 iam
573 1226 580 1239 ‚
610 1198 676 1232 hoc
695 1207 746 1234 est
764 1201 876 1234 multo
895 1200 1018 1233 melius
1031 1227 1038 1237 ,
1252 1202 1350 1238 tNihiI
1369 1205 1453 1237 mali
1470 1206 1596 1238 faciam
1610 1233 1618 1244 ,
1647 1220 1761 1253 neque
1780 1210 1907 1252 patiar.

204 1252 321 1293 Quam
344 1250 463 1282 inania
484 1252 612 1290 verba,
641 1263 684 1283 ne
702 1253 808 1284 ambo
827 1252 986 1295 peccetis.

1252 1255 1296 1288 lit
1314 1268 1426 1294 nunc,
1456 1269 1537 1289 113111
1557 1270 1629 1290 non
1646 1260 1796 1293 inultum
1818 1259 1930 1295 haheo
1949 1264 2027 1300 otii,

209 1302 275 1332 pel,
307 1300 381 1333 Ηθῑ]
400 1298 500 1340 ‘nihi’
521 1314 627 1346 quam
646 1303 760 1336 malus
779 1316 855 1336 mos
872 1309 923 1336 est
937 1301 1146 1335 inGraecia!
1253 1306 1373 1339 Redeo
1391 1308 1550 1341 (1011111111.
1584 1309 1674 1342 [sani
1693 1317 1744 1344 est
1762 1315 1934 1356 quaedam
1957 1328 2026 1347 non
2050 1322 2170 1360 procui

154 1349 227 1383 695
255 1350 441 1394 „Quando
478 1352 649 1386 exercitus
687 1354 809 1387 statuit
844 1360 989 1397 tropaea
1017 1354 1059 1385 de
1086 1351 1148 1385 ho-
1202 1356 1275 1391 735
1302 1358 1474 1402 ASparta
1493 1360 1595 1400 urbs,
1624 1373 1714 1406 quae
1733 1369 1835 1396 antea
1853 1372 1928 1398 erat
1944 1367 2057 1407 socia,

563 1403 673 1436 stibus
686 1430 694 1441 ‚
1252 1410 1356 1442 Nunc
1375 1410 1463 1452 gerit
1481 1422 1516 1443 se
1535 1408 1730 1452 hostiliter,
1759 1412 1849 1447 hane
1867 1417 1948 1450 volo
1966 1418 2083 1452 ulcisci

204 1452 313 1487 „Non
333 1459 459 1496 putant
476 1451 542 1485 hoc
559 1466 647 1498 opus
665 1466 737 1487 esse
754 1453 995 1488 laborantium
1009 1481 1018 1493 ,
1251 1460 1391 1493 Bellum
1410 1461 1584 1501 inserens,
1612 1469 1649 1495 ut
1667 1465 1803 1507 capiam
1824 1468 2009 1502 domitam.

203 1503 300 1541 „Sed
320 1505 391 1536 dux
406 1504 806 1550 luc1·atu1·gl01·iam⁷⁵);
1251 1511 1445 1556 Postquam
1485 1512 1620 1553 secem,
1662 1527 1753 1559 quae
1784 1516 1830 1548 ibi
1865 1526 1945 1551 sunt
1983 1533 2022 1553 ex
2055 1530 2192 1555 senten-

1610 1565 1657 1596 tia
1683 1578 1781 1605 mea,

1250 1614 1409 1654 Redibo,
1436 1620 1469 1647 et
1492 1615 1596 1658 plane
1614 1628 1778 1660 praesens
1797 1621 1839 1651 ad
1858 1629 2077 1664 praesentem

1200 1665 1273 1700 740
1302 1665 1482 1698 Generum
1494 1665 1540 1712 ⁷³)
1560 1667 1673 1700 dicam
1696 1674 1727 1701 et
1745 1671 1886 1704 audiam
1905 1686 2105 1707 sermones:

1249 1716 1294 1749 Et
1312 1717 1339 1750 si
1361 1716 1485 1760 puniet
1500 1714 1611 1757 hanc,
1637 1725 1667 1751 et
1686 1720 1721 1752 in
1738 1728 1918 1764 posterum
1937 1725 1976 1757 sit

1248 1768 1431 1801 Modestus
1450 1780 1529 1812 erga
1550 1781 1636 1809 nos,
1667 1771 1816 1805 vicissim
1837 1775 1967 1809 erimus
1987 1778 2145 1810 modesti.

1250 1846 1271 1859 „
1282 1818 1395 1852 Iratus
1413 1819 1571 1853 inveniet
1586 1821 1695 1855 iratos
1707 1850 1714 1861 ‚

1250 1897 1270 1908 „
1282 1870 1327 1902 Et
1344 1870 1444 1904 factis
1461 1871 1551 1903 sacta
1571 1880 1806 1906 consentanea
1828 1876 1982 1921 recipiet.

1199 1920 1272 1955 745
1299 1921 1416 1954 Tuam
1435 1922 1634 1955 orationem
1654 1925 1755 1957 facile
1772 1927 1865 1959 sero:

1248 1974 1337 2006 Natu
1357 1972 1481 2006 similis
1501 1974 1669 2015 umbrae,
1698 1989 1818 2009 vocem
1839 1976 1964 2017 habes,

1249 2024 1337 2057 Cum
1358 2022 1448 2056 nihil
1464 2024 1559 2058 aliud
1579 2027 1690 2070 possis
1708 2040 1815 2073 quam
1836 2030 1963 2064 dicere.

1249 2077 1319 2108 Pel.
1346 2075 1522 2108 Praecede
1539 2090 1593 2109 me
1612 2075 1698 2119 huc,
1726 2079 1794 2119 fili,
1823 2087 1918 2114 stans
1937 2083 2000 2115 suh
2018 2085 2169 2122 brachiis

1249 2126 1294 2159 Et
1309 2133 1366 2166 tu,
1397 2139 1416 2159 o
1434 2128 1579 2166 misera3
1609 2141 1690 2161 nam
1710 2143 1851 2164 saevam
1868 2139 2110 2177 tempestatem

1199 2176 1273 2212 750
1299 2177 1409 2211 Nacta
1428 2178 1554 2212 venisti
1573 2180 1607 2211 111
1627 2193 1769 2216 serenos
1786 2190 1921 2225 portus.

1250 2231 1361 2263 AmIr.
1389 2228 1421 2261 O
1437 2242 1563 2269 senex,
1592 2230 1650 2263 Dii
1670 2234 1753 2265 dent
1771 2234 1861 2266 bona
1882 2235 1944 2267 tibi
1962 2242 1993 2268 et
2012 2239 2097 2279 tuis,

1250 2280 1322 2324 Qui
1338 2282 1484 2314 servasti
1502 2282 1611 2314 filium
1625 2309 1632 2321 ‚
1660 2290 1691 2315 et
1708 2297 1764 2317 me
1782 2285 1959 2319 miseram.

1251 2331 1319 2364 Sed
1338 2331 1417 2364 vide
1435 2344 1547 2372 nunc,
1575 2345 1619 2366 ne
1637 2333 1671 2366 in
1691 2335 1917 2369 solitudinem
1937 2338 2014 2371 viae

1249 2383 1438 2427 Fugientes
1455 2383 1529 2423 isti,
1556 2383 1730 2417 violenter
1751 2387 1928 2421 abducant
1946 2402 2000 2422 rne
2012 2417 2020 2429 ,

1200 2432 1274 2469 755
1300 2434 1469 2467 videntes
1488 2440 1520 2467 te
1540 2446 1612 2468 esse
1628 2448 1746 2468 senem
1760 2463 1768 2477 ‚
1797 2445 1830 2471 et
1845 2451 1901 2473 me
1920 2440 2149 2483 imbecillem,

2130 110 2200 145 508

1260 182 1327 214 Sed
1343 181 1372 215 si
1391 179 1456 214 hae
1473 189 1573 226 parte
1591 196 1626 217 es
1642 183 1782 226 infelix,

1209 230 1283 265 715
1319 233 1374 265 An
1408 240 1550 277 oportet
1582 247 1647 269 nos
1677 244 1865 282 propterea
1898 252 1970 275 esse
1993 244 2136 278 orbatos
2163 247 2201 278 li-

1620 287 1739 320 beris?

1256 333 1433 367 Discedite
1452 337 1496 368 ab
1513 337 1596 375 ista,
1621 338 1731 377 servi,
1761 346 1797 372 ut
1817 340 1955 375 videam
1969 371 1976 383 ‚

1257 385 1292 416 Si
1311 385 1388 428 quis
1408 385 1609 429 prohibebit
1627 401 1683 421 nie
1698 391 1835 424 solvere
1854 390 1957 428 huius
1976 409 2113 432 manus.

1257 435 1362 479 Erige
1380 442 1432 476 te,
1461 443 1498 469 ut
1517 450 1599 481 ego,
1628 452 1845 486 quamquam
1864 450 2037 485 tremens,

1255 486 1449 519 Remittam
1471 496 1651 523 consertos
1667 490 1811 535 laqueos
1828 494 2061 532 vinculorum.

1207 537 1280 572 720
1308 537 1383 576 Sic,
1412 551 1432 571 ο
1452 540 1622 582 pessime,
1652 540 1781 574 laesisti
1802 542 1905 579 huius
1920 560 2063 582 manus:

1257 589 1414 623 Putabas
1441 596 1472 623 te
1500 591 1628 624 bovem
1658 599 1718 625 aut
1751 593 1888 628 leonem
1923 598 2054 633 vincire
2073 602 2117 647 ⁷⁷)
2151 606 2198 637 la-

1625 643 1749 688 queis?

1255 690 1332 731 An,
1360 703 1405 724 ne
1422 692 1597 737 accipiens
1616 695 1771 738 gladium
1790 697 1980 741 depelleret
1998 707 2031 733 te
2044 729 2051 734 .

1256 742 1441 776 Metuisti?
1468 744 1546 777 veni
1564 742 1632 778 huc
1651 747 1714 779 sub
1731 746 1874 780 brachia
1887 775 1895 787 ‚
1923 763 1942 781 o
1960 763 2067 794 puer,

1254 794 1358 826 Solve
1379 795 1501 829 matris
1521 796 1672 830 vincula.
1726 797 1802 841 Ego
1822 805 1854 832 te
1875 800 1910 832 in
1928 800 2055 836 Phthia

1204 843 1278 882 725
1304 845 1407 878 Alam
1428 859 1596 888 magnum
1616 848 1689 882 istis
1708 847 1857 884 hostem.
1910 852 1945 885 Si
1964 854 2097 890 abesset
2117 860 2195 892 belli

1254 896 1378 929 Gloria
1395 897 1599 941 Spartanis,
1627 906 1660 932 et
1679 907 1858 934 certan'ien
1878 916 2035 947 pugnae,

1254 948 1405 988 Scitote,
1435 951 1529 994 quod
1554 950 1588 982 111
1606 953 1752 986 caeteris
1770 953 1867 985 nullo
1885 962 1965 988 sunt
1984 959 2158 993 meliores.

1255 1001 1352 1034 Chor.
1381 1000 1532 1040 „Genus
1549 1014 1672 1035 senum
1693 1010 1741 1037 est
1762 1005 1867 1037 soluti
1885 1006 1996 1039 animi
2009 1036 2016 1044 ,

1254 1049 1329 1087 „Et
1346 1062 1449 1094 aegre
1467 1058 1582 1095 potest
1598 1051 1755 1087 cohiberi
1774 1063 1921 1100 propter
1939 1058 2172 1097 iracundiam.

1202 1103 1276 1137 730
1304 1103 1400 1135 Men.
1427 1103 1537 1135 Valde
1554 1116 1688 1147 pronus
1707 1107 1751 1138 ad
1770 1108 2040 1143 conviciandum
2060 1112 2170 1148 ferris.

1251 1152 1326 1192 Ego
1346 1160 1462 1186 auten]
1483 1162 1623 1189 coactus
1641 1157 1761 1190 venire
1778 1157 1814 1190 in
1832 1157 1999 1194 Phthiam
2014 1190 2021 1201 ,

205 1555 298 1598 „Qui
319 1567 408 1588 unus
426 1555 569 1589 vibrans
586 1555 723 1589 hastam
743 1569 821 1589 cum
842 1556 918 1591 aliis
936 1554 1146 1593 innumeris,

203 1603 323 1641 „i‘uihil
340 1606 417 1649 plus
433 1618 504 1639 uno
521 1607 663 1648 faciens,
687 1605 793 1640 habet
809 1607 982 1640 maiorem
1001 1608 1145 1639 famam.

153 1656 225 1689 700
252 1657 415 1693 „Tetrici
437 1657 471 1689 in
491 1658 640 1702 imperio
661 1660 820 1692 sedentes
839 1659 876 1692 in
895 1657 1097 1701 urbibusw)

200 1707 321 1746 „Sunt
337 1709 561 1753 superbiores
578 1710 711 1753 populo
723 1736 731 1749 ‚
760 1722 838 1743 cum
855 1708 957 1742 nihili
975 1709 1061 1745 sint;

202 1757 284 1795 „Uli
300 1766 381 1801 sunt
395 1760 628 1804 sapientiores
645 1760 764 1794 multis
782 1761 859 1793 aliis
871 1787 879 1797 ,

204 1837 223 1848 „
235 1810 268 1843 Si
286 1812 428 1844 accedat
444 1812 590 1844 audacia
612 1818 644 1845 et
660 1811 860 1846 consilium.

201 1861 298 1895 Sicut
314 1868 351 1895 tu
369 1869 403 1895 et
420 1869 500 1896 tuus
515 1864 625 1896 frater
642 1864 845 1902 tumefacti,

154 1911 227 1945 705
255 1913 308 1945 Ad
326 1913 475 1946 Troiam
493 1915 648 1953 sedistis,
676 1914 828 1959 imperio
845 1914 904 1946 illo

202 1963 314 2002 Elati,
342 1964 493 1998 aliorum
514 1966 695 1999 laboribus
714 1972 747 1999 et
763 1965 949 1999 industria.

204 2014 397 2047 Ostendam
417 2015 479 2048 tibi
494 2043 501 2055 ‚
519 2029 573 2049 ne
591 2015 735 2050 Idaeum
752 2016 918 2050 Paridem

203 2065 309 2099 Putes
324 2066 497 2100 maiorem
516 2065 652 2101 hostem
674 2068 801 2107 Peleo,

204 2116 279 2150 Nisi
297 2117 409 2152 abibis
427 2130 533 2163 quam
553 2119 734 2152 celerrime
755 2131 795 2151 ex
812 2119 876 2152 ista
895 2118 1022 2155 domo,

154 2168 226 2202 710
253 2167 297 2201 Et
313 2169 382 2201 fllia
401 2170 547 2210 sterilis,
576 2182 682 2215 quam
700 2170 764 2203 iste
781 2182 822 2203 ex
838 2168 941 2202 nobis
958 2174 1060 2201 natus

201 2219 314 2253 Ducet
332 2232 430 2253 coma
449 2219 592 2255 trahens
609 2221 644 2254 in
663 2222 771 2255 domo
783 2248 791 2261 ‚

205 2271 304 2316 Quae
324 2272 473 2306 existens
489 2273 616 2306 sterIIis
634 2273 743 2306 vitula
757 2299 765 2312 ‚
793 2283 865 2304 non
884 2271 949 2303 fert

204 2322 301 2356 Alias
317 2323 513 2367 parientes,
542 2324 616 2369 ipsa
635 2336 709 2357 non
726 2322 861 2356 habens
876 2322 1019 2355 liberos.

188 2439 235 2466 73)
254 2440 445 2470 conversatio]
477 2441 516 2464 sic
541 2441 625 2466 Editt.
648 2442 738 2474 1558.,
766 2441 860 2471 1562,
892 2441 991 2469 Barn.;
1029 2439 1146 2468 Musgr„

224 2474 297 2498 th.:
325 2481 390 2498 usus
410 2474 493 2505 (quae
513 2481 565 2499 vox
584 2477 611 2499 in
630 2476 714 2500 Editt.
731 2476 825 2506 1558„
846 2474 920 2499 1562.
948 2475 976 2498 in
995 2478 1082 2502 marg.
1104 2473 1147 2496 est

223 2508 374 2540 apposita).

190 2549 237 2577 74)
257 2551 402 2583 magistra]
422 2553 462 2576 sic
482 2553 566 2576 Editt.
585 2553 675 2583 1562„
695 2555 793 2584 Barn.3
818 2551 904 2577 Editt.
920 2551 1010 2579 ¹558„
1030 2551 1147 2580 Musgr.‚
1234 2556 1281 2589 77)
1302 2558 1420 2588 vincire]
1451 2559 1491 2583 sic
1517 2562 1559 2588 (ε
1583 2560 1675 2591 Eur-ip.
1704 2560 1848 2592 ἐντείνειν)
1874 2565 1955 2589 Editt.
1982 2568 2074 2592 1558..
2101 2572 2170 2594 narn
2185 2585 2191 2590 -

226 2584 300 2609 Fix.:
319 2587 451 2617 magister
471 2588 579 2616 [Eurip.
600 2585 786 2616 διδάσκαλος).
1270 2594 1391 2624 Musgr.;
1416 2594 1556 2618 Ed.1562.
1577 2595 1697 2621 vincere.

190 2626 237 2656 75)
259 2628 290 2651 fl.
308 2628 326 2652 1.
345 2628 373 2653 in
392 2630 476 2655 Editt.
501 2631 590 2655 1553..
624 2630 697 2655 1562.
715 2632 782 2655 nota
800 2635 903 2661 marg.:
936 2629 1149 2660 lmperatoribus
1235 2635 1282 2667 78)
1301 2637 1475 2665 praesentem
1493 2640 1638 2668 generum]
1659 2640 1698 2663 sic
1716 2641 1801 2665 Editt.
1821 2642 1910 2673 1558,
1934 2644 2023 2673 1562.;
2044 2647 2124 2671 Editt.
2146 2655 2192 2671 re-

226 2662 302 2686 tacta
320 2662 433 2688 militum
451 2665 553 2688 iniuste
571 2664 710 2696 arrogari.
1270 2671 1340 2694 cent.
1367 2668 1415 2702 (z
1432 2671 1523 2702 Eurip.
1549 2671 1688 2703 παρόντας

1711 2693 1716 2698 .
1737 2692 1743 2700 .
1774 2683 1799 2698 ‘a
1885 2675 1906 2689 '⁴
1981 2685 1995 2702 ἐ
2023 2697 2031 2702 t
2145 2690 2160 2697 ¹*
2180 2697 2192 2700 -

191 2703 239 2730 76)
259 2703 292 2729 Η.
311 2704 329 2729 I.
348 2705 374 2729 in
395 2706 457 2732 iisd.
476 2707 558 2731 Editt.
579 2709 645 2731 nota
663 2712 764 2737 marga:
789 2707 980 2737 Magistratus.
1273 2710 1364 2728 ueros,
1596 2743 1640 2776 ⁰8
1657 2742 1675 2759 ἡ
1763 2684 1774 2707 ⁹
1800 2677 1919 2708 μβθουὲ)
1955 2684 1981 2708 1³¹
1996 2682 2116 2705 Ῑθςθῐῑῖθς
2144 2689 2176 2711 ,κθ

1594 2754 1615 2776 ι)
