2373 2980
93 64 191 100 1089
409 62 544 98 LXXII.

140 155 218 187 Am.
248 151 306 184 Tu
318 175 328 190 ‚
351 150 500 191 mulier,
522 162 562 183 ea
579 163 744 196 perages,
770 163 861 197 quae
875 152 921 185 ad
937 151 1070 185 inferos

497 202 689 246 pertinent.

136 251 212 296 Ego
229 258 281 291 te,
307 264 328 284 o
344 250 498 296 Iupiter,
522 265 649 287 manus
666 255 710 286 ad
728 254 864 287 coelum
882 254 1029 287 tendens

137 302 322 346 Compello
333 329 342 342 ,
366 309 405 336 ut
420 303 540 337 liberis
551 330 560 343 ‚
583 304 612 337 si
627 305 714 349 quid
730 317 789 338 eos
807 305 929 337 iuvare

85 351 160 388 500
198 352 311 393 Velis,
349 366 452 398 opem
486 355 578 387 feras
590 381 599 394 ‚
636 362 670 388 et
696 356 839 401 quidem
872 355 963 388 forte
994 366 1068 387 non

492 405 645 444 iurabis;

136 455 366 501 Quamquam
382 467 486 499 saepe
505 462 650 490 vocatus
669 469 722 498 es,
750 458 881 491 frustra
896 456 1033 490 laboro.

133 506 251 545 Mori,
268 512 307 538 ut
322 512 490 549 apparet,
510 518 649 540 necesse
668 514 730 541 est.

134 556 289 596 Verum,
314 568 334 593 o
351 568 450 590 senes
461 583 469 596 ,
493 557 634 596 „brevis
651 565 702 592 est
719 556 806 591 haec
822 557 894 590 vita
908 571 913 590 ;

135 606 268 647 „Hanc
284 618 391 651 quam
410 607 660 642 iucundissime
676 609 891 652 transigatis,

83 657 158 692 505
183 658 246 697 „A
262 657 320 690 die
339 659 383 690 ad
401 665 542 692 noctem
561 671 635 692 non
654 661 825 693 dolentes.

135 708 265 749 „Adeo
284 714 424 753 tempus
440 722 514 743 non
531 710 672 744 novit‘ffl
681 710 713 758 ⁸)
731 723 808 755 spes

134 757 328 800 ‚‚servare;
345 772 448 793 suum
467 773 551 794 vero
568 762 752 806 negotium
771 772 917 800 curans,
936 760 1066 794 avolat.

134 835 156 850 „
164 809 292 843 Videte
308 823 384 851 me,
412 812 474 857 qui
490 812 732 856 suspiciendus
747 825 844 845 eram
861 810 1066 845 hominibus

135 860 353 900 „Praeclare
379 862 518 902 vivens;
555 869 589 896 et
609 864 753 897 fortuna
774 861 861 896 haec
882 860 972 895 mihi
1000 862 1066 895 eri-

488 913 565 957 puit
578 939 588 953 ‚

83 960 158 996 510
185 962 314 1002 „Sicut
331 964 386 996 ala
404 964 449 996 ad
467 976 584 996 aerem
601 965 725 998 volans
741 976 813 998 uno
829 964 896 998 die.

135 1011 320 1052 „Divitiae
341 1025 425 1047 vero
450 1026 600 1058 magnae
634 1022 668 1048 et
691 1016 824 1059 gloria,
862 1013 960 1048 haud
983 1015 1067 1054 scio,

493 1066 634 1098 cuinam
799 1090 814 1108 ,

135 1112 315 1152 „Stabiles
334 1114 415 1148 sint.
468 1115 608 1154 Valete;
632 1115 750 1149 virum
766 1117 858 1148 enim
878 1116 1031 1149 amicum

132 1162 359 1197 Postremum
374 1177 488 1206 nunc,
516 1178 536 1199 o
555 1179 618 1200 vos
636 1167 819 1212 aequales,
843 1167 1044 1213 vidistisw).

132 1214 227 1257 Meg.
249 1212 374 1249 Ehem.

135 1262 312 1305 Osenex,
341 1266 493 1299 videone
520 1279 598 1300 mea
627 1265 859 1302 charissima?
894 1275 955 1301 aut
982 1269 1068 1314 quid

491 1318 606 1350 dicam
618 1317 634 1350 ?

83 1362 157 1398 515
180 1368 257 1399 Am.
283 1365 430 1407 Nescio,
455 1368 526 1400 filia
538 1394 547 1409 ‚
571 1375 605 1401 et
623 1380 679 1401 me
697 1375 823 1412 stupor
838 1375 945 1403 tenet.

133 1416 225 1459 Mey.
255 1416 322 1450 Hic
341 1424 409 1458 est,
442 1430 549 1464 quem
564 1419 796 1453 audiebamus
818 1420 908 1452 infra
936 1427 1067 1453 terram

497 1481 582 1509 esse,

134 1515 211 1550 Nisi
229 1517 266 1550 in
282 1517 359 1551 luce
376 1519 555 1553 somnium
572 1520 719 1565 aliquod
735 1520 908 1554 videmus.

134 1567 231 1611 Quid
256 1569 409 1614 loquar?
444 1571 547 1615 quale
571 1571 752 1605 somnium
785 1571 888 1605 video
914 1577 1069 1605 conster·
1095 1597 1097 1601 .

501 1628 584 1653 nata
595 1621 610 1654 'a'

188 1736 210 1759 0
230 1735 411 1765 charissime,
435 1737 460 1759 si
478 1736 539 1766 quis
560 1742 653 1760 vocem
673 1737 781 1760 exaudit

187 1771 344 1792 Mortaiium
362 1770 602 1801 a1›ud3P1utoneu1‚
622 1771 668 1793 tibi
688 1771 774 1798 haec,
795 1776 809 1793 o
830 1770 982 1801 Hercules,
1003 1770 1070 1794 dico.

187 1804 306 1826 Moritur
327 1806 406 1833 pater
424 1807 486 1827 tuus
499 1821 506 1830 ,
526 1807 551 1827 et
571 1804 638 1831 tilii;
659 1810 741 1834 pereo
761 1807 851 1827 autem
870 1810 933 1834 ego,

189 1839 265 1867 Quae
284 1840 366 1861 antea
386 1839 464 1861 beata
483 1841 597 1867 propter
620 1842 646 1861 te
667 1839 784 1861 vocabar
803 1839 974 1863 mortalibus.

187 1872 241 1895 Fer
261 1878 338 1901 opem
351 1888 358 1901 ,
377 1872 471 1901 adsis,
489 1874 516 1894 et
535 1873 629 1895 umbra
647 1876 780 1901 appareto
800 1873 873 1896 mihi.

187 1906 263 1928 Satis
282 1911 397 1935 namque
417 1906 530 1928 veniens
551 1912 688 1935 superque
707 1906 793 1929 fueris
812 1909 848 1930 tn.

186 1939 283 1969 Ignavi
301 1940 372 1962 enim
391 1942 489 1963 contra
507 1942 550 1969 te,
570 1940 614 1969 qui
636 1940 708 1963 filios
729 1940 897 1962 interficiunt
917 1942 988 1964 tuos.

119 1971 182 2003 49⁸)
202 1979 256 1996 non
278 1973 370 2001 novit]
390 1973 431 1996 sic
449 1973 532 1996 Editt.
552 1976 654 1997 recent.
674 1975 719 2004 (ε
734 1975 826 2002 Eurip.
843 1971 891 1996 οὐκ
910 1972 1069 2003 &ulamma

153 2007 201 2030 Ed.
218 2007 294 2030 1558.
313 2006 433 2037 nescit);
454 2008 502 2031 Ed.
526 2007 599 2030 1562Δ
620 2008 716 2031 mendo
739 2010 865 2037 typogr,:
887 2014 940 2030 non
959 2010 1042 2032 vovit.

117 2039 165 2071 50)
192 2041 251 2064 Am-
281 2041 319 2064 Tu
338 2053 372 2057 —
395 2041 512 2066 vidistis.
540 2041 597 2072 (vs.
616 2040 802 2072 497—5134]
838 2042 879 2064 sic
905 2042 954 2066 Ed.
980 2043 1069 2073 1562.;

152 2075 201 2098 Ed.
221 2075 311 2098 1553:

185 2109 246 2133 Am.
267 2110 305 2132 'l'u
325 2108 430 2138 quidem
450 2109 574 2133 funebria
594 2112 692 2133 ornata
710 2110 755 2133 fae
774 2110 883 2137 mulier,

184 2144 245 2173 Ego
264 2148 330 2166 vero
350 2145 386 2171 te,
411 2149 425 2166 o
443 2143 554 2174 Iupiter,
574 2149 671 2167 manus
684 2144 718 2168 ad
738 2145 844 2168 eoelum
861 2144 979 2168 tendens

186 2177 344 2207 Coiupeuo,
365 2177 476 2208 liberis,
495 2177 518 2200 si
540 2178 603 2207 quid
620 2178 671 2201 hos
691 2179 823 2202 adiuvare

184 2212 252 2242 Vis,
272 2211 347 2234 ferre
366 2217 460 2241 opem,
479 2212 605 2241 quoniam
624 2218 687 2235 mox
704 2213 808 2236 nullam
826 2213 908 2236 feres.

186 2245 318 2275 Quamvis
336 2247 454 2269 vocatus
473 2252 502 2269 es
522 2251 620 2277 saepe,
639 2247 747 2270 frustra
764 2247 869 2271 laboro.

184 2280 256 2304 Mori
274 2280 361 2311 enim,
380 2283 409 2303 ut
427 2283 556 2310 apparet,
575 2287 691 2304 necesse
709 2284 760 2306 est.

187 2314 256 2343 Sed,
276 2319 291 2337 o
310 2320 410 2345 seueS‚
433 2330 452 2344 „
462 2314 552 2337 brevis
573 2315 680 2345 quidem
697 2316 764 2338 haec
783 2315 849 2340 vita.

185 2349 262 2371 Hanc
279 2354 346 2371 vero
368 2350 397 2370 ut
416 2349 583 2372 suavissime
606 2349 781 2379 transigatis,

185 2383 227 2406 Ex
247 2381 289 2405 die
307 2382 341 2405 ad
360 2383 466 2406 noctem
485 2383 561 2406 nulia
578 2383 693 2407 tristitia
711 2383 811 2406 affecti.

185 2415 346 2446 „Quoniam
365 2422 430 2444 spes
450 2417 554 2446 quidem
576 2419 681 2447 tempus
703 2417 790 2440 nescit

186 2455 348 2482 „servata
369 2451 419 2473 hoc
438 2451 480 2472 sui
500 2451 592 2480 gratia
610 2451 655 2481 qui
674 2452 800 2482 affectat,
821 2451 981 2476 frustratur,

185 2485 354 2516 „Adspicite
374 2490 432 2510 me,
453 2485 497 2513 qni
516 2486 597 2508 etiam
615 2485 779 2515 conspicuus
801 2486 971 2511 mortalibus,

185 2537 205 2550 ,‚
217 2520 366 2543 Praeclara
384 2523 540 2548 peragens,
561 2521 588 2541 et
606 2525 648 2542 me
668 2520 766 2543 deiecit
789 2520 900 2542 fortuna

185 2553 306 2585 „Veluti
323 2554 441 2583 plumam
459 2553 492 2575 ad
512 2553 624 2576 aethera
642 2559 696 2576 una
714 2554 765 2577 die.

184 2588 266 2617 „Sed
286 2587 398 2610 divitiae
416 2592 548 2616 magnae,
568 2589 595 2609 et
614 2587 721 2618 gloria,
741 2588 833 2611 nescio
853 2594 895 2610 cu.

183 2621 330 2649 „stabiles
349 2622 413 2645 sint.
450 2621 568 2649 Valete;
588 2627 682 2644 verum
702 2622 772 2645 enim
790 2622 904 2645 amicum

185 2655 314 2688 „Ultimo
331 2661 418 2686 nunc,
439 2661 453 2679 o
472 2655 621 2684 aequalem,
642 2655 750 2680 videtis.

80 2698 262 2730 Memmi.
285 2697 390 2727 Omni.
415 2697 498 2727 Yon.
523 2696 644 2726 xvm.

596 62 992 99 INTERPRETATIO
1018 61 1257 98 EURIPIDIS
1283 62 1519 98 HERCULIS
1543 62 1792 101 FURENTIS.

2012 69 2108 103 1090

1175 149 1257 183 'Non
1275 157 1327 184 est
1342 150 1431 184 alius
1449 150 1506 183 ille
1523 160 1631 195 quam
1653 155 1733 184 tuus
1750 151 1860 192 filius,
1886 164 1906 184 o
1925 165 2041 188 senex.

1124 200 1198 236 520
1226 201 1320 241 Huc,
1355 214 1374 235 0
1394 201 1516 242 liberi,
1546 202 1748 245 suspendite
1773 215 1835 235 vos
1852 215 1870 235 a
1887 210 2035 247 paterna
2054 212 2106 239 tu—

1529 263 1621 285 mea.

1170 301 1219 336 Ite
1232 330 1240 342 ‚
1265 303 1447 343 festinate,
1469 315 1513 335 ne
1528 302 1732 337 dimittatis:
1759 304 1930 349 quoniam
1947 304 2030 338 Iove

1172 353 1360 387 servatore
1378 352 1468 387 nihil
1484 352 1541 387 hic
1557 354 1657 388 vobis
1675 361 1726 388 est
1742 355 1900 390 inferior.

1171 405 1272 438 Herc.
1302 404 1424 445 Salve,
1459 418 1479 438 ο
1497 407 1644 445 domus,
1678 412 1787 451 tuque
1811 407 2024 441 vestibulum
2043 410 2106 441 do—

1536 468 1615 489 mus
1633 469 1746 495 meae,

1173 505 1290 550 Quam
1313 505 1425 540 libens
1452 513 1484 540 te
1513 507 1689 550 adspiciO,
1717 514 1906 553 postquam
1930 510 1967 543 in
1990 510 2103 543 lucem

1535 569 1628 590 veni.

1120 604 1193 642 525
1227 605 1342 639 Hem?
1377 606 1463 651 quid
1485 607 1536 639 rei
1561 608 1635 640 est?
1664 608 1766 641 video
1789 608 1920 643 liberos
1937 617 2018 644 ante
2041 612 2103 644 do-

1530 670 1629 691 mum

1170 707 1370 741 Coronatos
1389 707 1505 752 capita
1523 715 1654 741 ornatu
1669 715 1908 750 mortuorum,

1170 757 1216 790 Et
1231 770 1348 791 meam
1367 771 1515 792 uxorem
1534 759 1571 791 in
1585 759 1688 791 turba
1705 760 1878 800 virorum,

1169 808 1215 842 Et
1237 816 1376 853 patrem
1400 808 1684 855 lachrymantem
1710 811 1754 843 ob
1781 811 1938 856 aliquam
1962 813 2103 846 calami-

1526 867 1648 895 tatem.

1168 911 1242 955 Age
1259 924 1370 956 prope
1389 909 1455 945 hos
1471 918 1567 946 stans
1589 912 1837 956 interrogabo:

1120 960 1194 996 530
1219 962 1368 1002 Mulier,
1392 975 1483 1008 quae
1502 975 1557 996 res
1572 975 1666 996 nova
1684 964 1811 997 accidit
1825 964 1974 997 domui?

1171 1015 1262 1057 Mey.
1288 1013 1320 1047 O
1339 1011 1543 1047 charissime
1562 1014 1634 1053 vir,
1659 1026 1679 1046 o
1697 1014 1818 1048 lumen
1833 1015 1928 1058 patri
1946 1017 2104 1057 veniens,

1171 1064 1297 1104 Venis,
1329 1064 1446 1098 salvus
1469 1077 1525 1104 es,
1556 1072 1757 1108 opportune
1783 1067 1929 1100 veniens
1952 1068 1996 1100 ad
2013 1069 2104 1101 ami-

1530 1115 1652 1160 c0s⁵¹).

1171 1168 1272 1199 Herc.
1301 1165 1397 1210 Quid
1421 1165 1496 1199 ais?
1523 1166 1560 1198 in
1585 1178 1690 1211 quem
1716 1168 1908 1201 tumultum
1932 1169 2107 1209 venimus,

1531 1216 1657 1261 pater?

1171 1269 1264 1311 May.
1302 1267 1483 1307 Perimus3
1521 1275 1559 1301 tu
1583 1280 1688 1308 vero,
1719 1280 1843 1309 senex,
1872 1270 2014 1303 veniam
2047 1272 2107 1304 des

1535 1317 1636 1359 mihi,

1122 1367 1196 1401 535
1227 1368 1263 1401 Si
1279 1371 1479 1415 praeripui,
1504 1382 1594 1416 quae
1618 1377 1650 1403 te
1676 1371 1777 1416 loqui
1801 1372 1845 1404 ad
1865 1368 1959 1404 hunc
1981 1384 2108 1405 conve-

1532 1421 1665 1455 niebat.

1170 1469 1338 1505 Mulieres
1364 1472 1457 1504 enirn
1484 1473 1751 1517 quodammodo
1775 1472 1888 1516 magis
1917 1480 1999 1506 sunt
2024 1474 2109 1508 viris

1536 1523 1824 1557 miserabiliores.

1094 1542 1098 1596 i
1174 1571 1219 1604 Et
1237 1571 1340 1604 liberi
1356 1573 1427 1605 mei
1444 1574 1576 1607 mortui
1592 1581 1694 1614 sunt,
1719 1581 1753 1607 et
1772 1587 1836 1618 ego
1854 1575 1957 1619 perii.

1174 1625 1275 1657 Herc.
1311 1622 1344 1656 O
1366 1624 1532 1668 Apollo,
1551 1638 1622 1670 quo
1655 1626 1800 1658 exordio
1825 1626 1952 1670 incipis
1978 1639 2110 1660 sermo·

1534 1675 1641 1709 nem?

1176 1726 1268 1768 Meg.
1290 1724 1480 1758 Perierunt
1498 1727 1624 1760 fratres
1637 1753 1645 1765 ,
1671 1733 1705 1759 et
1721 1733 1822 1770 pater
1839 1739 1937 1761 meus
1954 1741 2070 1762 senex.

1095 1779 1100 1821 Ι
1125 1774 1198 1808 540
1229 1778 1330 1809 Here.
1362 1776 1457 1821 Quid
1472 1777 1547 1811 ais?
1579 1778 1665 1823 quid
1681 1779 1781 1817 fecit,
1809 1785 1868 1811 aut
1886 1779 2026 1824 qualem
2049 1778 2111 1813 ha-

1094 1857 1098 1896 Ι,
1536 1835 1626 1862 stam
1646 1828 1834 1872 expertus?

1156 1941 1203 1967 51)
1222 1940 1297 1971 Meg.
1317 1942 1401 1965 Ehem
1419 1954 1453 1959 —
1471 1942 1583 1967 amicos.
1605 1943 1662 1975 (vs,
1684 1942 1870 1974 514-532.)]
1891 1943 1932 1967 sic
1950 1944 2000 1969 Ed.
2022 1945 2112 1972 1562:

1191 1975 1241 2000 Ed.
1259 1976 1350 1999 1553:

1226 2009 1300 2040 Meg.
1325 2010 1417 2034 Ehem.

1228 2044 1249 2068 Ο
1269 2050 1369 2075 senex,
1389 2045 1467 2069 video
1486 2051 1546 2069 mea
1565 2042 1751 2069 charissima?
1769 2046 1816 2068 aut
1838 2046 1899 2074 quid
1918 2045 2025 2071 dicam?

1226 2079 1285 2102 Am.
1306 2078 1419 2107 Nescio,
1440 2085 1454 2103 o
1474 2080 1545 2110 filia,
1565 2083 1660 2109 stupor
1682 2085 1747 2102 vero
1768 2082 1795 2102 ct
1814 2086 1855 2102 me
1875 2083 1958 2104 tenet.

1225 2113 1299 2142 Mey.
1320 2113 1370 2136 nic
1389 2116 1446 2143 est,
1467 2120 1544 2143 quem
1564 2115 1662 2137 subtus
1682 2116 1757 2136 terra
1776 2114 1940 2145 audivimus,

1227 2146 1314 2172 ..Nisi
1335 2147 1470 2170 somnium
1489 2148 1516 2170 in
1536 2148 1595 2170 luce
1616 2148 1749 2176 quoddam
1769 2147 1901 2171 videmus.

1228 2180 1296 2209 Quid
1314 2178 1432 2211 loquar?
1451 2182 1544 2211 qualia
1563 2181 1670 2204 somnia
1691 2181 1818 2203 deficiens
1836 2182 1914 2205 video
1926 2179 1939 2205 ’.ἒ

1227 2215 1287 2238 Non
1305 2217 1349 2238 est
1368 2215 1408 2238 hic
1427 2216 1498 2238 alius
1516 2215 1570 2238 nisi
1589 2218 1651 2238 tuus
1669 2215 1759 2242 filum,
1780 2221 1794 2238 o
1815 2221 1910 2238 senex.

1227 2249 1302 2277 Huc,
1322 2255 1336 2272 o
1356 2249 1420 2277 filii,
1441 2250 1584 2278 pendeatis
1604 2249 1728 2278 paternis
1747 2254 1763 2271 a
1782 2249 1913 2274 vestibus.

1225 2283 1281 2312 lte,
1301 2284 1470 2313 accelerate,
1490 2290 1524 2307 ne
1543 2283 1686 2306 dimittatis
1699 2299 1706 2312 ,
1727 2283 1851 2312 quoniam
1872 2283 1935 2308 love

1228 2318 1406 2347 „servatore
1425 2317 1503 2340 vobis
1521 2317 1588 2340 nihil
1607 2318 1651 2340 est
1669 2317 1712 2339 hie
1730 2317 1851 2341 inferior.

1226 2352 1310 2375 Herc.
1332 2351 1353 2374 Ο
1373 2351 1452 2374 salve
1471 2352 1588 2377 atrium..
1609 2352 1636 2374 et
1659 2351 1794 2373 vestibula
1814 2351 1883 2374 laris
1902 2357 1989 2383 meae,

1228 2386 1312 2413 Quam
1332 2386 1429 2408 iubens
1448 2387 1474 2408 te
1492 2385 1622 2415 adspexi,
1641 2385 1676 2407 ad
1694 2390 1811 2414 superos
1829 2391 1970 2412 reversus.

1226 2420 1326 2449 Ehem,
1346 2419 1409 2449 quid
1427 2415 1489 2442 rei?
1509 2419 1582 2443 filios
1604 2419 1686 2442 video
1705 2421 1770 2441 ante
1788 2418 1894 2443 domum

1227 2453 1334 2476 ornatu
1353 2453 1460 2476 funebri
1478 2454 1565 2483 capite
1583 2454 1742 2483 coronatus,

1226 2487 1368 2516 Turbaque
1385 2487 1413 2510 iu
1430 2487 1553 2511 virorum
1573 2492 1658 2510 ineam
1680 2492 1804 2515 uxorem,

1224 2521 1386 2551 Patremque
1405 2522 1623 2551 lachrymantem
1643 2521 1676 2544 ob
1694 2521 1877 2545 calamitatem
1895 2523 2038 2552 quandam,

1226 2556 1302 2584 Age,
1321 2556 1497 2585 interrogabo
1517 2556 1586 2579 istos
1606 2561 1690 2584 prope
1708 2555 1884 2581 constitutus.

1226 2589 1317 2619 Uxor,
1336 2589 1400 2619 quid
1418 2595 1517 2613 novum
1538 2589 1612 2613 venit
1631 2589 1753 2612 domibus
1773 2586 1859 2613 usui?

1230 2622 1304 2653 Meg.
1324 2624 1346 2647 Ο
1364 2624 1525 2647 charissime
1545 2624 1683 2650 virorum,
1702 2629 1716 2647 ο
1735 2623 1826 2646 lumen
1845 2624 1959 2647 veniens
1975 2628 2057 2657 patri,

1221 2657 1313 2687 Ades,
1333 2660 1462 2682 servatus
1481 2664 1527 2689 es,
1547 2658 1582 2681 ad
1600 2657 1749 2687 periculum
1770 2657 1882 2681 veniens
1901 2659 2007 2684 amima.

1548 2692 1596 2726 69
