2373 2980
116 102 163 136 73
278 98 416 133 XLVII.

114 188 220 222 situm
245 185 336 219 Solis
361 191 396 217 et
418 184 687 228 praecedentem
721 182 1032 221 coniunctionem,
1077 188 1111 214 et

115 237 375 281 horoscopum,
421 233 488 268 boc
513 241 582 275 est,
623 246 700 268 cum
729 233 799 268 sint
826 233 983 278 quinque
1010 233 1108 265 modi

114 288 347 333 dignitatum,
389 287 531 331 planeta
564 285 732 327 eligatur,
775 284 837 330 qui
859 284 977 328 plures
1003 281 1111 316 habet

114 339 316 384 dignitates.
370 338 433 371 Sin
451 343 568 370 autem
587 337 655 370 illis
672 336 787 370 modis
802 335 855 369 uti
869 347 945 368 non
964 335 1110 379 poteris,

115 392 259 424 tandem
276 395 438 423 sumatur
456 386 687 431 horoscopus.

216 440 257 474 In
274 447 378 473 nocte
395 439 551 484 primum
573 439 693 481 eligito
711 437 850 471 Lunam
864 464 874 477 ,
901 437 1029 470 deinde
1046 436 1109 470 So-

115 494 206 532 lem,
238 498 359 536 postea
388 491 546 534 planetas
570 489 817 522 antecellentes
841 489 1034 533 dignitate,
1071 487 1109 519 in

115 544 254 577 ratione
274 534 425 575 dominii
442 541 589 573 collatos
609 541 654 572 ad
673 539 813 573 Lunam
839 546 872 572 et
894 539 1109 584 praeceden-

115 603 186 628 tem
205 592 479 637 oppositionem,
496 597 529 624 et
547 592 591 624 ad
610 597 747 635 partem
761 591 938 624 fortunae.
967 590 1030 623 Sin
1048 602 1109 621 au-

114 652 184 678 tem
202 643 363 687 proxime
382 642 569 675 antecessit
585 641 802 681 coniunctio,
822 648 984 675 sumatur
1001 639 1109 674 horo-

113 706 250 739 scopus.
303 693 372 727 Sed
387 693 414 726 si
433 693 612 737 oppositio
629 693 830 737 praecessit,
846 699 1008 726 sumatur
1026 703 1109 736 pars

112 746 296 784 fortunae,
325 750 385 777 aut
403 751 494 777 certe
513 742 733 787 horoscopus
749 743 816 777 erit
831 749 1057 787 prorogator.

216 796 284 829 Sed
300 795 328 829 si
347 796 454 828 ambo
471 795 606 828 lumina
624 801 658 827 et
678 795 885 827 dominator
905 795 972 827 erit
995 794 1032 827 in
1057 794 1110 826 lo-

112 847 160 880 cis
176 846 455 891 prorogatoriis,
471 852 632 880 sumatur
649 846 770 878 lumen
783 872 792 885 ‚
821 847 918 891 quod
934 845 1108 878 maiorem

111 895 219 930 habet
236 903 459 941 potestatem.
512 896 730 929 Dominator
750 909 835 929 vero
863 903 946 930 tunc
969 902 1108 929 tantum

111 949 307 982 antefertur
325 948 468 993 utrique
487 948 636 986 lumini,
680 948 824 992 quando
842 948 913 980 loci
937 947 1110 991 dignitate

111 999 328 1044 praepollet,
357 1005 391 1032 et
407 999 584 1032 rationem
603 999 754 1032 dominii
771 997 878 1032 habet
890 1025 899 1039 ‚
926 999 1020 1032 iuxta
1036 1010 1110 1031 am-

111 1051 173 1083 bas
197 1050 396 1083 electiones.

377 1135 427 1166 De
455 1136 560 1167 modis
583 1135 846 1177 proroyationis.

215 1199 362 1232 invento
401 1206 653 1243 prorogatore,
705 1201 776 1233 duo
809 1199 907 1232 modi
947 1200 1109 1232 sumendi

113 1257 210 1283 sunt:
241 1250 329 1282 alter
345 1251 539 1282 secundum
559 1251 720 1283 ordinem
739 1251 922 1293 signorum
935 1276 942 1289 ,
971 1250 1031 1295 qui
1050 1264 1110 1283 vo-

114 1306 213 1333 catur
228 1300 402 1344 proiectio
421 1300 604 1334 radiorum
618 1327 627 1340 ,
656 1313 733 1334 cum
756 1301 917 1334 videlicet
938 1313 1110 1345 proroga-

115 1357 170 1383 tor
187 1351 291 1384 estin
309 1350 395 1383 locis
413 1351 665 1390 orientalibus,
693 1365 711 1384 a
738 1352 856 1384 medio
884 1352 973 1384 coeli
998 1364 1109 1397 usque

114 1402 158 1433 ad
179 1402 373 1434 ascendens
383 1400 450 1447 1⁹);
479 1402 569 1434 alter
586 1414 671 1434 vero
691 1408 722 1434 et
741 1403 934 1435 secundum
946 1403 1109 1435 ordinem

111 1451 315 1495 signorum,
360 1458 394 1484 et
417 1458 560 1492 contra,
602 1453 697 1486 iuxta
732 1453 908 1486 rationem
935 1451 1110 1491 lioralem,

112 1515 191 1536 cum
211 1502 375 1536 videlicet
391 1510 606 1547 prorogator
623 1510 674 1537 est
695 1504 729 1536 in
747 1504 833 1538 locis
860 1505 1066 1538 cadentibus
1090 1518 1108 1537 a

110 1553 229 1587 medio
251 1554 353 1588 coeli.

214 1605 304 1638 Sunt
328 1611 446 1637 autem
473 1605 723 1638 interficientes
749 1607 900 1650 gradus,
935 1608 996 1651 qui
1023 1620 1110 1640 con-

110 1662 163 1687 tra
184 1655 346 1688 ordinem
367 1655 551 1699 signorum
571 1657 824 1697 inveniuntur,
859 1658 894 1690 in
919 1658 1028 1692 solius
1054 1672 1110 1692 oc-

112 1718 211 1740 casus
226 1704 426 1745 horizonte,
455 1707 535 1752 quia
557 1708 744 1741 dominum
762 1709 856 1741 vitae
874 1709 1109 1743 abscondunt.

111 1757 238 1791 Stellae
256 1770 342 1791 vero
362 1759 416 1790 vel
434 1766 658 1792 occurrentes
684 1760 739 1792 vel
766 1761 976 1793 adim-antes
989 1787 998 1799 ,
1032 1768 1109 1794 tan-

110 1815 185 1842 tum
210 1810 374 1842 auserunt
401 1816 462 1842 aut
490 1811 626 1843 addunt
650 1811 790 1855 aliquos
818 1823 932 1844 annos
957 1811 1019 1851 iis,
1047 1813 1110 1858 qui

110 1872 174 1904 per
198 1867 470 1904 prorogatorem
500 1861 639 1894 collecti
664 1868 766 1901 sunt,
800 1874 913 1907 usque
939 1863 983 1895 ad
1010 1875 1109 1896 occa-

109 1924 185 1945 sum
204 1912 464 1956 prorogatoris.
518 1912 571 1945 Eo
591 1919 708 1946 autem
727 1925 801 1946 non
820 1913 997 1953 occidunt,
1025 1915 1108 1960 quia

108 1974 183 1995 non
200 1962 298 2006 ipsae
317 1964 453 1996 vadunt
471 1965 514 1995 ad
533 1970 828 2008 prorogatorem,
856 1966 916 1998 sed
936 1977 1108 2009 proroga-

108 2019 166 2046 tor
191 2015 235 2046 ad
262 2026 332 2047 eas.
393 2014 444 2046 Ae
466 2014 645 2048 beneficae
669 2016 807 2049 addunt
831 2028 965 2056 annos,
999 2017 1109 2049 male-

106 2064 193 2097 ficae
215 2065 441 2103 diminuunt;
470 2065 670 2099 Mercurius
696 2079 782 2100 vero
807 2067 897 2100 utris
922 2068 1108 2102 adiunctus

107 2115 233 2155 fuerit,
259 2114 324 2150 hos
342 2116 537 2150 adiuvabit.

209 2166 264 2200 De
277 2180 429 2201 numero
448 2180 534 2201 vero
551 2168 746 2202 additionis
764 2175 824 2201 aut
842 2169 1108 2210 subtractionis,

107 2217 385 2252 considerandus
422 2225 474 2252 est
508 2220 638 2263 gradus
672 2220 930 2264 prorogatoris.
1009 2221 1109 2265 Quot

107 2268 201 2301 enim
221 2276 340 2313 partes
357 2268 497 2304 horales
517 2276 622 2303 erunt
647 2270 740 2305 illius
766 2273 915 2315 gradus,
951 2271 1107 2305 interdiu

105 2319 274 2361 diurnae,
302 2327 411 2355 noctu
427 2334 512 2355 vero
529 2328 748 2362 nocturnae,
777 2329 874 2355 tanta
901 2321 968 2355 erit
994 2335 1106 2356 anno-

105 2382 185 2404 rum
204 2371 343 2416 integra
361 2386 512 2407 summa.
573 2372 610 2406 Id
631 2380 749 2407 autem
768 2374 815 2407 ita
834 2373 1103 2417 intelligendum

105 2429 176 2463 est,
203 2425 303 2469 quasi
319 2424 365 2458 sit
381 2424 417 2457 in
436 2431 515 2458 ortu
535 2426 666 2469 gradus
683 2425 752 2459 ille.
813 2425 881 2458 Sed
904 2425 933 2458 si
957 2438 1032 2458 non
1055 2432 1106 2460 est

105 2473 142 2506 in
169 2481 270 2515 ortu,
312 2488 377 2520 pro
403 2477 641 2521 proportione
666 2477 727 2509 fiat
752 2476 942 2510 distantiae
967 2478 1105 2511 subtra-

88 2524 196 2565 -ctio‚
236 2526 283 2559 ita
313 2527 412 2560 utin
438 2540 565 2562 occasu
597 2526 684 2562 llaec
712 2540 851 2561 summa
882 2528 918 2561 in
950 2526 1103 2562 nihilum

105 2576 256 2611 desinat.

141 2659 189 2696 19)Ι
212 2667 299 2701 usque
324 2662 357 2685 ad
382 2663 550 2690 ascendens]
582 2662 733 2687 Ptolemaei
761 2663 844 2686 verba
873 2665 951 2686 sunt:
985 2661 1031 2686 ἐπὶ
1055 2662 1104 2687 τόν

172 2701 346 2720 ωοοσκοπον.

1124 2690 1132 2710 ἐ
1159 2682 1364 2727 propositus
1399 2687 1470 2722 est,

465 95 863 133 INTEBPRETATIO
892 96 1064 131 OPERIS
1091 97 1478 142 QUADRIPARTITI
1504 99 1785 134 PTOLEMAEI
1821 100 1909 136 LIB.
1935 101 1992 136 111.
2106 103 2155 137 74

1267 183 1335 216 Sed
1351 185 1544 218 secundum
1563 186 1818 219 successionem
1838 187 2019 230 signorum
2048 187 2153 221 inter-

1162 232 1284 265 ficiunt
1302 234 1378 266 loca
1398 236 1639 270 maleficarum
1657 237 1838 271 stellarum
1855 238 2001 271 Saturni
2017 244 2050 270 et
2059 238 2155 271 Mar-

1163 283 1227 322 tis,
1255 283 1327 316 sive
1347 287 1556 328 corporibus
1574 295 1782 328 occurrant,
1810 289 1882 322 sive
1900 289 2076 334 quadrato
2095 291 2156 322 ad-

1162 339 1283 377 spectu
1295 361 1303 373 ‚
1328 341 1390 368 aut
1407 348 1448 367 ex
1463 338 1627 380 opposito
1647 339 1856 373 intueantur
1871 346 2156 384 prorogatorem.

1164 383 1345 417 Interdum
1366 393 1399 418 et
1415 389 1626 430 sexangulus
1644 391 1829 433 adspectus
1846 391 1940 423 idem
1965 391 2078 430 valet,
2111 392 2155 424 ab

1164 435 1410 470 obedientibus
1442 444 1503 470 aut
1533 438 1734 473 videntibus
1771 441 1878 484 signis
1918 442 2156 486 proficiscens.

1161 486 1208 519 Et
1232 487 1428 531 quadratus
1454 490 1497 532 ad
1523 489 1640 522 locum
1665 498 1936 535 prorogatorem
1961 494 2155 526 secundum

1164 537 1327 570 ordinem
1363 539 1545 581 signorum
1584 540 1676 573 idem
1720 542 1824 575 valet.
1899 542 2081 577 Interdum
2124 550 2158 577 et

1163 589 1374 632 sexangulus
1397 589 1583 630 interficit,
1619 591 1779 625 adflictus
1806 605 1823 624 a
1848 594 1960 628 tardis
1983 594 2157 628 ascensio-

1163 639 1286 678 nibus3
1338 640 1499 684 trigonus
1531 654 1636 682 vero,
1684 642 1844 677 adflictus
1879 656 1896 676 a
1934 645 2157 679 brevioribus

1163 691 1440 725 ascensionibus.
1494 691 1539 725 Et
1557 705 1636 726 cum
1647 692 1749 727 Luna
1763 700 1813 726 est
1829 695 2067 738 prorogatrix‚
2094 696 2157 729 So-

1162 741 1205 774 lis
1240 742 1338 775 locus
1369 743 1409 775 fit
1431 742 1649 778 interfector.
1716 744 1807 778 Nam
1839 757 2003 778 occursus
2035 759 2157 779 eorum

1164 793 1336 826 contrarii
1370 793 1608 834 interficiunt,
1657 801 1696 828 ut
1724 796 1975 829 convenientes
2003 804 2158 837 servant,

1164 856 1243 876 cum
1270 845 1313 876 ad
1341 850 1613 888 prorogatorem
1638 847 1822 880 accedunt.
1889 847 2012 892 Neque
2037 854 2157 881 tamen

1164 907 1304 938 semper
1326 895 1512 936 occidunt,
1546 898 1606 930 sed
1632 909 1712 930 cum
1737 903 1819 931 sunt
1843 898 1984 932 adflicti.
2045 897 2158 943 Impe-

1164 945 1312 979 diuntur
1344 947 1459 986 enim,
1497 960 1576 981 cum
1612 948 1649 981 in
1671 949 1757 982 fines
1780 949 2017 983 beneficarum
2042 950 2159 983 incur-

1165 1003 1266 1034 rnnt;
1301 1003 1363 1030 aut
1386 1010 1465 1031 cum
1490 999 1648 1032 benefica
1674 1000 1874 1044 adspexerit
1900 1002 2075 1045 quadrato
2099 1002 2159 1034 ad-

1164 1054 1306 1091 spectu,
1334 1055 1395 1081 aut
1412 1049 1574 1092 trigono,
1603 1057 1664 1083 aut
1689 1051 1854 1095 opposito
1882 1053 2014 1094 gradu,
2050 1052 2158 1084 inter-

1163 1099 1351 1136 sectorem;
1387 1106 1447 1132 aut
1471 1113 1550 1133 cnm
1576 1100 1709 1145 Iupiter
1732 1102 1866 1134 vicinus
1893 1108 1943 1135 est
1964 1104 2156 1136 secundum

1165 1150 1326 1182 ordinem
1359 1150 1540 1193 signorum
1574 1152 1659 1185 citra
1689 1153 1876 1185 duodecim
1912 1155 2060 1196 gradus,
2099 1159 2160 1186 aut

1163 1199 1283 1233 Venus
1301 1200 1386 1233 citra
1407 1208 1498 1235 octo,

1267 1260 1312 1293 Et
1348 1273 1426 1294 cum
1464 1269 1680 1305 prorogator
1711 1270 1745 1295 et
1776 1264 1982 1296 interfector
2012 1264 2049 1296 in
2086 1276 2157 1296 uno

1164 1312 1276 1355 gradu
1303 1319 1403 1351 sunt,
1437 1314 1497 1345 sed
1520 1325 1595 1345 non
1618 1313 1654 1345 in
1679 1315 1802 1346 eadem
1826 1314 2034 1354 latitudine,
2078 1327 2157 1347 cum

1163 1362 1332 1407 utrinque
1350 1369 1431 1396 sunt
1447 1363 1604 1396 iuvantia
1618 1391 1626 1403 ,
1661 1371 1722 1398 aut
1743 1365 2010 1406 interficientia,
2037 1365 2160 1398 viden-

1164 1414 1248 1446 dum
1267 1420 1336 1452 est,
1365 1426 1455 1458 quae
1473 1427 1554 1458 pars
1571 1412 1700 1447 habeat
1724 1416 1890 1449 fortiores
1914 1417 2160 1461 opitulatores,

1163 1465 1219 1497 vel
1236 1477 1407 1503 numero,
1440 1466 1495 1497 vel
1521 1466 1693 1509 potentia.
1755 1468 1914 1500 Numero
1938 1474 2096 1511 praestat
2119 1480 2159 1500 ea

1164 1528 1268 1560 pars,
1311 1515 1348 1548 in
1383 1528 1451 1560 qua
1477 1517 1595 1560 plures
1617 1517 1831 1551 sensibiliter
1855 1518 2035 1551 coniuncti
2059 1525 2160 1556 sunt;

1165 1568 1224 1600 sed
1243 1567 1378 1600 viribus
1397 1574 1553 1611 praestat
1569 1568 1627 1600 illa
1639 1595 1648 1607 ,
1680 1568 1716 1601 in
1733 1581 1801 1615 qua
1820 1570 1982 1614 planetae
2000 1576 2083 1602 sunt
2100 1576 2162 1602 aut

1165 1618 1326 1651 iuvantes
1352 1619 1387 1650 in
1410 1618 1567 1663 propriis
1593 1619 1721 1663 signis,
1763 1627 1823 1653 aut
1850 1620 2099 1654 interficientes
2125 1620 2161 1652 in

1165 1669 1300 1702 alicnis.
1374 1669 1530 1702 Maxime
1562 1682 1667 1709 vero,
1711 1673 1855 1716 quando
1890 1672 2052 1705 iuvantes
2079 1677 2161 1704 sunt

1165 1720 1354 1753 orientales
1367 1747 1375 1759 ,
1404 1721 1656 1754 interficientes
1672 1734 1757 1755 xero
1776 1729 1857 1756 sunt
1874 1723 2125 1756 occidentale&

1268 1780 1526 1813 Universaliter
1558 1787 1675 1813 autem
1710 1782 1798 1814 nulli
1830 1782 2039 1816 adsumendi
2067 1789 2161 1822 sunt,

1164 1830 1224 1876 qui
1243 1837 1323 1864 sunt
1341 1831 1405 1863 sub
1425 1831 1552 1870 radiis,
1580 1844 1694 1877 neque
1709 1835 1753 1865 ad
1771 1833 2074 1873 intersectionem,
2101 1846 2160 1867 ne-

1164 1894 1230 1927 que
1250 1883 1293 1913 ad
1312 1882 1500 1915 auxilium:
1536 1882 1602 1916 nisi
1627 1895 1705 1915 cum
1723 1883 1825 1917 Luna
1851 1891 1901 1918 est
1922 1885 2161 1929 prorogatrix,

1163 1939 1196 1965 et
1214 1933 1275 1965 Sol
1293 1934 1330 1965 fit
1348 1933 1565 1966 interfector.
1629 1933 1694 1966 Hic
1713 1947 1730 1967 a
1750 1936 1905 1968 malefica
1932 1937 2161 1980 depravatur,

1163 1984 1373 2028 praesertim
1400 1984 1426 2017 si
1453 1985 1607 2017 benefica
1636 1997 1713 2018 non
1739 1987 1904 2024 adiuvet,
1940 1994 1999 2021 aut
2025 1987 2163 2031 mitiget

1164 2035 1308 2068 malum.

1394 2139 1447 2170 De
1476 2148 1613 2170 numero
1640 2150 1807 2172 annorum
1837 2140 1919 2172 nuti.

1264 2211 1443 2247 Numerus
1463 2222 1640 2246 annorum
1661 2214 1816 2247 sumitur
1833 2226 1873 2246 ex
1897 2213 2086 2246 intervallo
2110 2214 2163 2246 in-

1161 2269 1215 2296 ter
1247 2264 1365 2297 locum
1399 2270 1655 2308 prorogantem
1693 2271 1727 2297 et
1762 2265 2045 2298 interfectorem:
2087 2277 2161 2298 non

1161 2315 1391 2358 simpliciter,
1419 2328 1483 2349 nec
1500 2322 1633 2349 temere
1647 2342 1657 2355 ,
1691 2321 1732 2348 ut
1753 2316 1858 2349 multi
1877 2316 2104 2350 tradiderunt
2122 2329 2162 2349 ex

1160 2366 1424 2400 ascensionibus
1462 2367 1735 2412 quibuscunque
1771 2373 1805 2400 et
1839 2367 2000 2412 quolibet
2036 2368 2162 2411 gradu.

1159 2416 1197 2450 ld
1217 2417 1311 2450 enim
1335 2424 1418 2451 tunc
1436 2419 1548 2458 valet,
1584 2430 1662 2451 cum
1691 2418 1767 2462 ipse
1793 2416 1946 2452 horizon
1970 2420 2162 2452 ascendens

1158 2469 1265 2504 suerit
1280 2475 1508 2513 prorogator,
1532 2474 1594 2501 aut
1612 2469 1731 2514 aliqua
1748 2471 1848 2503 stella
1865 2470 1970 2504 simul
1988 2470 2163 2510 exoriens,

1159 2526 1221 2558 aut
1237 2520 1365 2565 aliquis
1383 2521 1500 2560 locus,
1534 2519 1595 2566 qui
1615 2526 1666 2555 est
1681 2520 1718 2553 in
1739 2527 1840 2561 ortu,
1874 2522 2069 2554 secundum
2094 2519 2162 2554 hoc

1158 2572 1364 2609 ascendens.

1261 2631 1363 2665 Unus
1389 2630 1483 2663 enim
1507 2627 1565 2662 hic
1592 2631 1720 2664 modus
1746 2629 1892 2676 physice
1922 2631 2162 2665 consideranti

1523 2682 1735 2722 observare,
1787 2688 1874 2727 quot
1909 2683 2083 2727 graduum
2121 2696 2162 2717 ex
