2373 2980
199 106 274 141 379

487 189 804 237 [Aniisirophe
834 186 893 235 1.]

248 260 336 292 Elec.
366 257 596 290 Circumscrte
614 267 707 287 nuuc
724 255 931 298 palpebram
943 255 1002 302 ⁸⁹).

246 310 336 341 Dato
356 307 497 352 pupillis
517 306 674 350 undique
693 318 756 350 per
773 307 918 350 capillos
935 307 1065 339 locum.

246 361 390 393 Seme'ch.
421 358 483 389 Hic
502 357 579 401 quis
599 357 633 388 iu
651 356 706 388 via
725 357 875 397 accedit,
905 358 983 403 quis
1002 355 1059 390 liic

199 411 295 445 1270
323 410 386 441 vir
405 421 445 441 cx
463 420 547 451 agro
567 407 663 439 vadit
683 408 772 440 circa
791 410 937 442 domum
956 406 1134 454 tua1n90)?

483 481 813 530 [Anii-systema
844 483 904 532 1.]

244 553 333 586 Elec.
360 550 558 590 Pei-iimus,
583 563 604 583 o
623 551 779 591 amicae,
807 552 1032 585 absconditas

243 603 352 636 Feras
370 608 525 635 armatas
542 601 570 635 si
586 601 703 634 statim
721 602 851 635 indicet
861 602 907 647 ⁹¹)
927 600 1086 635 hostibus
1095 601 1154 646 92).

485 676 801 725 [ΑηίἰεὶνορΙιε
828 676 892 725 2.]

241 747 387 781 Semich.
404 746 457 779 Sis
473 746 548 779 sine
563 751 678 784 metu3
706 758 789 779 nam
807 746 923 779 inanis
942 752 1004 786 est,
1027 758 1047 778 o
1066 744 1185 786 chara,

242 798 309 830 Via
323 824 331 837 ,
360 810 467 842 quam
484 803 521 830 tu
543 803 657 841 putas.

195 847 292 885 1275
321 850 410 882 Elec.
447 848 564 893 Quid,
604 853 663 880 tua
690 847 774 880 fides
799 854 920 880 manet
949 846 1037 881 mihi
1069 846 1184 881 adhuc

601 897 728 930 firma?

240 950 295 983 Da
315 947 402 982 milii
420 949 574 994 aliquem
591 949 727 981 bonum
746 948 929 981 nuntium:

241 1001 297 1034 An
314 1001 411 1033 locus
428 1005 509 1032 ante
527 999 645 1031 aulam
663 1005 714 1032 est
731 997 887 1031 vacuus?

472 1073 801 1123 [Antisystema
827 1072 892 1121 2]

241 1144 386 1179 Semich.
404 1142 470 1175 Hic
488 1155 543 1176 res
558 1143 648 1175 bene
664 1140 809 1181 habent,
837 1142 897 1174 sed
917 1147 1012 1174 retro
1023 1141 1069 1187 ⁹²³)
1086 1141 1185 1181 vide;

242 1195 334 1240 Quia
354 1206 460 1227 nemo
478 1193 608 1226 civium
627 1193 761 1226 accedit
778 1193 824 1225 ad
842 1204 919 1226 nos.

193 1247 291 1283 1280
316 1246 462 1281 Semicli.
490 1244 598 1278 Venis
614 1245 759 1284 eodem,
794 1255 910 1289 neque
925 1241 982 1276 hic
1000 1244 1103 1277 turba
1121 1251 1183 1279 est.

482 1310 794 1359 [Antistrophe
822 1309 887 1358 3.]

242 1382 330 1415 Elec.
357 1380 432 1424 Age
449 1390 544 1412 nunc
561 1379 596 1411 in
614 1378 727 1422 portis
744 1378 906 1412 audiam:

240 1432 338 1477 Quid
356 1430 573 1464 cunctamini
588 1430 624 1462 iu
643 1430 789 1463 aedibus
807 1441 870 1473 per
887 1430 1041 1476 quietem
1053 1430 1100 1476 9ῑ)

192 1482 289 1520 1285
318 1482 475 1516 Mactare
491 1479 645 1514 hostiam
656 1480 672 1512 Ρ

477 1555 808 1604 [Anii-systema
836 1555 899 1604 3.]

241 1626 324 1661 Non
342 1624 503 1658 audiunt.
557 1624 590 1657 Ο
610 1624 737 1657 misera
757 1637 820 1668 ego
843 1631 990 1670 propter
1009 1626 1118 1658 mala!

241 1678 335 1712 Num
378 1681 526 1720 propter
568 1673 872 1719 pulchritudinem
923 1677 1184 1720 obstupuerunt

598 1725 732 1770 gladii?

536 1799 748 1848 [Siroplee
779 1799 839 1848 1.]

239 1871 346 1904 Forte
365 1869 491 1914 aliquis
508 1868 661 1912 Argivus
679 1875 837 1902 armatus
856 1881 1074 1913 properans,

193 1922 292 1959 1290
318 1922 413 1954 Pede
431 1920 640 1953 auxiliatore
657 1920 810 1953 accurrit
829 1922 873 1952 ad
890 1921 994 1954 aedes
1003 1920 1068 1967 95):

242 1973 372 2006 Melius
390 1977 441 2005 est
457 1971 576 2003 xidere
587 1997 596 2010 ‚
624 1983 698 2003 non
715 1970 855 2015 expedit
870 1972 990 2004 sedere
1004 1985 1011 2009 ;

242 2024 311 2058 Sed
328 2023 418 2056 aliae
437 2020 525 2061 huc,
549 2021 638 2054 aliae
657 2021 741 2054 illuc
757 2022 854 2056 eatis.

226 2157 273 2189 89)
295 2158 379 2182 Chor.
399 2155 525 2180 Facimus
544 2168 578 2173 —-
597 2156 779 2185 palpebram]
799 2155 826 2179 hi
845 2156 861 2180 2
880 2162 937 2180 vss.
957 2155 984 2178 iu
998 2155 1183 2188 Editt.1558.‚

263 2192 336 2215 1562.
357 2192 383 2214 iu
403 2197 484 2214 unum
503 2192 567 2213 suut
585 2190 730 2213 coniuncti.

227 2233 273 2263 90)
295 2234 413 2258 Semich.
433 2233 482 2256 Hic
501 2244 534 2249 --
554 2230 664 2260 tuam?]
684 2233 779 2256 horum
801 2233 913 2256 duorum
933 2238 992 2256 VSS.
1013 2232 1074 2256 loco
1094 2232 1121 2256 iu
1136 2233 1185 2256 Ed.

261 2269 343 2293 Bai-u,
362 2268 491 2297 leguntur
510 2267 578 2291 tres.

228 2311 275 2338 91)
296 2309 411 2336 indicet]
437 2309 475 2332 sic
500 2309 584 2334 Editt.
608 2309 700 2339 1562,
738 2310 836 2339 Baru.‚

263 2343 400 2369 ostendat.

229 2386 277 2417 92)
296 2385 436 2414 hostibus]
461 2385 500 2408 sic
525 2387 572 2413 (Ξ
598 2385 692 2415 Eun-ip.
715 2383 840 2416 ἐχθροῖς)
866 2385 948 2409 Editt.
970 2384 1060 2415 1562,
1093 2385 1186 2417 Bar11.,

264 2422 387 2450 Musgr.7
406 2420 482 2448 Fix.;
509 2420 558 2444 Ed.
580 2420 655 2444 1553.
674 2420 779 2443 amicis.

229 2464 277 2490 93)
298 2463 389 2490 reti-0]
415 2462 455 2485 sic
481 2460 533 2492 (=
553 2462 644 2492 Eurip.
669 2463 718 2486 Ed.
746 2462 831 2486 Basii.
853 2462 925 2486 1551.
952 2460 1074 2489 minio-m]
1095 2461 1185 2486 Editt.

265 2497 356 2524 1553„
392 2496 485 2525 1562.;
522 2497 622 2523 Barn.,
660 2497 783 2527 Musgr.,
821 2497 895 2520 Fix.:
933 2497 1007 2519 tuam
1039 2496 1186 2520 stationem

264 2533 312 2559 (=
330 2527 399 2554 τιῖπί
415 2536 482 2559 σου,
502 2536 581 2559 quam
599 2531 743 2554 lectionem
761 2531 811 2554 hae
830 2531 914 2554 Editt.
934 2530 1083 2561 exhibent).

233 2574 281 2602 94)
305 2574 382 2598 Elec.
401 2574 461 2603 Age
479 2584 513 2589 ——
533 2572 663 2603 quietem]
682 2574 707 2596 hi
726 2574 743 2598 2
762 2580 819 2598 vss.
839 2574 867 2597 iu
883 2573 933 2598 Ed.
955 2574 1038 2598 Barn.
1057 2572 1187 2597 disiuncti

268 2609 331 2631 sunt
350 2607 377 2630 iu
396 2609 521 2637 quatuor.

234 2649 281 2681 95)
300 2651 383 2673 Forte
401 2662 435 2667 —
453 2650 567 2679 aedes2]
587 2649 611 2673 lii
629 2649 646 2674 2
666 2657 725 2673 vss.
745 2650 771 2673 in
791 2651 840 2674 Ed.
860 2651 940 2674 Earn.
961 2650 1056 2680 partiti
1076 2651 1140 2674 suut
1158 2649 1185 2673 iu

267 2688 391 2714 quatuor.

872 2309 996 2339 Musgm
1039 2309 1088 2332 Ed.
1112 2309 1185 2333 1558.

774 103 896 138 PHIL.
929 103 1041 139 MEL.
1074 102 1277 138 SCRIPTA
1310 102 1645 138 PHILOLOGICA.

2157 106 2231 140 380

1576 187 1791 235 [strophe
1816 187 1881 236 2.]

1243 254 1340 292 1295
1369 257 1467 291 Cher.
1483 256 1664 290 Mutaums
1681 256 1774 289 viam
1789 258 2008 302 speculantes
2024 257 2230 305 undiqueffl)

1291 309 1365 341 Hel.
1393 307 1426 339 O
1442 307 1627 350 Pelasgum
1648 308 1762 350 Argos
1777 334 1784 346 ,
1812 320 1919 352 pereo
1935 309 2049 342 male.-

1294 360 1381 391 Elec.
1409 357 1590 390 Audistis?
1624 358 1692 390 viri
1708 356 1839 391 habent
1861 371 1986 393 manus
2003 360 2039 392 in
2057 361 2179 397 caede:

1290 408 1353 442 Est
1370 408 1519 441 eiulatus
1534 408 1688 441 Helenae
1701 435 1709 448 ‚
1736 416 1776 442 ut
1790 409 1871 442 licet
1887 410 2071 445 coniicere.

1579 481 1793 530 [Strophe
1821 483 1883 532 3,]

1292 552 1437 585 Semich.
1467 550 1499 583 Ο
1514 549 1606 584 lovis
1617 578 1625 590 ‚
1654 563 1674 583 o
1693 551 1786 586 Iovis
1801 553 1973 587 immensa
1993 557 2150 597 potentia
2164 582 2173 596 ‚

1244 601 1341 635 1300
1369 601 1460 633 Veni
1477 601 1651 635 auxilians
1667 604 1753 637 meis
1771 604 1891 638 amicis
1910 606 2071 639 omnino.

1292 653 1366 685 Hel.
1401 651 1562 685 Menelae
1574 679 1582 692 ‚
1619 654 1774 693 moriar,
1810 661 1848 688 tu
1872 667 2039 699 praesens
2070 668 2126 689 me
2159 667 2233 688 non

1651 704 1775 738 iuvas?

1292 754 1380 786 Elec.
1407 752 1614 794 Interficite,
1641 755 1762 796 serite,
1790 756 1958 797 occidite,
1986 757 2144 801 perdite,

1290 803 1390 837 Duos
1409 805 1578 849 ancipites
1597 806 1733 849 gladios
1755 807 1903 847 mittite,

1291 854 1472 889 Ferientes
1489 868 1506 889 e
1524 868 1634 889 manu

1242 904 1339 939 1305
1367 906 1603 940 Desertricem
1619 914 1808 951 pareutum
1818 908 1884 954 9⁷),
1911 908 2133 954 linquentem
2149 920 2233 943 con-

1651 959 1766 1002 iugem
1780 985 1789 999 ,
1818 971 1909 1004 quae
1925 960 2098 1004 plurimos

1291 1006 1470 1041 Interfecit
1486 1009 1707 1042 Graecorum

1290 1056 1331 1090 In
1348 1059 1440 1091 bello
1452 1085 1461 1098 ‚
1489 1060 1584 1103 apud
1602 1060 1747 1093 fluvium
1770 1067 1975 1104 pereuntes,

1290 1109 1361 1141 Ubi
1377 1108 1581 1154 lachrymae
1598 1111 1690 1143 inter
1704 1109 1905 1156 lachrymas

1291 1159 1503 1193 Ceciderunt
1520 1167 1667 1204 propter
1682 1162 1797 1193 ferrea
1813 1162 1882 1194 tela
1896 1188 1905 1201 ‚

1240 1208 1338 1243 1310
1365 1212 1419 1244 Ad
1440 1211 1573 1244 flumen
1593 1211 1865 1245 Scamandrum.

1293 1263 1389 1296 Ghor.
1425 1261 1574 1301 Tacete,
1616 1268 1728 1295 tacete
1740 1289 1749 1302 ,
1790 1262 1897 1296 audio
1924 1261 2091 1306 strepitus
2115 1261 2230 1296 cuius-

1654 1314 1738 1346 dam

1289 1362 1393 1394 Viam
1423 1363 1592 1397 irruentis
1615 1364 1705 1396 circa
1723 1365 1883 1399 domum.

1290 1414 1379 1447 Elec.
1408 1414 1440 1446 O
1458 1412 1684 1448 charissimae
1701 1415 1887 1454 mulieres,
1915 1414 1952 1446 in
1970 1414 2086 1446 media
2105 1415 2211 1449 caede

1287 1463 1355 1497 Ista
1375 1465 1569 1497 Hermione
1586 1466 1702 1502 adest;
1737 1472 1910 1498 cessemus
1925 1476 1945 1497 a
1962 1464 2128 1498 clamore.

1241 1513 1338 1548 1315
1361 1515 1453 1549 ix'am
1472 1516 1570 1548 vadit
1589 1516 1746 1548 incidens
1764 1516 1800 1547 in
1818 1516 1964 1560 laqueos
1980 1515 2127 1548 retium:

1290 1566 1441 1609 Egregia
1459 1568 1590 1610 praeda
1610 1567 1698 1605 erit,
1725 1566 1752 1599 si
1771 1572 1872 1610 capta
1893 1566 2011 1599 fuerit.

1288 1615 1420 1650 Iterum
1437 1623 1527 1650 state
1546 1616 1666 1662 quieto
1684 1617 1871 1661 adspectu,

1289 1667 1335 1700 Et
1355 1668 1473 1701 colore
1490 1680 1562 1700 non
1582 1668 1802 1711 significante
1818 1668 1962 1700 sactum.

1289 1718 1335 1751 Et
1352 1731 1416 1762 ego
1435 1716 1572 1752 habebo
1593 1719 1734 1752 tetricas
1751 1719 1904 1763 pupillas
1923 1718 2107 1751 oculorum
2121 1745 2130 1758 ‚

1241 1770 1341 1805 1320
1369 1770 1558 1815 Tanquam
1576 1782 1649 1802 non
1663 1770 1775 1803 sciens
1793 1771 1895 1802 facta.

1291 1821 1324 1854 O
1341 1821 1441 1865 virgo
1460 1821 1577 1861 venis,
1603 1821 1904 1866 Clytaemnestrae
1921 1817 2147 1864 sepulchrum

1290 1872 1484 1917 Postquam
1520 1871 1697 1905 coronasti
1710 1898 1719 1907 ,
1769 1878 1803 1904 et
1841 1871 1958 1904 libasti
1992 1870 2114 1903 inferis
2143 1869 2230 1903 infe-

1376 1956 1379 1958 ,
1644 1923 1715 1955 rias
1726 1922 1797 1967 9εγ.)
2077 1964 2083 1969 ¹

1289 1975 1373 2007 Her.
1400 1973 1513 2006 Venio
1526 2000 1534 2013 ‚
1561 1979 1702 2017 peracta
1721 1973 1923 2016 placatione
1934 1972 1999 2018 ⁹⁹);
2027 1972 2089 2004 sed
2105 1983 2161 2003 me

1289 2024 1405 2057 Metus
1425 2024 1569 2069 quidam
1589 2023 1701 2067 cepit,
1734 2036 1838 2068 quem
1858 2023 1894 2055 in
1911 2023 2078 2062 aedibus,

1241 2074 1338 2110 1325
1366 2075 1497 2108 Procul
1515 2075 1665 2108 existens
1683 2087 1699 2106 a
1719 2076 1844 2114 domo,
1873 2074 1980 2107 audio
1998 2073 2203 2106 clamorem.

1289 2128 1377 2160 Elec.
1419 2126 1540 2170 Quid?
1585 2127 1672 2159 fiunt
1684 2152 1692 2164 ,
1743 2138 1832 2171 quae
1858 2131 1940 2158 sunt
1967 2125 2072 2168 digna
2104 2129 2227 2157 nostro

1648 2177 1755 2210 luctu.

1290 2229 1371 2261 Her.
1399 2227 1527 2260 Fausta
1546 2227 1708 2272 loquere:
1738 2226 1822 2271 quid
1839 2225 1923 2258 novi
1942 2224 2053 2258 dicis?

1273 2348 1320 2380 96)
1341 2349 1425 2373 Chor-
1445 2349 1581 2371 Mutamus
1602 2361 1632 2366 —-
1652 2347 1792 2377 undique]
1821 2347 1862 2370 hic
1881 2353 1922 2369 vs.
1951 2346 1977 2369 in
1998 2346 2045 2369 Ed.
2067 2346 2151 2371 Bai-u.
2171 2345 2228 2369 dis-

1309 2384 1416 2407 iunctus
1437 2384 1479 2405 est
1499 2382 1524 2405 in
1548 2382 1628 2405 duos:

1429 2417 1495 2441 Cho.
1514 2417 1649 2439 Mutamus
1670 2414 1757 2444 viam,

1344 2452 1409 2475 1295
1428 2451 1607 2480 Speculantes
1624 2450 1750 2479 undique.

1274 2495 1322 2522 97)
1342 2495 1373 2518 D.
1393 2493 1550 2523 parentum]
1570 2492 1611 2515 sic
1635 2492 1682 2523 (z
1700 2493 1791 2522 Eurip.
1811 2489 2012 2523 λειποπάτορα)
2040 2491 2121 2515 ssditt.
2143 2490 2228 2522 2558„

1309 2530 1406 2557 Βία-ιι,
1426 2529 1545 2557 Musgn,
1566 2527 1644 2551 Fix.:
1668 2527 1715 2550 Ed.
1738 2527 1811 2552 1562.
1829 2528 1860 2551 l).
1884 2529 2034 2557 parentem.

1274 2572 1321 2600 98)
1341 2572 1372 2596 ii.
1393 2572 1409 2594 Ι.
1430 2571 1457 2594 in
1476 2571 1560 2595 Editt.
1577 2571 1650 2594 1555.
1663 2587 1670 2600 ‚
1702 2570 1775 2596 1562.
1799 2572 1864 2594 nota
1890 2570 2022 2601 margia:

1308 2606 1342 2629 ad
1361 2605 1543 2629 Hel-inionem.

1273 2648 1319 2679 99)
1339 2650 1450 2678 peracta
1473 2646 1657 2677 placatione,]
1689 2646 1731 2670 sic
1756 2646 1838 2670 editt.
1859 2646 1950 2676 1562,
1978 2647 2080 2677 Rarum,
2112 2647 2229 2677 musgr„

1307 2683 1386 2711 Fix.;
1412 2682 1551 2707 Ed.1553.
1571 2684 1713 2710 postquam
1733 2681 1827 2711 accepi
1845 2681 2036 2710 placationem.

2056 2569 2229 2600 Apostrophe
