2373 2980
221 87 295 122 247

325 171 461 206 v.602.
496 171 615 215 (600.)
655 168 740 214 (θῆτ’
779 169 906 205 ἄοικον
922 170 968 216 ⁸⁷)
1003 168 1208 218 ποιεῖσθαι]

222 223 500 257 Condurendmn
518 223 641 254 suadet
659 221 918 255 mercenarium
939 221 1112 267 aliquem,
1149 222 1209 267 qui

222 274 332 320 possit
357 274 459 306 rebus
484 271 684 304 domesticis
710 283 853 311 vacare,
899 272 959 317 qui
983 285 1056 305 non
1082 271 1210 306 habeat

222 326 351 363 multa,
380 336 437 368 qu.
431 335 468 355 ae
486 322 579 355 sibi
572 322 637 365 ipsi
653 322 749 354 (lomi
767 329 860 366 εις-’.11
913 323 1008 356 Fieri
1025 317 1118 356 enim
1137 335 1210 356 non

222 381 356 420 potest,
384 380 421 406 ut
439 373 549 405 multa
567 372 671 406 simul
687 373 777 406 hene
799 385 902 417 agere
925 375 1122 418 possimus,
1157 374 1210 406 in-

222 427 299 471 quit
318 421 529 467 Xenophon.
581 422 716 456 Eadem
742 437 759 457 1
763 424 834 456 atio
861 421 1023 457 habendi
1049 425 1210 463 ancillae,

221 484 260 510 ut
296 487 368 507 non
403 473 532 507 habeat
563 474 704 508 liberos.
764 475 919 507 Subiecit
949 475 1075 508 deinde
1110 487 1210 519 prae-

222 533 360 570 ceptum
381 526 423 558 de
441 537 547 563 cane,
576 538 680 570 quem
699 538 866 559 vocamus
881 527 1061 559 custodem
1086 526 1136 559 rei
1160 526 1210 558 fa-

220 577 382 610 miliaris.
434 574 474 608 In
489 573 556 608 hoc
573 576 699 609 alendo
725 578 893 609 admonet
916 577 1114 620 sumptibus
1138 588 1211 608 non

222 641 294 662 esse
322 626 473 660 nimium
498 628 736 670 parcendum,
779 627 860 672 quia
887 627 1125 673 observetffi),

220 681 315 713 fures
335 678 532 711 clanculum
551 677 683 710 intrent
700 678 736 710 in
755 679 857 711 aedes
882 678 1037 717 domini,
1073 690 1113 711 ac
1136 690 1212 711 sur-

220 730 355 775 ripiant
373 728 568 774 quippiam.
622 728 749 761 Graeci
765 728 937 761 trifariam
962 740 1065 762 canes
1090 729 1212 762 distin-

221 787 353 825 guunt,
389 780 495 824 idque
523 779 566 811 ab
591 779 732 817 officiis;
775 786 857 812 sunt
879 779 972 812 enim
998 777 1212 824 ἶχνευτικοὶ,

222 844 311 877 quos
340 843 405 864 nos
436 830 661 872 indagatores
686 842 874 870 vocamus,
913 842 1017 864 canes
1048 830 1213 870 venatici,

220 882 399 916 nobilibus
419 886 452 913 et
468 880 636 914 divitibus
660 881 854 914 admodum
881 881 990 924 grati,
1025 883 1085 926 qui
1108 893 1213 914 vena-

221 933 311 967 tioni
333 943 477 976 operam
497 932 594 964 dant.
648 931 737 965 Sunt
754 944 875 965 rursus
894 932 954 977 qui
971 930 1136 978 οἷκουροὶ
1152 944 1213 964 vo-

221 991 367 1022 cantur,
414 982 514 1026 quasi
546 982 642 1015 dicas
673 983 834 1016 custodes
863 983 1016 1016 aedium.
1093 984 1213 1026 Agunt

221 1035 316 1068 enim
336 1032 498 1066 excubias
512 1044 596 1076 prae
613 1033 767 1073 foribus,
795 1039 829 1065 et
847 1033 889 1065 de
906 1031 959 1066 his
969 1032 1126 1065 Hesiodo
1146 1032 1213 1065 hoc

219 1087 297 1119 loco
322 1096 438 1117 sermo
466 1090 527 1117 est.
588 1082 628 1115 In
653 1084 758 1116 tertio
784 1085 896 1127 gradu
920 1089 1003 1117 sunt
1025 1085 1214 1117 sslletaia

219 1134 390 1178 κυνίδια,
419 1134 453 1167 id
473 1141 544 1174 est,
572 1134 758 1167 Melitaeae
779 1134 943 1173 catellae,
970 1134 1060 1167 nulli
1076 1134 1129 1167 rei
1145 1134 1214 1167 uti-

219 1189 290 1227 les,
339 1191 589 1230 praeterquam
626 1187 721 1230 quod
756 1186 792 1218 in
827 1185 961 1218 deliciis
995 1191 1078 1219 sunt
1110 1197 1214 1229 prae—

220 1239 370 1272 divitum
396 1236 579 1269 matronis.
643 1236 745 1269 Unde
774 1236 880 1269 etiam
914 1237 951 1268 in
980 1236 1211 1281 proverbium

220 1291 338 1323 abiere
347 1286 393 1332 ⁶⁹)
410 1288 452 1319 de
471 1287 639 1320 delicatis.

324 1352 356 1371 v.
371 1337 455 1371 604.
474 1337 594 1384 (602.)
621 1334 923 1384 καρχαρόδοντα]
939 1350 957 1371 a
975 1351 1063 1371 sono
1080 1338 1212 1370 factum

221 1403 292 1425 esse
313 1389 452 1422 videtur
472 1387 654 1433 epitheton
673 1389 780 1422 canis.
840 1389 930 1423 Sunt
947 1389 1042 1422 enim
1062 1389 1213 1432 asperri-

219 1443 287 1476 mis
319 1440 501 1480 dentibus,
551 1446 584 1473 et
618 1440 779 1472 omnium
811 1440 1012 1473 firmissime
1046 1440 1213 1477 retinent,

221 1504 311 1539 quae
336 1497 419 1525 sunt
442 1490 549 1524 semel
573 1490 666 1523 intra
689 1491 807 1524 fauces
832 1497 984 1535 recepta.
1072 1487 1214 1537 φείδεο]

220 1557 265 1579 ου
281 1544 317 1576 in
336 1555 372 1577 εο
388 1548 564 1575 mutatum
577 1567 585 1581 ,
613 1548 645 1574 et
660 1554 802 1575 rursum
821 1555 858 1576 εο
872 1542 908 1574 in
926 1555 982 1584 ov,
1009 1541 1038 1575 si
1053 1541 1097 1575 sit
1113 1554 1213 1585 opus.

219 1595 282 1628 Est
308 1593 403 1627 enim
428 1594 550 1625 eadem
578 1593 669 1625 ratio
696 1592 930 1633 dissolvendi,
964 1605 1055 1638 quae
1074 1599 1214 1625 contra-

220 1644 341 1679 hendi.

323 1708 355 1729 v.
381 1693 466 1729 605.
499 1694 618 1739 (603.)
667 1691 919 1740 ἡμερόκοιτος]
966 1694 1027 1740 qui
1058 1694 1214 1727 interdiu

220 1747 353 1781 dormit
379 1753 412 1779 et
433 1752 541 1779 noctu
567 1746 791 1785 obambulat,
835 1746 931 1791 quod
962 1745 1056 1779 fures
1088 1745 1213 1778 solent.

220 1799 347 1833 suidas
364 1797 495 1842 piscem
513 1803 547 1829 et
564 1797 677 1830 furem
695 1796 891 1840 significare
909 1796 957 1828 ait
973 1795 1031 1841 ⁷⁰).

322 1862 355 1881 v.
375 1848 458 1882 606.
478 1847 597 1892 (604.)
625 1844 775 1894 Χόρτον
789 1845 825 1881 δ’
844 1845 1032 1892 ἐςκομίσαι
1047 1845 1109 1880 καὶ
1125 1858 1214 1893 συρ-

220 1898 334 1948 φετὸν
344 1897 417 1946 ⁷¹)]
446 1900 552 1944 Quod
571 1901 614 1931 de
632 1910 717 1932 cane
733 1898 840 1938 dixit,
864 1898 956 1931 idem
976 1899 1019 1930 de
1044 1898 1157 1930 bobus
1181 1902 1214 1930 et

221 1952 326 1985 mulis
342 1950 490 1993 intelligi
513 1950 627 1983 debet.
688 1950 811 1994 Neque
837 1949 931 1982 enim
958 1949 1126 1982 convenit
1151 1960 1212 1992 pa-

220 2016 300 2036 rum
324 2002 506 2035 liberalem
536 2013 607 2034 esse
635 2013 715 2044 erga
743 2013 821 2039 eos,
857 2012 1010 2045 quorum
1039 2012 1146 2043 opera
1176 1999 1212 2031 in

221 2053 419 2097 colligendo
440 2052 535 2084 victu
558 2052 751 2096 plurimum
776 2051 822 2084 sis
845 2064 938 2085 usus.
998 2051 1124 2083 Monet
1149 2050 1213 2082 ita·

222 2117 290 2150 que
307 2104 482 2138 Hesiodus
502 2103 537 2135 in
555 2115 712 2135 annuum
730 2102 859 2135 victum
880 2102 999 2146 paleas
1016 2108 1046 2135 et
1065 2102 1209 2135 foenum

253 2229 300 2260 67)
322 2227 387 2258 ΘῆτῚ
409 2227 516 2258 ἄοικον]
544 2229 585 2252 sic
614 2229 697 2254 Editt,
719 2228 907 2252 1532-1591.
934 2228 961 2250 in
987 2230 1060 2250 textu
1087 2230 1113 2251 et
1137 2234 1213 2251 com—

290 2267 371 2287 ment.
392 2266 419 2286 et
435 2265 483 2288 Ed.
506 2264 579 2287 1601.
600 2264 625 2286 in
646 2269 758 2291 comm.;
782 2262 865 2286 Editt.
886 2261 974 2290 1623..
997 2262 1070 2286 1662.
1091 2261 1116 2285 in
1136 2264 1211 2285 textu

288 2300 315 2321 et
335 2304 428 2323 comm.
447 2302 473 2321 et
492 2299 541 2321 Ed.
563 2298 635 2321 1601.
655 2299 681 2321 in
701 2299 779 2320 textu
799 2296 873 2326 Θῆτα
893 2294 1007 2325 domem
1043 2296 1127 2321 Editt.
1147 2296 1212 2319 illae

289 2334 305 2355 4
325 2330 529 2362 recentt.3f1,}1c
550 2329 573 2355 τ’
595 2330 699 2355 ἄοικοι.

254 2383 302 2415 68)
323 2385 465 2412 observet]
486 2384 527 2407 sic
546 2385 628 2408 Editt.
652 2385 743 2408 1541.

290 2418 478 2443 Editt.1532.,
502 2420 688 2442 1564-1591

254 2468 302 2499 69)
324 2469 362 2491 De
381 2470 428 2492 hoe
448 2470 593 2498 proverbio
612 2471 684 2494 conf.
705 2469 815 2492 Erasini
834 2468 919 2495 Adae:

290 2509 367 2533 prov.
381 2503 423 2528 71.
446 2506 473 2526 et
491 2504 552 2527 chit.
568 2504 614 2528 IV.
635 2507 704 2527 cent.
720 2504 766 2526 lv.
786 2508 862 2533 prov.
874 2503 916 2526 54.

765 2382 855 2411 1557.,

731 2400 872 2442 observat.

883 2381 972 2412 ¹562.‚
1001 2381 1062 2404 1601
1076 2393 1105 2398 -
1118 2381 1191 2406 1662.
1204 2389 1211 2412 3

940 2467 999 2490 chit.
1015 2467 1058 2490 ΙΙΙ.
1078 2469 1148 2490 cent.
1165 2467 1210 2491 111.

254 2554 302 2593 70)
323 2553 421 2577 suidas
447 2562 468 2576 s.
490 2555 513 2577 Ιι,
534 2561 559 2577 v.
587 2555 702 2577 alteram
726 2555 831 2577 tantum
856 2552 936 2576 affert
966 2551 1210 2582 significationem:

289 2596 303 2611 ο
322 2595 443 2617 κιεπτης.

255 2639 302 2671 71)
324 2636 480 2671 συρφετὸν]
511 2638 550 2662 sic
574 2639 656 2664 Editt.
679 2638 746 2662 1569
761 2651 794 2655 —
810 2639 885 2662 1662.
917 2640 943 2661 et
968 2638 1050 2662 Editt.
1079 2638 1211 2665 recentt.;

291 2674 373 2697 Editt.
389 2674 581 2699 1532-1564,
601 2671 749 2705 cv‘pzpzdv.

791 84 913 120 PHIL.
945 84 1059 120 MEL.
1093 83 1294 120 SCRIPTA
1330 84 1668 121 PHILOLOGICA.

2175 88 2250 124 248

1263 171 1478 215 comportari
1507 171 1627 203 deberi
1644 171 1708 216 ⁷²),
1753 172 1880 217 quibus
1909 171 1976 206 hoc
2002 184 2144 218 quoque
2171 174 2252 207 sub-

1264 221 1415 259 indicat,
1452 222 1644 265 agricolam
1667 234 1740 255 non
1765 230 1929 267 oportere
1954 223 2150 257 studiosum
2179 235 2252 257 esse

1263 278 1401 305 tantum
1421 272 1610 311 frumenti,
1639 274 1699 306 sed
1718 274 1824 306 etiam
1844 275 1993 308 aliarum
2012 286 2131 308 rerum
2151 274 2253 307 vilio-

1263 335 1361 360 rum;
1389 324 1461 355 sere
1477 323 1513 355 sit
1529 323 1642 362 enim,
1670 330 1709 357 ut
1718 323 1775 369 ⁷³),
1803 325 1863 369 qui
1879 337 1933 358 res
1952 327 1987 358 in
2006 325 2155 370 speciem
2174 325 2254 358 nul-

1264 374 1331 406 lius
1348 373 1451 417 pretii
1477 373 1649 416 negligat,
1685 381 1719 407 et
1743 376 1798 408 r'es
1824 376 1970 410 maioris
1995 376 2098 420 pretii
2125 375 2254 409 sensim

1265 424 1412 467 incipiat
1445 424 1602 457 fastidire
1629 431 1663 458 et
1688 425 1861 460 amittere.
1928 426 1973 459 Et
1999 433 2104 461 notus
2128 433 2179 460 est
2204 438 2256 460 se·

1262 486 1402 508 narius:

1308 530 1410 570 Εἶῑμὴ
1435 529 1596 572 ᾳυλᾶσσῃς
1618 531 1657 562 τὰ
1680 530 1779 572 μίκρ’,
1807 531 1932 569 ἀπολεῖς
1953 532 1993 564 τὰ
2015 533 2149 572 μείζονα.

1367 597 1399 617 x.
1419 583 1504 617 608.
1529 584 1649 629 (606.)
1677 586 1817 629 Διιῶας
1838 583 2027 632 ἇναψύξαι
2054 584 2144 633 φίλα
2166 581 2257 634 γού-

1266 632 1379 682 vata]
1407 634 1623 668 Feri-indum
1644 647 1716 669 esse
1742 647 1760 668 a
1784 636 1906 670 labore
1929 649 2003 669 non
2029 643 2167 670 tantum
2193 634 2259 669 ho-

1266 685 1376 725 mini,
1407 698 1530 719 xerum
1551 685 1656 718 etiam
1682 687 1814 730 pecori.
1882 687 1972 720 Sunt
1993 688 2087 721 enim
2104 699 2258 732 recupe-

1266 738 1399 769 randae
1416 736 1526 775 vires,
1557 736 1690 782 alioqui
1714 749 1819 769 nemo
1846 744 1920 770 tam
1943 739 2078 772 ferreus
2099 751 2172 772 esse
2194 750 2260 782 po-

1268 787 1367 827 terit,
1408 787 1468 832 qui
1500 788 1675 821 sufficeret
1707 789 1885 822 continuis
1916 789 2119 829 laboribus,
2162 790 2259 823 iuxta

1268 838 1355 871 illud
1375 838 1528 872 Nasonis
1538 838 1602 885 ⁷⁴):

1311 897 1397 930 Quod
1420 904 1499 926 caret
1521 898 1637 926 alterna
1659 899 1779 936 requie,
1812 898 1945 927 durabile
1968 908 2026 926 non
2051 903 2112 927 est:

1352 948 1432 975 Haec
1454 953 1571 986 reparat
1594 948 1690 985 vires,
1719 947 1856 986 fessaque
1878 949 2008 977 membra
2029 949 2108 976 levat
2117 945 2175 987 7ὅ).

1267 996 1312 1030 Et
1330 1010 1449 1030 sacrae
1465 998 1603 1031 litterae
1621 998 1847 1043 praecipiunt
1862 999 1968 1033 ferias
1987 1012 2059 1033 esse
2078 996 2260 1033 habendas

1268 1060 1287 1080 a
1304 1048 1446 1087 labore,
1475 1061 1562 1093 quas
1581 1050 1641 1094 qui
1658 1050 1877 1093 negligerent
1902 1050 2052 1083 avaritia
2080 1049 2260 1093 exagitati,

1267 1098 1433 1142 indignos
1453 1111 1526 1132 esse
1540 1101 1787 1133 benedictione
1804 1100 1883 1134 Dei.
1935 1101 1981 1134 Et
2002 1113 2067 1134 nos
2091 1101 2261 1135 docemur

1267 1149 1482 1193 experientia
1493 1147 1589 1184 haud
1602 1157 1731 1183 temere
1744 1154 1787 1184 ad
1802 1153 1910 1185 ullam
1924 1153 2061 1195 frugem
2079 1151 2261 1196 adspirare

1267 1212 1347 1239 eos,
1389 1200 1450 1245 qui
1484 1201 1521 1233 in
1552 1202 1834 1245 praescribendis
1857 1203 2039 1236 laboribus
2066 1203 2261 1236 admodum

1266 1257 1348 1284 sunt
1373 1251 1554 1292 liberales,
1598 1259 1631 1285 et
1655 1252 1691 1285 in
1715 1255 1943 1297 supputando
1970 1253 2067 1286 victu
2089 1259 2123 1286 et
2146 1253 2221 1286 otio
2241 1266 2261 1286 a

1266 1303 1388 1335 labore
1399 1301 1444 1348 ⁷⁶)
1464 1302 1542 1346 plus
1567 1315 1681 1347 aequo
1708 1310 1860 1338 tenaces.
1937 1301 2145 1350 ἀναψῦξαι]
2171 1303 2263 1337 scili-

1267 1359 1321 1386 cet
1346 1353 1419 1392 fac,
1454 1359 1515 1386 aut
1539 1360 1578 1386 ut
1602 1355 1646 1386 sit
1668 1354 1864 1388 infinitivus
1882 1366 1948 1398 pro
1964 1355 2180 1395 indicativo,
2207 1366 2261 1388 re-

1267 1405 1329 1437 fice
1341 1430 1350 1443 ,
1378 1415 1496 1436 recrea
1511 1405 1675 1438 famulos.
1716 1405 1761 1438 Et
1779 1405 1860 1450 quia
1879 1417 1992 1448 genua
2010 1405 2108 1439 fessis
2125 1405 2260 1446 labant,

1268 1461 1302 1487 et
1316 1455 1478 1497 fatigatio
1494 1454 1647 1488 maxime
1665 1455 1702 1487 in
1719 1454 1773 1489 his
1789 1455 1958 1496 sentitur,
1992 1456 2072 1488 ideo
2096 1455 2186 1489 dixit
2209 1456 2260 1488 fa-

1266 1505 1372 1539 mulis
1390 1503 1495 1538 chara
1513 1517 1624 1549 genna
1643 1518 1715 1539 esse
1732 1506 1933 1540 reficienda.

1370 1569 1403 1590 v.
1428 1555 1513 1590 609.
1545 1556 1665 1602 (607.)
1701 1553 1793 1592 Efiz'
1815 1557 1861 1604 77)
1896 1554 1943 1591 ἄν
1973 1554 2009 1592 (5³
2028 1553 2168 1603 Ὠρίων
2197 1554 2261 1590 καὶ

1267 1604 1430 1653 Σείριος]
1458 1607 1696 1652 Posteaquam
1718 1608 1843 1640 ordine
1864 1607 2050 1652 descripsit
2070 1607 2156 1640 anni
2179 1618 2262 1651 par-

1267 1665 1339 1698 tes,
1379 1665 1413 1691 et
1439 1658 1524 1703 quid
1551 1658 1698 1702 singulis
1721 1659 1798 1692 fieri
1821 1659 1965 1699 debeat,
2001 1670 2097 1691 nunc
2120 1657 2262 1691 subiicit

1268 1716 1373 1753 caput
1393 1710 1435 1742 de
1460 1715 1633 1742 autumno
1657 1716 1692 1742 et
1713 1710 1905 1742 vindemia.
1964 1709 2069 1743 Hunc
2095 1709 2259 1741 ordinem

1269 1760 1466 1793 Columella
1486 1760 1645 1793 imitatus
1662 1766 1713 1794 est
1728 1767 1762 1793 et
1778 1760 1916 1793 Plinius
1934 1760 2142 1805 aliquando.
2177 1758 2260 1792 Ori-

1267 1817 1325 1844 tur
1346 1811 1519 1845 Arcturus
1542 1823 1647 1844 Inane
1671 1824 1749 1844 cum
1770 1811 1878 1843 Libra
1904 1823 2024 1844 mense
2046 1809 2261 1854 Septembri,

1269 1874 1340 1907 quo
1360 1869 1522 1906 tempore
1540 1874 1645 1894 mane
1662 1862 1780 1894 medio
1798 1861 1896 1894 coelo
1911 1867 1993 1895 sunt
2010 1860 2125 1894 Orion
2143 1866 2177 1893 et
2194 1860 2260 1893 Ca-

1268 1913 1322 1946 nis
1339 1926 1412 1946 non
1429 1913 1553 1957 procul
1574 1913 1618 1945 ab
1643 1925 1788 1952 occasu,
1824 1919 1898 1945 tum
1927 1919 1978 1945 est
2002 1911 2183 1945 vindemia
2208 1911 2260 1943 fa-

1268 1964 1403 1998 cienda.
1456 1964 1563 1997 Addit
1580 1964 1852 2008 descriptionem
1873 1963 1999 1996 factitii
2015 1963 2110 2003 vini,
2135 1962 2173 1995 in
2189 1973 2259 2007 qua

1267 2016 1443 2048 rationem
1478 2015 1631 2048 faciendi
1668 2027 1755 2048 uvas
1789 2027 1908 2059 passas
1951 2014 2154 2058 complexus
2196 2018 2259 2046 est.

1267 2067 1356 2099 Vide
1372 2066 1528 2099 Plinium
1540 2066 1586 2112 ⁷⁸)
1605 2072 1638 2099 et
1656 2065 1889 2099 Columellam
1902 2065 1959 2110 79).
1999 2065 2168 2110 Coquunt
2185 2062 2259 2108 pri-

1302 2172 1349 2204 72)
1370 2171 1546 2230 deberSJbsic
1565 2176 1660 2195 omnes
1676 2170 1740 2194 illae
1751 2169 1835 2194 Editt.
1855 2170 1969 2199 excepta
1979 2169 2028 2195 Ed.
2043 2169 2116 2193 1541.
2129 2170 2170 2200 3.,
2189 2173 2258 2199 quae

1333 2209 1430 2232 habet:
1474 2213 1487 2230 e
1508 2206 1556 2230 eri.

1300 2259 1348 2290 73)
1367 2258 1409 2289 ut]
1429 2258 1456 2281 iu
1475 2257 1525 2282 Ed.
1547 2255 1620 2280 1532.
1641 2255 1728 2279 deest.

1301 2310 1348 2342 74)
1369 2310 1448 2336 Ovsd.
1469 2309 1580 2335 nei-oid,
1601 2315 1640 2338 ep.
1661 2308 1710 2337 lv,
1729 2307 1770 2331 89.
1793 2306 1834 2330 90.

1300 2362 1348 2393 75)
1369 2363 1458 2391 levat]
1478 2361 1518 2385 sie
1537 2361 1602 2384 illae
1619 2359 1719 2389 Edam
1745 2358 1822 2383 Ovid.
1844 2359 1891 2382 Ed.
1911 2358 2032 2388 Bipont.:
2060 2360 2153 2382 novat.

1298 2415 1347 2441 76)
1366 2420 1383 2437 a
1401 2414 1512 2441 labore]
1538 2411 1579 2435 sic
1597 2411 1681 2434 Editt.
1704 2410 1794 2439 ¹532„
1821 2411 1895 2433 1511.
1915 2411 1961 2438 Β.,
1988 2409 2195 2440 1562-1591.;
2227 2409 2255 2433 in

1334 2448 1416 2472 Edttt.
1437 2448 1511 2471 1541.
1525 2446 1555 2469 F.
1565 2445 1682 2476 ,1557.,
1711 2445 1898 2468 leot-1662.
1919 2445 2025 2469 desunt.

1298 2500 1345 2531 77)
1363 2493 1452 2528 ΕὖτἺ
1480 2499 1528 2522 Ed.
1549 2497 1623 2522 1557.
1653 2497 1679 2519 ἰιι
1710 2498 1786 2520 textu
1811 2499 1839 2520 et
1863 2498 2023 2527 comment,
2061 2495 2144 2519 Editt.
2161 2495 2254 2535 1562.,

1335 2534 1522 2565 1569.,1581.
1533 2549 1540 2563 ,
1562 2532 1635 2556 1591.
1656 2531 1682 2554 in
1703 2534 1796 2561 textu,
1821 2531 1870 2555 Ed.
1886 2531 1960 2554 1564.
1979 2530 2005 2553 in
2025 2535 2120 2554 comm.
2140 2537 2169 2554 ευ
2190 2526 2228 2555 τ’.

1298 2587 1346 2615 78)
1365 2586 1434 2609 Ptin.
1458 2586 1519 2609 Nat.
1544 2584 1615 2607 Hist.
1640 2583 1741 2607 xxm.
1766 2589 1788 2608 c.
1804 2583 1842 2606 12.
1872 2583 1920 2606 Ed.
1948 2582 2049 2606 Franz.
2078 2581 2114 2612 (c.
2131 2582 2154 2606 1.
2177 2582 2252 2605 anti-

1333 2621 1419 2651 quior.
1437 2617 1547 2649 Emit).

1297 2673 1344 2700 79]
1363 2673 1466 2697 cotum.
1487 2671 1547 2695 ΧΠ.
1570 2670 1609 2693 16.
