2373 2980
202 96 276 131 205

202 181 286 214 Item
307 179 400 223 quod
421 177 467 209 ait
485 175 657 208 Hesiodus
677 180 804 205 terram
823 173 916 205 ultro
931 173 1084 205 fructum
1108 184 1189 216 pro-

202 232 338 264 duxisse
372 228 571 270 copiosum,
615 224 649 255 1'1l
679 235 821 268 quoque
847 224 1006 267 pluribus
1032 224 1190 257 versibus

202 279 428 325 amplitieaxit
445 276 594 310 Ovidius
605 274 650 318 7‘·')
669 287 710 306 cx
728 275 1016 308 circumstantiis:

244 342 308 378 lpsa
332 346 447 375 quoque
470 334 621 369 immunis,
652 339 805 371 rastroque
828 334 951 370 intacta,
980 342 1035 361 nec
1058 333 1125 361 ullis

242 391 343 419 Saucia
367 386 528 415 vomeribus
553 394 607 423 per
630 394 662 412 se
688 385 774 413 dabat
797 385 892 412 omnia
916 385 1013 412 tellus.

199 436 449 486 ἐκκορυφώσω
460 435 534 483 ⁷³)]
558 436 709 479 Ele-gans
728 434 935 480 metaphora
955 442 1005 468 est
1024 436 1059 467 in
1079 435 1186 467 verbo

199 486 449 536 ἐκκορυφώσω
466 488 530 532 7'²);
567 487 739 529 siguificat
767 487 860 520 enim
885 484 1063 532 κορυφόω
1087 498 1187 518 accu-

198 544 314 579 mul0,
342 535 559 584 ἑκκορυφόω
576 545 744 583 tanquam
774 551 790 570 a
814 549 954 571 summo
979 537 1107 570 vertice
1133 549 1186 569 re-

196 601 298 640 peto,
325 592 416 624 oben
437 588 611 622 anlieben.

299 656 331 676 v.
349 639 434 676 115.
462 639 630 685 θαλίῃσι]
657 639 799 685 ἑορταῖς
817 645 1010 683 exponunt.
1052 638 1187 670 Vocant

196 690 573 730 e11i1111911).1'agsaeras
599 691 739 735 epulas,
767 689 840 725 ἀπὸ
859 693 925 724 τοῦ
951 687 1124 732 θάλλειν,
1151 688 1184 720 id

196 754 267 783 est,
303 745 440 777 florei-0.
502 741 565 775 Est
590 749 708 774 autem
734 753 806 774 non
824 741 968 783 vulgare
986 740 1185 784 tranquilli-

195 798 276 831 tatis
294 803 326 828 ct
346 794 440 839 pacis
464 792 687 832 encomium,
723 793 819 838 quod
845 792 929 824 dicit
954 791 989 823 in
1014 790 1185 823 conviviis

194 850 385 882 delectatos
402 844 505 877 fuisse
529 844 603 877 sine
627 844 792 877 omnibus
818 843 941 881 malis,
975 848 1008 875 et
1030 840 1185 875 suaviter

195 899 360 933 omnibus
377 895 585 928 convixisse.

296 962 327 982 v.
349 949 431 982 122.
455 946 575 990 (121.)
609 943 673 978 Tol
691 942 760 989 μὲν
785 942 961 987 δαίμονές
984 944 1051 977 εἶσι
1077 940 1183 988 Διὸς]

192 1001 347 1046 Quidam
381 999 503 1030 dicunt
528 996 723 1028 Homerum
757 995 805 1027 ita
827 994 943 1027 Deum
966 995 1118 1033 sactum,
1152 1000 1185 1025 et

192 1053 253 1085 diu
271 1056 447 1083 versatum
467 1047 571 1080 fuisse
597 1045 689 1078 inter
712 1044 887 1078 homines.
949 1044 995 1077 Et
1017 1050 1110 1076 recte
1128 1043 1184 1076 Ci-

191 1115 271 1137 cero
287 1105 322 1137 2.
340 1102 382 1133 de
394 1098 546 1142 Legibus
563 1097 654 1130 libro
674 1095 886 1141 scripsit⁷⁵):
915 1095 1002 1128 Cum
1022 1093 1182 1126 omnium

193 1153 303 1188 animi
322 1152 393 1185 sint
410 1149 649 1187 immortales,
680 1154 754 1180 tum
775 1147 920 1179 sortium
940 1157 979 1178 ac
1002 1146 1182 1177 bonorum

194 1218 265 1239 esse
284 1203 437 1236 dixinos.

296 1267 328 1287 v.
347 1253 431 1286 137.
461 1251 581 1297 (136.)
611 1246 667 1288 Ἦ.
691 1247 798 1293 θέμις
831 1243 1067 1293 ἀνθρώποισι
1096 1244 1181 1280 κατ’

190 1304 306 1352 ἤθεα]
334 1303 454 1336 Veluti
474 1303 569 1335 dicat
587 1301 682 1335 iuxta
701 1299 951 1344 proverbium:
985 1294 1100 1342 νόμος
1122 1294 1183 1330 καὶ

186 1354 293 1402 χώρα
303 1355 369 1401 ⁷⁶),
394 1354 470 1394 vel,
498 1354 587 1387 sicut
603 1357 810 1385 consuetum
829 1356 880 1384 est
896 1348 1054 1393 singulis.
1093 1347 1184 1380 Sunt

189 1408 283 1442 enim
303 1406 365 1439 alii
379 1406 531 1438 aliarum
548 1403 707 1448 gentium
726 1414 856 1435 mores.
902 1400 947 1433 Et
962 1399 1082 1444 ἤθεα,
1108 1410 1183 1431 non

189 1471 308 1492 mores
325 1463 484 1496 tantum,
507 1447 567 1488 sed
586 1455 663 1487 loca
680 1453 785 1486 etiam
798 1479 807 1493 ,
834 1452 871 1484 in
891 1451 1018 1496 quibus
1036 1461 1182 1482 consue-

190 1510 324 1547 vimus,
352 1507 544 1551 significat,
569 1512 609 1538 ut
624 1504 719 1548 apud
735 1503 932 1535 Homerum
956 1501 993 1534 in
1015 1501 1084 1533 fine
1103 1499 1181 1532 Ilia-

189 1562 253 1593 dos
278 1557 309 1601 ζ
320 1558 366 1605 ⁷⁷)
400 1564 433 1590 et
455 1556 585 1590 Iliados
608 1555 708 1601 1.⁷⁸),
748 1553 810 1587 ubi
833 1555 875 1586 de
899 1564 987 1597 apro
1012 1551 1182 1597 loquitur.

189 1607 213 1656 ᾗ
228 1609 401 1655 particula
423 1608 537 1652 posita
556 1613 606 1640 est
621 1604 706 1641 ἀντὶ
722 1607 790 1640 τοῦ
807 1601 948 1643 καθώς.

292 1674 324 1694 v.
343 1660 426 1693 138.
454 1658 575 1705 (137.)
610 1654 704 1696 Ζεὺς
728 1653 912 1701 Κρονίδης
935 1654 1072 1700 ἔκρυψε
1095 1650 1179 1699 οἱα]

189 1712 371 1756 Significat
402 1717 548 1754 propter
581 1708 799 1752 impietatem
825 1713 859 1739 et
880 1706 1074 1749 neglectam
1100 1703 1181 1736 reli-

189 1764 330 1807 gionem
348 1767 510 1795 mortuos
527 1772 611 1794 esse.
646 1758 691 1791 Et
709 1757 839 1791 securis
856 1755 1061 1789 hominibus
1077 1755 1181 1787 timo-

188 1827 263 1847 rem
292 1814 448 1845 incutere
472 1812 594 1850 debet,
637 1810 733 1854 quod
763 1820 903 1852 semper
927 1819 1050 1851 graves
1077 1807 1180 1839 dede-

189 1864 316 1909 rint79)
336 1876 468 1907 poenas
484 1861 696 1906 impietatis,
725 1859 784 1905 qui
808 1871 882 1891 non
905 1859 1019 1891 solum
1047 1857 1178 1889 irreve-

188 1922 307 1949 renter
322 1916 363 1947 de
384 1914 460 1946 Deo
479 1918 683 1951 senserunt,
712 1922 834 1943 verum
853 1908 958 1942 etiam
978 1908 1097 1941 debito
1116 1905 1179 1941 ho-

187 1979 274 2000 nore
292 1966 560 1998 defraudarunt.

291 2030 324 2050 V.
345 2014 429 2050 145.
456 2014 575 2061 (144.)
599 2012 659 2048 Ἐκ
679 2009 842 2059 μελιᾶν]
869 2010 989 2054 Fingit
1011 2015 1114 2043 natos
1139 2020 1180 2042 ex

190 2068 397 2107 arboribus,
421 2073 460 2100 ut
477 2066 648 2109 significet
664 2063 829 2097 duritiem
851 2069 884 2095 et
905 2062 1081 2095 feritatem
1105 2059 1180 2093 ani-

223 2192 271 2224 72)
292 2192 370 2217 Ovid.
389 2191 497 2214 Metam.
517 2190 539 2218 1,
561 2188 618 2212 101.
639 2187 697 2211 102.

222 2241 270 2271 73)
291 2242 365 2264 lianc
385 2241 448 2263 lies.
469 2244 565 2261 vocem
584 2237 644 2260 hnic
662 2236 765 2259 scholio
787 2236 844 2265 ipse
863 2236 985 2265 praefixi.

225 2293 270 2322 74)
291 2288 493 2322 ἕκκορνιμύσω]
512 2288 698 2314 Edi11.1532..
720 2288 810 2312 1541..
834 2287 905 2310 1562.
926 2287 951 2309 in
971 2287 1020 2310 hoc
1038 2288 1179 2310 comment.

258 2327 342 2349 male:
368 2321 557 2356 Kaexopvrfdffw.

223 2377 271 2404 75)
290 2375 344 2399 Cic.
364 2375 396 2397 de
414 2375 497 2404 chg.
517 2374 551 2401 ll,
575 2374 616 2403 11,
635 2372 676 2396 27.

225 2426 272 2453 76)
293 2425 360 2448 Huic
382 2423 529 2452 respondet
555 2424 678 2445 nostrum
704 2421 892 2451 proverbium:
924 2419 1052 2451 anblicb,
1084 2420 1178 2451 [ι’ῐιῐίώ,

261 2459 339 2483 Cont'.
360 2457 465 2481 [ἐι-1151111
484 2457 571 2481 Adae.
597 2456 656 2480 chit.
673 2457 718 2480 lV.
747 2457 818 2479 cent.
835 2455 880 2479 111.
907 2461 982 2484 prov.
997 2455 1054 2478 25.:
1086 2456 1178 2479 Mores

261 2492 393 2516 hominum
413 2491 519 2520 regioni
537 2490 712 2520 respondent.

224 2544 272 2571 77)
293 2544 369 2567 nom.
386 2543 416 2567 11.
440 2542 488 2571 vi,
506 2541 567 2566 511.

224 2595 272 2620 751
291 2594 393 2617 inados
412 2594 444 2621 1.]
464 2592 511 2615 Ed.
530 2593 604 2615 1601.
625 2592 725 2616 nimios
748 2593 770 2617 1.

223 2644 270 2670 79}
290 2643 429 2671 dederint]
448 2642 488 2665 sic
507 2642 591 2667 Editt.
605 2643 689 2670 ¹532..
712 2643 784 2667 1511.
801 2643 845 2671 13.,
867 2641 1074 2670 1562-1591.;
1096 2640 1178 2665 Editt.

262 2678 334 2701 1541.
350 2678 379 2701 F.
390 2693 397 2707 ‚
419 2677 492 2701 1557.
504 2693 511 2707 ,
532 2676 722 2701 1601-1662,
740 2677 880 2701 dederunt.

777 87 896 121 PHIL.
932 85 1043 120 MEL.
1080 84 1281 119 SCRIPTA
1316 86 1652 123 PHILOLOGICA.

2157 94 2234 129 204

1244 185 1385 206 morum
1398 199 1407 213 ,
1434 173 1515 218 quia
1532 174 1671 207 soboles
1688 173 1846 207 imitatur
1859 181 2023 208 naturam
2041 188 2164 210 eornm
2176 203 2185 216 ,
2211 190 2232 212 a

1244 224 1371 268 quibus
1390 231 1571 267 procreata
1592 230 1661 263 est,
1689 231 1728 257 ut
1745 224 1913 269 Virgilius
1933 227 2155 273 iest;11111·⁹⁰):

1284 285 1332 312 Sic
1353 284 1468 312 canibus
1492 285 1600 312 catulos
1623 285 1749 321 similes,
1777 285 1817 313 sic
1840 287 1978 314 matribus
1987 284 2035 326 ⁸¹)
2059 287 2180 319 hoedos.

1242 334 1324 368 Ideo
1350 342 1383 367 et
1406 335 1518 372 Dido,
1553 348 1632 368 cum
1651 336 1791 368 Aeneae
1817 336 2075 371 immanitatem
2101 340 2232 373 tribue-

1242 392 1314 426 ret,
1341 392 1445 429 negat
1465 398 1482 417 a
1501 386 1578 419 Diis
1596 392 1713 419 ortum
1732 399 1824 426 esse,
1852 389 1911 420 sed
1931 389 2054 435 ait⁸²):

1370 445 1456 472 Duris
1478 445 1579 481 genuit
1603 450 1632 472 te
1655 444 1683 471 in
1707 446 1837 473 cautibus
1847 445 1916 484 82ὒ)
1940 447 2061 475 horrens

1284 496 1445 530 Caucasus,
1468 496 1680 533 Hyrcanaeque
1703 491 1858 525 admorunt
1882 499 1971 526 ubera
1995 499 2093 536 tigres·

1343 558 1376 579 v.
1415 545 1498 579 146.
1535 545 1617 579 147.
1660 545 1751 591 (145
1783 549 1852 594 sq.)
1915 547 2018 584 Οὐὸἑ
2053 562 2089 583 τι
2127 550 2232 584 σῖτον

1240 594 1455 643 ήῗσθιον53)]
1484 596 1565 630 Non
1589 598 1738 631 ederunt
1761 599 2000 640 frumentum,
2041 600 2102 633 sed
2124 599 2233 644 primi

1240 648 1390 689 pecudes
1407 647 1600 687 laniarunt,
1623 655 1654 680 et
1674 661 1779 681 carne
1796 650 1885 683 vesci
1904 657 2109 694 coeperunt,
2137 651 2232 696 quud

1240 703 1343 730 antea
1361 710 1528 741 magnum
1546 699 1643 732 nefas
1660 705 1709 732 est
1735 700 1920 734 creditum.
1983 701 2039 734 Sic
2065 701 2159 734 enim
2187 702 2230 735 de

1240 748 1329 781 bove
1348 755 1488 781 aratore
1510 749 1559 781 ait
1574 749 1690 781 Varro
1700 750 1764 797 ὃ’*);
1793 751 1848 783 Ab
1865 749 1931 784 lioc
1949 752 2088 797 antiqui
2104 764 2232 786 manus

1240 798 1286 830 ita
1313 800 1481 832 abstineri
1510 800 1718 840 voluerunt,
1753 807 1791 834 ut
1816 802 1929 846 capite
1946 802 2232 849 sancierintffia),

1238 849 1266 882 si
1286 850 1364 895 quis
1382 851 1576 884 occidisset.
1628 851 1673 883 Et
1690 853 1783 896 apud
1802 852 1998 886 Homerum
2011 880 2020 892 ,
2048 866 2126 886 cum
2145 853 2234 887 socii

1240 900 1374 945 Ulyssis
1389 902 1496 934 boves
1512 901 1603 935 Solis
1619 909 1789 936 mactasse
1805 903 1971 937 dicuntur
1980 903 2026 949 s⁶)
2038 931 2047 944 ‚
2081 904 2233 949 intelligi

1239 952 1368 984 debent
1383 953 1491 986 boves
1507 959 1678 992 aratores,
1706 966 1795 998 quos
1809 954 1944 987 violare
1961 955 2126 999 impietas
2143 961 2232 990 erat.

1342 1016 1374 1036 v.
1393 1002 1477 1037 147.
1503 1002 1623 1050 (146.)
1653 1003 1735 1038 ἀλλ’
1759 1002 1975 1049 ἀδάμαντος
1999 1003 2118 1053 exon]
2148 1005 2231 1039 Pul-

1238 1051 1321 1085 chra
1353 1054 1543 1098 descriptio
1576 1055 1705 1088 sirium
1730 1056 1890 1099 corporis
1926 1062 1996 1095 est,
2029 1062 2063 1089 et
2088 1057 2232 1090 volebat

1237 1103 1433 1146 significare
1458 1105 1656 1138 mirabilem
1680 1106 1845 1139 duritiem
1870 1106 1906 1139 in
1932 1107 2073 1139 illorum
2102 1107 2231 1140 animis

1236 1155 1362 1193 fuisse,
1390 1156 1486 1199 qnod
1513 1167 1531 1187 a
1561 1155 1722 1189 civilibus
1747 1157 1951 1197 discordiis,
1984 1170 2076 1203 quae
2100 1158 2231 1191 floren·

1237 1205 1389 1238 tissimas
1411 1205 1627 1248 respublicas
1652 1213 1809 1239 evertere
1833 1208 1968 1247 solent,
2003 1208 2131 1251 impias
2155 1221 2231 1242 ma-

1236 1268 1303 1289 nus
1321 1267 1394 1288 non
1413 1253 1650 1290 cohibuerint.

1339 1318 1372 1340 v,
1390 1305 1475 1341 156.
1502 1305 1622 1353 (155.)
1656 1305 1788 1352 Αὐτὰρ
1811 1305 1885 1342 ἐπεὶ
1907 1305 1969 1342 καὶ
1991 1306 2122 1356 τοῦτο]
2155 1307 2229 1342 Iam

1236 1363 1317 1389 ante
1342 1356 1475 1390 dictum
1498 1365 1549 1391 est
1570 1356 1637 1390 hoc
1662 1359 1810 1391 consilio
1836 1364 1991 1392 aetatum
2011 1359 2230 1395 differentias

1235 1408 1429 1448 recenseri,
1465 1415 1504 1441 ut
1529 1409 1742 1442 describeret
1768 1415 1892 1453 poeta,
1935 1411 2118 1454 quomodo
2143 1410 2230 1444 vitia

1236 1456 1423 1492 hominum
1442 1465 1542 1492 aucta
1561 1460 1643 1494 sint.
1686 1459 1826 1493 Adiecit
1843 1466 1961 1493 antem
1980 1461 2104 1495 tertiae
2121 1461 2231 1494 aetati

1236 1508 1417 1543 heroicam
1448 1516 1622 1551 aetatem,
1664 1513 1808 1556 quando
1835 1511 2023 1551 Hercules,
2050 1510 2163 1546 'lason
2193 1518 2229 1546 et

1236 1561 1296 1594 alii
1320 1561 1549 1604 Argonautae
1573 1562 1756 1602 vixerunt,
1797 1562 1858 1607 qui
1887 1568 2074 1607 propterea
2102 1560 2228 1598 heroes

1235 1618 1269 1645 et
1295 1611 1442 1646 semidei
1467 1612 1695 1653 dicebantur,
1736 1614 1833 1658 quod
1866 1619 2018 1647 naturae
2044 1614 2229 1647 communi

1234 1661 1421 1696 hominum
1455 1661 1621 1696 nonnihil
1651 1664 1892 1708 praestabant.
1952 1663 1998 1697 Et
2020 1665 2228 1700 Aristoteles

1234 1715 1318 1748 scite
1338 1714 1479 1746 vocavit
1496 1712 1675 1747 heroicam
1695 1714 1882 1754 virtutem,
1917 1714 2089 1759 impetum
2115 1728 2227 1761 quen-

1234 1767 1315 1798 dam
1346 1765 1559 1809 peculiarem
1592 1765 1628 1798 in
1658 1763 1823 1805 homine,
1864 1777 1971 1809 supra
1996 1778 2226 1800 communem

1234 1815 1421 1849 hominum
1454 1823 1617 1859 captum,
1659 1816 1750 1848 sicut
1779 1816 1816 1846 in
1839 1815 2010 1847 Cicerone
2034 1815 2151 1848 maior
2172 1816 2226 1849 vis

1233 1866 1373 1899 dicendi
1389 1865 1476 1905 suit,
1502 1878 1609 1910 quam
1628 1865 1751 1909 vulgus
1776 1870 1934 1908 caperet,
1963 1871 1996 1898 et
2019 1865 2055 1897 in
2075 1865 2226 1900 Hectore

1234 1918 1350 1950 maior
1379 1916 1551 1949 fortitudo
1585 1929 1693 1962 quam
1727 1916 1763 1949 in
1797 1915 1976 1961 reliquum
2010 1916 2135 1961 vulgus
2169 1929 2225 1950 ca·

1232 1969 1344 2003 deret.

1335 2032 1369 2053 v.
1395 2019 1479 2054 161.
1510 2017 1630 2064 (160.)
1671 2014 1827 2062 πόλε,1ιός
1848 2030 1887 2051 τε
1909 2015 2041 2065 κακὸς]
2075 2017 2225 2063 Aptissi-

1233 2084 1331 2104 mum
1350 2071 1433 2103 belli
1450 2069 1633 2115 epitheton
1653 2075 1714 2103 est.
1769 2069 1859 2103 Nam
1877 2068 1904 2102 si
1922 2068 2085 2102 Ciceroni
2112 2069 2224 2102 credi-

1233 2135 1324 2161 mus,
1351 2121 1571 2167 iniquissima
1590 2121 1695 2154 etiam
1714 2132 1782 2164 pax
1800 2119 1990 2153 iustissimo
2010 2120 2103 2153 bello
2121 2132 2223 2165 prae·

1232 2167 1377 2206 ferenda
1397 2178 1460 2205 est.

1267 2298 1315 2323 80)
1341 2295 1420 2324 Virg.
1441 2295 1533 2324 Eulog.
1554 2296 1577 2321 1,
1597 2293 1638 2317 23,

1267 2333 1315 2357 δι’)
1335 2329 1483 2357 matribus]
1506 2329 1587 2351 mitt.
1610 2327 1681 2350 1541.
1699 2327 1745 2356 Β..
1773 2326 1845 2350 1562.
1874 2332 1971 2350 errore
1997 2329 2124 2357 typogr.:
2161 2326 2221 2350 frt-

1267 2366 1412 2427 mai-QZ}-
1433 2398 1500 2421 Λευ.
1520 2396 1568 2423 ιν,
1586 2395 1645 2418 366.

1265 2433 1336 2463 32²)
1357 2433 1382 2455 in
1402 2432 1540 2458 cautibus]
1560 2429 1600 2452 sic.
1619 2430 1682 2452 ittae
1702 2427 1802 2455 Editt.;
1836 2428 1913 2457 Virg.
1934 2429 1982 2452 Ed.
1999 2429 2133 2459 Wagner.
2153 2433 2220 2452 cau-

1266 2469 1449 2530 833'233'31011]
1470 2499 1553 2523 udat.
1575 2499 1648 2522 1541.
1666 2498 1713 2527 ru,
1742 2496 1832 2527 1557„
1861 2495 1933 2519 1562.
1961 2495 1988 2519 in
2007 2497 2057 2520 hoc
2076 2497 2219 2521 comment.

1300 2537 1386 2560 mate:
1411 2535 1510 2557 ἴσθιον.

1265 2572 1314 2597 84)
1334 2571 1426 2593 Varro
1445 2569 1478 2591 de
1497 2574 1527 2591 re
1546 2568 1615 2590 rust.
1637 2566 1669 2595 u,
1687 2565 1714 2595 5,
1734 2567 1759 2590 4.
1788 2565 1837 2590 Ed.
1857 2564 2014 2588 schneider.

1265 2606 1336 2631 84⁸)
1355 2603 1519 2631 sancierintj
1540 2602 1580 2624 sic
1600 2601 1664 2624 ittae
1684 2601 1783 2627 Eunt:
1811 2599 1902 2623 Varro
1921 2599 1969 2623 Ed.
1987 2599 2128 2623 Seianam:
2153 2604 2218 2623 su:-

1265 2640 1410 2702 &iciilgiii
1432 2671 1480 2695 od.
1500 2669 1562 2699 ΧΗ,
1580 2667 1632 2693 352
1644 2674 1702 2698 sqq.
