2373 2980
243 109 314 145 691

246 195 343 230 1015
370 198 454 230 Ach.
490 195 692 240 Supplicem
719 200 753 227 te
785 195 943 239 primum
974 196 1025 230 illi
1056 199 1239 243 praebeas,

654 258 698 279 ne
718 246 857 279 occidat
873 247 1002 287 filiam;

294 298 400 342 Quod
418 297 446 330 si
462 296 650 336 restiterit,
675 297 739 329 tibi
756 298 800 330 ad
819 310 874 331 me
892 300 1048 332 eundum
1066 306 1129 334 est.

295 349 329 382 Si
352 348 445 381 enim
464 348 735 393 persuadebitur
758 348 814 388 id,
842 351 938 395 quod
956 351 1028 391 vis,
1056 363 1130 385 non
1148 365 1237 398 opus

663 405 714 433 est
729 411 844 434 meam
864 413 1009 446 operam

294 476 314 489 „
327 450 541 487 Procedere;
569 462 651 482 nam
670 450 744 494 ipsa
762 463 817 485 res
837 452 934 485 salva
954 460 1024 494 est,

295 527 316 538 ,,
327 500 370 533 Et
387 512 450 545 ego
466 499 604 533 habebo
625 501 725 535 illum
745 503 897 536 amicum
910 530 919 543 ,

246 552 342 586 1020
370 551 414 584 Et
431 553 603 586 exercitus
623 565 696 585 non
712 554 868 598 culpabit
882 567 939 587 me
951 582 959 594 ,
988 554 1016 588 si
1032 553 1215 597 negotium

294 603 448 636 llatione
466 604 576 648 magis
594 616 701 649 quam
718 604 851 638 viribus
870 606 1186 642 administravero3

293 653 339 687 Et
353 654 457 688 rebus
474 655 563 688 bene
582 655 763 699 perfectis,
792 668 870 689 cum
889 657 1001 701 gratia
1022 655 1143 689 amicis

298 704 343 737 Et
362 705 426 738 tibi
445 703 531 739 haec
546 713 650 740 erunt
667 708 858 752 tranquilla
878 708 984 740 etiam
1001 707 1076 741 sine
1092 718 1160 740 me.

295 757 380 800 Clyt.
410 756 526 802 Quam
553 758 732 802 sapienter
750 758 884 792 dixisti!
927 759 1074 798 faciam,
1108 763 1148 790 ut
1174 756 1237 790 tibi

653 809 804 842 videtur.

246 856 342 893 1025
369 858 474 903 Quod
493 859 520 893 si
538 859 601 892 ista
624 871 696 891 non
714 860 914 903 perfecero,
943 872 1032 906 quae
1049 859 1150 898 volo,

293 909 364 942 Ubi
384 916 416 942 te
435 909 589 951 videbo?
616 922 686 954 quo
704 923 760 943 me
778 911 945 944 miseram

293 959 347 993 Ire
366 968 525 1004 oportet,
553 968 591 994 ut
611 961 790 993 inveniam
810 968 907 994 tuam
928 973 1073 994 manum
1091 961 1239 994 auxilia-

652 1011 776 1044 tricem
793 1012 921 1045 malis?

294 1062 376 1094 Aeh.
405 1061 479 1096 Nos
500 1068 533 1095 te
552 1063 733 1103 custodes,
767 1063 830 1096 ubi
855 1075 943 1107 opus
967 1069 1037 1103 est,
1074 1064 1239 1097 observa-

650 1114 766 1147 bimus
778 1141 786 1153 ‚

293 1162 346 1197 Ne
365 1163 443 1208 quis
462 1170 494 1196 te
511 1163 630 1197 videat
649 1165 699 1197 ire
717 1171 980 1198 consternatam

244 1214 342 1247 1030
377 1215 447 1247 Per
476 1216 667 1249 exercitum
704 1216 946 1257 Graecorum,
987 1228 1032 1249 ne
1063 1216 1236 1249 familiam
1263 1211 1266 1223 ³

652 1267 807 1313 tuam²⁶)

292 1316 504 1351 Dedecores.
557 1316 650 1350 Nam
670 1318 881 1363 Tyndareus
897 1331 972 1352 non
988 1318 1115 1363 dignus
1132 1325 1201 1359 est,

291 1368 341 1401 Ut
368 1369 462 1401 male
495 1368 629 1402 audiat.
702 1369 785 1403 Fuit
819 1370 913 1403 enim
953 1382 1103 1415 magnus
1144 1370 1238 1403 inter

650 1419 818 1455 Graecos.

294 1471 378 1514 Clyt.
407 1469 464 1503 Sic
481 1476 550 1508 est;
578 1477 616 1503 tu
634 1472 816 1516 praecipe:

291 1520 401 1554 Decet
417 1533 474 1554 me
493 1521 557 1553 tibi
574 1522 731 1556 obedire.

295 1573 362 1611 „Si
383 1578 465 1606 sunt
483 1571 560 1605 Dii:
590 1579 627 1606 tu
641 1599 649 1612 ,
672 1586 752 1607 cum
768 1573 814 1606 sis
831 1572 942 1606 iustus
954 1599 962 1612 ,

242 1623 340 1657 1035
367 1624 500 1665 „Bona
519 1624 764 1669 consequeris;
799 1624 852 1657 sin
870 1623 1007 1663 minus,
1036 1623 1121 1668 quid
1147 1635 1236 1667 opus

651 1682 701 1709 est
717 1674 864 1708 labore?

610 1758 863 1808 [Strophe]

292 1830 388 1863 Cher.
418 1828 542 1874 Qualis
568 1835 645 1862 erat
668 1825 906 1873 hymenaeus,
933 1829 1048 1862 fistula
1075 1834 1236 1862 cantatus

650 1879 783 1924 Libyca

291 1930 336 1963 Et
352 1928 487 1963 cithara
505 1937 648 1963 amante
669 1929 816 1964 choreas
828 1957 838 1970 ,

290 1981 335 2014 Et
353 1981 448 2015 tibiis
468 1982 505 2014 in
522 1982 742 2015 calamorum

292 2032 444 2066 Sonitu?

243 2083 341 2121 1040
369 2084 523 2129 Quando
539 2096 604 2129 per
619 2083 757 2117 Pelium
776 2088 933 2116 montem
952 2078 1121 2126 pulchrae

290 2135 449 2169 Pierides
466 2136 503 2168 in
520 2134 684 2168 convivio
701 2134 861 2167 Deorum

291 2186 488 2231 Vestigium
508 2198 698 2220 aureorum
716 2185 959 2219 sandaliorum

290 2237 330 2271 ln
349 2245 481 2272 terram
498 2238 729 2277 incutientes,

290 2289 474 2323 Venerunt
496 2291 540 2323 ad
557 2289 701 2333 nuptias
717 2286 814 2321 Pelei

244 2340 340 2377 1045
369 2341 564 2381 szentes,
591 2339 725 2373 Thetin
745 2350 824 2372 can-

290 2400 330 2426 tu
350 2399 382 2426 et
399 2392 564 2431 Pelorum,

291 2443 330 2478 ln
347 2444 528 2477 montibus
546 2442 808 2476 Centaurorum
827 2441 1010 2472 cantantes

290 2494 331 2528 In
349 2495 446 2540 sylva
467 2494 620 2527 Peliaca.

290 2546 514 2580 Dardanides
534 2557 638 2585 vero,
665 2543 758 2577 Iovis

274 2682 322 2708 26)
344 2680 470 2704 familiam
491 2679 578 2705 tuaml
605 2677 644 2700 sic
671 2676 752 2699 Editt.
776 2675 865 2705 1558,
892 2673 984 2703 1562.;

312 2718 357 2742 t:
376 2718 440 2737 text.
461 2717 517 2744 gr)
538 2715 680 2741 paternam
699 2710 813 2733 domum.

833 109 953 145 PHlL.
984 111 1096 146 MEL.
1132 111 1332 148 SCRIPTA
1364 113 1698 149 PHILOLOGICA.

1261 1401 1265 1554 1

1261 1559 1264 1679 t

1261 1929 1264 1995 1

1261 2042 1263 2058 1

1261 2076 1262 2088 1

1261 2094 1263 2110 1

1021 2672 1104 2697 Editt.
1131 2674 1231 2695 recent⁴
1258 2661 1259 2664 Ἴ

2205 117 2282 153 692

1294 199 1392 235 1050
1419 199 1678 235 Thalamorum
1696 200 1843 236 deliciae
1861 200 2007 245 charae,

1340 252 1468 287 Hausit
1482 258 1603 285 nectar
1619 264 1659 285 ex
1676 253 1792 287 aureis

1343 301 1488 348 Cyathis
1506 303 1542 335 in
1559 303 1726 347 poculum

1343 355 1567 400 Ganymedes
1583 352 1771 399 Phrygius.

1340 404 1438 439 quta
1458 411 1575 439 autem
1593 405 1630 438 in
1648 405 1797 438 candida

1293 454 1391 490 1055
1417 456 1536 490 Arena
1555 462 1800 489 convertentes
1817 467 1890 489 sese
1900 455 1947 503 ⁶⁴¹⁷)

1342 507 1382 540 In
1400 508 1521 541 orbem
1538 507 1795 553 quinquaginta
1816 507 1908 540 filiae

1341 558 1447 593 Nerei
1465 559 1642 592 saltabant
1660 559 1698 591 in
1714 558 1860 603 nuptiis.

1610 637 1968 687 [Antistrophe]

1342 707 1413 741 Per
1430 707 1561 742 abietes
1577 720 1662 741 vero
1679 715 1713 741 et
1730 709 1858 742 viridia
1878 714 1981 752 prata

1342 759 1449 791 Venit
1473 759 1720 805 multitudo‘ffi)

1295 810 1392 844 1060
1421 810 1682 844 Centaurorum
1695 836 1704 850 ,
1731 811 1776 843 ad
1795 810 1998 843 convivium
2016 808 2175 844 Deorum

1341 861 1387 894 Et
1403 868 1573 895 craterem
1593 859 1736 895 Bacchi.

1342 912 1472 956 Magna
1493 919 1610 946 autern
1631 925 1716 945 voce
1734 913 1994 945 clamaverunt:
2013 911 2184 946 ONereia
2200 912 2284 953 filia,

1339 963 1451 997 Filiae
1470 962 1714 1003 Thessalicae,
1741 976 1910 1007 magnum
1930 963 2072 1004 lumen,

1342 1013 1509 1049 Phoebus
1525 1021 1622 1048 vates
1633 1041 1642 1055 ,
1670 1015 1803 1060 quique
1821 1015 2006 1049 Musarum

1295 1063 1391 1100 1065
1420 1065 1677 1099 Generationes
1693 1067 1795 1099 novit

1344 1115 1481 1150 Chiron
1492 1144 1500 1157 ,
1528 1117 1730 1149 nominavit
1747 1130 1826 1150 eum
1838 1144 1848 1157 ,

1344 1168 1417 1213 Qui
1434 1167 1551 1201 veniet
1559 1168 1606 1214 ²⁹)
1622 1166 1737 1201 hasta-

1343 1220 1387 1253 tis
1406 1232 1485 1253 cum
1504 1219 1773 1265 Myrmidonum
1783 1217 1830 1263 ³⁰)

1339 1271 1514 1304 Militibus
1527 1297 1536 1311 ,
1562 1270 1698 1304 Priami
1714 1270 1846 1303 bonam

1295 1322 1391 1358 1070
1420 1322 1571 1356 Terram
1590 1323 1858 1360 devastaturus,

1341 1372 1381 1406 In
1400 1386 1550 1418 corpore
1567 1373 1683 1406 aureis

1340 1425 1480 1465 Armis,
1508 1424 1607 1457 factis
1625 1436 1644 1456 a
1661 1423 1823 1456 Vulcano
1835 1447 1844 1461 ,

1339 1475 1525 1516 Armatus,
1551 1475 1696 1508 indutus
1715 1474 1810 1506 dono
1831 1484 1849 1504 a
1867 1470 1940 1504 Dea

1339 1527 1456 1560 Matre
1467 1553 1476 1567 ,
1505 1527 1601 1572 quod
1616 1524 1769 1558 habebat
1780 1551 1788 1564 ,

1292 1576 1388 1611 1075
1415 1576 1567 1610 Thetide
1579 1603 1587 1615 ‚
1616 1587 1707 1620 quae
1724 1575 1838 1618 ipsum
1856 1570 1996 1616 peperit

1337 1628 1503 1661 Felicem.
1557 1627 1660 1660 Tunc
1678 1627 1870 1658 daemones
1886 1621 2017 1655 nobilis

1339 1679 1501 1713 Nereidis
1521 1678 1663 1722 nuptias
1682 1676 1905 1710 celebrarunt

1339 1731 1502 1771 Primae,
1531 1736 1564 1763 et
1580 1729 1676 1762 Pelei
1693 1726 1951 1773 hymenaeum3

1669 1809 1910 1862 [Epodus]

1293 1884 1389 1919 1080
1416 1883 1468 1917 Te
1492 1895 1599 1923 vero,
1626 1879 1828 1926 Iphigenia,
1857 1877 2082 1911 coronabunt
2105 1873 2143 1908 in
2167 1872 2281 1918 capite

1696 1929 1845 1976 pulchro

1340 1984 1542 2032 Graeciffl),

1340 2038 1437 2072 Sicut
1453 2037 1653 2070 venientem
1673 2046 1713 2067 ex
1728 2032 1856 2079 petreis
1872 2030 2045 2076 specubus

1339 2088 1519 2122 Montium
1536 2094 1694 2120 teneram
1716 2086 1901 2118 iuvencam

1322 2217 1370 2244 27)
1389 2216 1584 2239 convertentes
1605 2215 1680 2242 sese]
1707 2213 1747 2236 sic
1774 2209 1874 2240 scripsi
1901 2208 1946 2235 (=
1966 2206 2058 2235 Eurip.
2085 2200 2279 2233 εἱλισσόμεναι,

1356 2251 1439 2274 Editt.
1466 2251 1583 2272 τρυε-ηις
1616 2245 1779 2277 εὸι(τιιιῐοε);
1815 2244 1899 2268 Editt.
1920 2242 2011 2269 1558,
2039 2239 2113 2263 1562.
2133 2238 2278 2267 corrupte:

1356 2284 1553 2309 convenienter
1573 2289 1644 2307 sese.

1321 2327 1370 2355 28)
1389 2328 1440 2350 Pet·
1459 2326 1564 2350 abietes
1584 2340 1616 2345 —
1637 2323 1794 2350 multitudo]
1815 2321 1854 2344 sic
1869 2320 1951 2344 Editt.
1970 2318 2054 2348 1558„
2077 2315 2167 2355 15624
2191 2313 2275 2351 Editf.

1357 2362 1476 2385 recent.:
1514 2361 1579 2385 Cum
1613 2358 1736 2385 abiegnis
1763 2362 1828 2380 vero
1854 2355 1916 2378 tetis
1943 2355 1969 2376 et
1995 2351 2144 2383 gramineis
2169 2353 2277 2372 coronis

1357 2397 1446 2420 Turba
1465 2395 1542 2418 venit
1561 2392 1707 2423 equestris.

1321 2438 1368 2470 29)
1389 2438 1492 2466 veniet]
1513 2437 1553 2460 sic
1573 2436 1654 2460 Editt.
1676 2435 1748 2457 ¹558.
1761 2450 1767 2459 ,

1359 2473 1516 2498 Troianum
1535 2476 1649 2501 agrum3
1676 2471 1797 2499 Musgr.:

1355 2505 1469 2538 χθόνα).

1320 2551 1367 2578 30)
1387 2548 1602 2580 Myrmidonum]
1630 2547 1669 2569 sic
1696 2545 1741 2577 (z
1763 2546 1828 2569 text.
1856 2542 1910 2574 gr.)
1936 2541 2019 2565 Editt.
2044 2540 2163 2569 recent.;
2189 2536 2274 2561 Editt.

1357 2585 1449 2609 1558..
1470 2583 1543 2606 1562.
1563 2581 1752 2611 Myrmidonis.

1319 2628 1367 2655 31]
1386 2633 1409 2650 c.
1433 2626 1459 2648 in
1487 2625 1576 2654 capite
1603 2624 1714 2653 pulchro
1734 2622 1865 2651 Graeci,]
1892 2621 1933 2644 sic
1958 2619 2041 2643 Editt.
2062 2616 2154 2647 15585,
2181 2613 2273 2652 ¹⁵⁶²:³

1354 2663 1451 2685 Barth:
1483 2666 1505 2684 e.
1530 2659 1555 2682 in
1582 2658 1669 2687 capite
1695 2657 1902 2686 pulchricomani
1929 2655 2009 2678 Nexis
2034 2653 2139 2684 storum
2162 2653 2273 2673 coronis

1355 2695 1470 2725 Graeci,
1490 2693 1670 2724 maculosam,
1690 2691 1753 2723 (seu
1773 2691 1926 2719 velocem,)

1795 2432 1885 2460 ¹56²-3
1917 2432 2014 2454 Bai-n..
2038 2427 2113 2452 Fixa:
2139 2425 2276 2465 veniet-‚in

1826 2466 1919 2490 veniet
1939 2465 1964 2487 in
1985 2467 2087 2487 terram
2102 2461 2210 2492 (Eut-ip.
2223 2460 2277 2490 ηξει

2360 848 2362 871 1

2360 874 2361 890 1

2359 912 2361 935 1

2359 984 2361 1006 1
