2373 2980
131 100 207 136 239
629 96 703 132 LV.
758 94 1157 131 INTERPRETATIO
1184 85 1411 131 HECUBAE
1438 96 1688 130 mammis.
2104 100 2180 135 290

131 186 185 214 iori
207 188 305 214 autem
321 192 358 211 ex
379 186 464 220 parte
488 188 597 210 mutata
622 189 667 210 est
690 192 706 211 a
731 180 836 211 Fixe'o
846 181 886 219 *).
936 182 1030 214 Quam
1054 182 1089 209 ob
1113 190 1176 209 rem
1199 183 1286 209 etiam
1311 182 1361 210 lias
1385 182 1528 211 editiones
1551 184 1748 219 recentiores,
1777 192 1849 221 quas
1873 191 1973 211 omnes
1995 185 2023 212 in
2048 187 2181 216 manibus

131 228 240 264 habeo,
262 226 440 264 praesertim
463 226 492 252 in
517 226 587 253 locis
612 235 669 253 non
695 225 812 253 mutatis
834 224 954 252 contuli.
980 240 1019 244 —
1050 224 1124 251 Cum
1149 222 1325 260 Xylandri
1346 225 1490 253 editiones
1514 234 1650 253 versuum
1673 226 1801 253 numeris
1823 227 1939 254 omnino
1963 234 2099 265 careant,
2129 229 2180 258 hos

131 279 171 299 ex
193 270 249 298 Ed.
275 267 505 304 Βανηεείαηα,
535 276 712 306 quamquam
737 268 765 295 in
789 276 928 295 versuum
959 266 1101 294 divisione
1125 266 1240 303 saepius
1264 268 1300 294 ab
1324 267 1380 294 illis
1403 267 1493 296 Editt.
1517 268 1634 305 differt,
1667 268 1827 306 adscripsi,
1857 275 1887 297 et
1916 275 2073 306 praeterea
2104 277 2181 299 stro-

131 313 255 351 pharum
282 311 453 348 partitiones
477 316 565 348 atque
588 311 660 338 alias
685 309 823 349 quasdam
846 309 1050 346 inscriptiones
1073 317 1111 336 ex
1134 308 1240 337 eadem
1263 308 1364 337 addidi
1381 310 1461 337 uncis
1484 311 1621 339 inclusas,

259 354 382 382 Praeter
411 353 486 381 lianc
514 353 610 381 XVIII
640 353 856 391 tragoediarum
882 351 1031 388 Euripidis
1070 352 1347 388 interpretationem
1377 352 1574 380 Melantlionis
1604 353 1768 390 integram,
1798 354 1887 382 ctiam
1916 355 2026 392 aliquot
2051 356 2180 384 locorum

130 395 280 433 Euripidis
305 396 567 433 interpretationes
591 396 698 432 partim
720 396 748 423 iu
773 395 834 423 eius
858 394 1051 427 carminibus,
1082 394 1190 430 partim
1213 394 1242 422 in
1266 394 1327 421 eius
1351 394 1596 431 interpretatione
1619 395 1799 431 quarundam
1824 397 1984 425 orationum
2009 407 2178 435 graecarum

129 438 322 476 prodierunt,
346 439 485 466 videlicet
508 438 611 466 horum
635 445 759 476 quatuor
781 437 831 465 vel
854 438 984 475 quinque
1009 437 1153 464 locorum:

305 522 334 554 1.
358 522 628 594 ΡΙιοθῃίεείὃῖι.
653 520 846 602 417223-475.
873 522 926 550 Ed.
950 522 1074 549 Barnes.
1097 519 1139 558 (v.
1156 519 1338 551 469-472.
1360 521 1414 551 Ed.
1438 520 1610 549 Witzschel.
1635 521 1691 549 Ed.
1715 528 1834 552 stereot.
1858 523 1937 561 Lips.
1961 535 2009 562 ap.
2023 525 2178 555 Tauclinit.

130 610 222 639 Huius
246 608 303 638 loci
326 607 530 645 interpretatio
555 608 606 637 lat.
631 608 704 636 Mel.
729 608 882 645 inscripta:
905 605 1092 643 „Euripides
1114 606 1143 632 in
1167 604 1352 633 Phoenissis’

260 669 287 689 a.
312 659 340 686 in
365 659 564 687 Melanthonis
587 659 681 698 Oper.
705 659 796 688 Basil.
820 658 937 686 V01.v.
962 668 992 695 p.
1008 654 1084 686 333.
1108 656 1170 683 loco
1193 665 1298 693 graeco
1322 658 1437 696 integro
1461 658 1614 696 praefix03

258 710 285 739 b.
308 710 336 737 in
361 710 510 738 Vincentii
532 711 587 739 Ed.
612 711 863 748 Epigrammatum
886 709 958 737 Mel.
982 708 1034 737 fol.
1054 706 1222 736 &lb—5³
1245 708 1338 745 primo
1362 718 1447 737 versu
1473 718 1578 746 graeco
1602 708 1687 735 liuius
1713 709 1766 737 loci
1790 711 1966 747 praeinisso;

258 770 283 788 c.
306 761 337 788 in
364 760 449 788 huius
464 762 552 798 Corp.
568 761 702 789 Reform.
726 760 791 788 Vol.
807 759 845 787 X.
868 769 898 797 p.
914 757 979 788 550
994 769 1037 796 sq.
1063 768 1107 788 nr.
1123 756 1196 788 138.
1220 759 1314 797 primo
1339 769 1422 787 versu
1448 768 1553 797 graeco
1576 768 1671 797 aeque
1696 769 1728 786 ac
1751 761 1829 798 apud
1852 762 1988 791 Viuccnt.
2013 766 2180 800 praemisso.

1355 604 1362 617 ’
1385 606 1533 633 iuvenitur

300 844 331 873 ἓ.
355 845 550 874 Phoeniss.
573 855 614 874 vs.
638 842 832 874 531—533.
856 844 911 872 Ed.
935 844 1055 872 Barnes.
1081 841 1124 882 (v.
1148 842 1345 873 528—530.
1370 844 1423 872 Ed.
1447 842 1636 884 Witzscliel.)

129 904 223 934 Huius
247 904 302 931 loci
326 903 534 941 interpretatio
558 903 639 939 Met,
663 903 802 941 inscripta
825 924 846 940 ,‚
856 903 967 931 Iocaste
991 903 1069 939 apud
1092 902 1264 939 Euripidem
1289 903 1326 930 ad
1349 903 1440 930 filium
1465 902 1655 938 Eteoclein'’‚
1681 913 1737 930 una
1761 912 1826 930 cum
1851 908 1931 931 textu
1957 914 2061 941 graeco
2085 915 2180 936 exstat

256 963 282 983 a.
308 955 336 982 in
361 954 514 982 Gratliusii
536 955 712 983 collectione
735 954 985 992 Epigrammatum
1010 954 1080 981 Mel.
1103 953 1155 981 fol.
1171 954 1194 981 L
1210 949 1266 987 δὺς

239 1002 285 1035 'b.
309 1006 338 1033 in
360 1006 509 1034 Vincentii
532 1006 587 1034 Ed.
612 1006 715 1033 horum
738 1006 919 1043 Epigramm.
943 1004 995 1034 sol.
1013 1004 1037 1031 L
1055 1003 1105 1039 1³¹3

257 1067 283 1087 c.
305 1058 334 1085 in
358 1058 442 1085 huius
465 1058 554 1095 Corp.
577 1058 711 1086 Reform.
735 1058 803 1086 Vol.
821 1058 857 1086 X.
880 1067 909 1095 p.
925 1056 986 1086 561
1004 1066 1050 1094 sq.
1074 1067 1119 1085 nr.
1140 1054 1210 1085 166.

301 1141 333 1172 3.
356 1143 551 1171 Phoeniss.
573 1141 680 1213 {41³²ng
704 1142 756 1179 lX,
778 1141 872 1172 7-9.
896 1142 951 1171 Ed.
972 1141 1179 1179 Mulsgrave**)
1205 1140 1325 1179 (fragm.
1349 1138 1399 1176 IV,
1423 1138 1516 1168 7—9.
1540 1139 1593 1169 Ed.
1614 1139 1784 1167 Witzschel.
1808 1140 1909 1179 Eurip.
1926 1141 2004 1180 Opp.
2029 1144 2180 1173 'r0m.1v.

559 1193 589 1221 P·
680 1185 702 1220 ·)
1388 1187 1390 1190 ’

129 1245 209 1274 Haec
231 1242 435 1280 interpretatio
458 1250 475 1269 a
499 1242 610 1269 verbis:
634 1241 692 1278 „Si
718 1242 781 1279 quis
807 1241 949 1269 malorum
973 1241 1082 1278 gaudet
1106 1239 1305 1269 commerci0'’
1328 1241 1488 1278 incipiens,
1514 1241 1621 1277 legitur

258 1303 286 1322 a.
309 1293 338 1320 in
362 1291 513 1320 Grathusii
536 1291 651 1320 collect.
673 1291 775 1328 Epigr.
799 1291 871 1319 Mel.
895 1290 947 1319 sol.
963 1291 993 1318 Μ
1011 1291 1062 1323 5a;

258 1345 287 1373 b'.
310 1345 340 1372 in
363 1344 511 1372 Vincentii
533 1343 589 1371 Ed.
612 1352 714 1370 eorum
736 1343 789 1371 fol.
803 1342 827 1370 L
842 1341 894 1377 '7³5
1020 1338 1025 1342 ’

258 1406 283 1424 c.
307 1396 336 1423 in
358 1394 444 1421 huius
467 1394 554 1430 Corp.
577 1393 710 1421 Reform.
741 1394 796 1421 Vol
814 1393 850 1420 X.
883 1402 912 1430 p.
928 1392 1003 1423 550.
1035 1404 1078 1422 nr.
1098 1391 1170 1422 137.
1201 1395 1229 1421 in
1253 1393 1355 1430 quilius
1379 1392 1461 1419 libris
1483 1390 1530 1418 hie
1556 1392 1635 1420 locus
1665 1373 1821 1429 insci-ipius
1845 1398 1905 1421 est:
1943 1393 2128 1433 „Euripides
2152 1397 2180 1423 in

299 1435 493 1466 Phoenissis”
518 1436 624 1474 (verba
645 1444 751 1473 graeca
774 1445 831 1463 non
854 1441 923 1463 sunt
946 1434 1126 1475 adscripta);

256 1488 286 1517 d.
310 1488 338 1515 in
362 1486 560 1515 Melanthonis
590 1487 839 1524 interpretatione
868 1487 924 1514 loci
953 1488 1073 1525 insignis
1104 1496 1141 1514 ex
1173 1485 1378 1514 Demosthenis
1409 1485 1540 1512 oratione
1570 1485 1607 1513 de
1631 1485 1704 1512 falsa
1729 1486 1892 1524 legatione,
1927 1487 1955 1514 in
1985 1486 2069 1516 huius
2093 1489 2182 1528 Corp.

297 1529 368 1559 Res.
391 1529 459 1558 Vol.
475 1527 570 1558 XVII.
593 1539 626 1568 p.
641 1528 715 1559 871.

301 1615 330 1645 4.
354 1614 579 1684 Ereclithe}
601 1614 707 1684 {ragm.
721 1613 796 1687 2Ι,141
809 1614 908 1687 —²f;(()3.
931 1615 986 1643 Ed.
1009 1616 1166 1653 Musgrave
1176 1613 1236 1653 ***)
1260 1614 1382 1654 (fragm.
1406 1613 1505 1651 xvii,
1537 1611 1663 1642 1—-55,
1694 1612 1748 1641 Ed.
1771 1613 1944 1643 W‘itzscliel.
1973 1615 2076 1654 Eurip.
2101 1616 2181 1656 Opp.

551 1656 559 1667 '
581 1677 590 1686 .
617 1658 654 1685 V.
678 1667 709 1695 p.
792 1673 835 1678 —
908 1659 943 1696 .).

125 1717 218 1746 Huius
245 1715 406 1754 fragmenti
430 1715 603 1753 tragoediae
626 1715 803 1753 deperditae
826 1716 974 1754 Euripidis
998 1717 1203 1753 interpretatio
1227 1716 1298 1744 Mel.
1324 1715 1491 1752 reperitur:

255 1777 281 1796 a.
305 1768 335 1795 in
358 1766 510 1795 Grathusii
533 1767 650 1796 collect.
674 1767 778 1805 Epigr.
801 1768 873 1796 Mel.
899 1768 950 1796 sol.
965 1767 996 1795 M
1010 1764 1159 1802 2³—3b3

252 1820 282 1848 b.
306 1819 336 1846 in
359 1819 507 1846 Vincentii
530 1818 587 1847 Ed.
610 1828 712 1846 eorum
735 1817 787 1846 sol.
803 1816 990 1857 Lon-6¹²,
1014 1820 1062 1847 ubi
1085 1828 1178 1856 aeque
1203 1828 1236 1846 ac
1259 1818 1338 1855 apud
1362 1817 1553 1846 Grathusium
1578 1817 1619 1844 sic
1642 1823 1685 1845 est
1708 1819 1860 1856 iuscripta:
1901 1820 2042 1855 „Versus
2064 1822 2182 1861 Euripi-

306 1861 371 1896 dis,
394 1862 444 1898 qui
466 1861 495 1888 in
519 1861 647 1898 Lycurgi
670 1862 801 1890 oratione
825 1868 925 1890 contra
949 1862 1122 1890 Leocratem
1146 1862 1322 1897 recitantur,
1346 1862 1384 1888 sic
1409 1866 1476 1887 sunt
1500 1859 1607 1887 redditi
1632 1859 1754 1888 latino.’'
1778 1862 1874 1897 (textu
1899 1872 1941 1899 gr.
1966 1864 2116 1902 omisso.);

254 1922 280 1941 c.
304 1913 333 1940 in
357 1912 442 1940 liuius
465 1912 554 1949 Corp.
579 1913 712 1939 Reform.
745 1912 811 1941 Vol.
826 1913 863 1941 X.
888 1922 918 1950 p.
934 1911 1130 1942 592—594.
1155 1923 1201 1940 nr.
1217 1911 1290 1942 221.
1313 1913 1352 1940 sic
1382 1912 1537 1949 iuscripta:
1568 1911 1706 1947 „Versus
1728 1912 1876 1950 Euripidis
1906 1914 1934 1941 in
1959 1915 2084 1954 Lycurgi
2115 1927 2182 1946 ora-

305 1955 384 1983 tione
406 1961 506 1983 contra
529 1954 732 1982 Leocratem.”
758 1953 835 1993 (sine
860 1961 942 1983 textu
967 1955 1047 1993 gr.);

256 2006 283 2034 d.
309 2007 337 2033 in
362 2005 559 2033 Melanthonis
583 2006 828 2043 interpretatione
852 2006 935 2035 huius
960 2008 1096 2035 orationis
1121 2007 1266 2044 Lycurgi,
1288 2007 1316 2034 in
1341 2006 1426 2034 huius
1450 2006 1538 2044 Corp.
1562 2005 1630 2033 Res.
1655 2006 1721 2035 Yol.
1739 2007 1830 2036 XVII.
1855 2017 1884 2045 p.
1902 2007 2096 2039 961—963.

931 2090 962 2121 5.
999 2093 1092 2120 Locus
1118 2102 1155 2121 ex
1178 2090 1385 2131 Euripidesl).

257 2150 349 2177 Huius
376 2149 446 2186 loci,
484 2150 533 2187 qui
556 2150 585 2176 in
610 2149 714 2177 eadem
736 2150 866 2189 Lycurgi
900 2152 1031 2179 oratione
1055 2152 1160 2179 citatur
1184 2156 1213 2179 et
1237 2160 1301 2179 cnm
1325 2150 1520 2179 Valckenario
1546 2149 1582 2178 ad
1606 2149 1709 2187 Eurip.
1733 2150 1875 2188 Hippolit.
1897 2161 1926 2190 p.
1952 2150 2023 2181 198.
2047 2153 2181 2192 Euripidi

129 2193 204 2221 solet
226 2193 383 2230 assignari,
407 2192 612 2231 interpretatio
636 2193 707 2221 Mel.
726 2193 847 2229 „Iratus
872 2194 908 2221 ad
934 2203 1058 2231 poenam
1071 2193 1087 2206 ”
1112 2199 1167 2222 etc.
1193 2194 1350 2221 exhibetur

165 2317 198 2350 *ζ’
224 2321 254 2344 In
278 2321 328 2344 hac
353 2321 416 2345 Ed.:
447 2320 661 2346 ΕΥΡΙΠΙΔΗΣ.
704 2321 861 2351 Euripidis
880 2322 1020 2346 Fabulae.
1052 2320 1246 2351 Recoynovit,
1278 2320 1372 2344 latine
1400 2321 1505 2347 vertit.
1526 2321 1555 2344 in
1572 2320 1721 2344 duodecim
1739 2321 1858 2351 fabulas
1877 2323 2096 2347 annotationem
2117 2325 2178 2348 cri-

199 2356 287 2379 ticam
306 2356 441 2385 scripsit.
463 2356 590 2379 omnium
609 2356 739 2380 ordinem
758 2355 993 2386 clu-onoloyicum
1013 2356 1168 2386 indayavit
1190 2354 1369 2378 Theobaldus
1389 2355 1455 2378 Fim.
1502 2355 1645 2385 Parisiis,
1672 2356 1797 2380 Eclitore
1816 2357 1969 2380 Ambrosio
1985 2358 2100 2381 Firmin
2121 2356 2178 2382 Di-

201 2390 260 2413 dot.
281 2389 313 2413 M
327 2390 427 2414 DCCC
440 2390 553 2414 XLIII.
571 2391 597 2414 8.
617 2390 678 2414 mai.
704 2402 730 2406 -
754 2390 793 2413 De
810 2390 941 2414 versione
961 2391 1006 2414 lat.
1027 2390 1054 2413 iu
1074 2389 1247 2420 praefatione
1266 2389 1333 2412 haec
1351 2389 1431 2413 dicit:
1459 2389 1655 2419 „Vei-sionem
1674 2391 1795 2414 veterem
1815 2391 1942 2415 latinam
1960 2397 1977 2415 a
1996 2392 2129 2416 Bai-nesio
2150 2394 2177 2416 et

202 2424 362 2454 Musgravio
381 2426 549 2453 correctam.
570 2424 726 2448 clarissimo
747 2425 851 2448 Editori
872 2427 898 2448 et
918 2425 1084 2448 nostratium
1104 2424 1204 2448 studiis
1224 2425 1370 2447 obsecutus
1384 2440 1391 2454 ,
1412 2424 1450 2447 ita
1470 2423 1609 2453 restingere
1631 2424 1790 2455 studebam,
1820 2427 1848 2448 ut
1867 2432 1921 2449 non
1944 2426 2109 2450 senteutiam
2128 2433 2178 2451 so-

201 2457 275 2487 lum,
293 2458 342 2481 sed
360 2458 447 2488 ipsam
466 2459 713 2482 conformationem
732 2465 850 2487 graecae
879 2460 1014 2483 orationis
1042 2465 1122 2488 quam
1149 2458 1359 2482 accuratissime
1387 2458 1515 2481 referret.
1553 2458 1629 2486 Quae
1654 2465 1734 2488 quum
1760 2465 1807 2488 per
1835 2467 1865 2483 se
1891 2461 1967 2484 recta
1985 2461 2050 2484 mihi
2072 2467 2178 2491 quoque

204 2498 268 2515 esse
286 2493 357 2516 ratio
378 2493 520 2524 videatur,
546 2494 656 2517 nimium
681 2494 788 2523 tamen,
816 2494 887 2523 quod
907 2495 932 2517 in
953 2495 1070 2518 Hecuba
1090 2493 1231 2521 cernitur.
1260 2498 1361 2523 graeca
1385 2492 1509 2516 sectandi
1535 2494 1561 2515 et
1588 2498 1704 2521 prorsus
1730 2495 1896 2524 assequendi
1922 2495 2057 2525 studium,
2084 2496 2177 2525 paullo

204 2526 285 2549 etiam
305 2527 393 2550 minus
414 2528 521 2551 referre
535 2528 691 2557 Euripidem
711 2529 884 2557 censebitur,
906 2534 985 2559 quam
1005 2528 1172 2557 reliquarum
1193 2527 1345 2551 fabularum
1364 2527 1527 2554 translatio,
1548 2528 1637 2557 paullo
1659 2527 1707 2550 illa
1726 2528 1752 2551 iu
1767 2528 1885 2558 singulis
1904 2529 2037 2559 liberior,
2059 2530 2082 2553 si
2102 2537 2178 2554 sum-

204 2566 275 2584 mam
295 2561 334 2584 rei
354 2563 479 2593 spectes,
499 2562 625 2585 strictior
644 2564 671 2586 et
689 2563 929 2588 accommodatior.
975 2564 1029 2586 Iam
1050 2564 1082 2586 ob
1103 2563 1206 2586 textum
1226 2561 1393 2585 multimodis
1414 2562 1543 2584 mutatum
1563 2563 1590 2584 et
1610 2562 1769 2590 rectiorem.
1795 2569 1873 2592 quam
1894 2566 2020 2587 nostrum
2039 2565 2179 2588 saeculum

204 2595 328 2625 aperuit,
348 2596 517 2626 tragicorum
539 2597 747 2627 intelligentiam
767 2599 846 2621 vetus
864 2597 960 2621 versio
980 2599 1035 2621 tam
1054 2597 1214 2626 frequenter
1234 2598 1341 2625 tamque
1361 2596 1473 2619 assidue
1494 2597 1623 2619 mutanda
1643 2597 1719 2625 erat,
1740 2598 1769 2620 ut
1788 2597 1845 2620 eius
1865 2598 1890 2621 iu
1911 2598 2020 2622 dimidia.
2039 2601 2117 2629 parte
2134 2599 2178 2622 fa-

205 2629 329 2653 bularum
348 2630 394 2653 vix
413 2632 533 2663 vestigia
555 2633 678 2662 restent.
699 2634 725 2655 et
745 2634 843 2655 nostra
863 2633 961 2656 exierit
982 2632 1177 2662 propemodum
1196 2628 1296 2654 nox-33⁷

170 2669 222 2699 ss*)
242 2671 313 2695 Vide
332 2671 380 2695 Ed.
401 2673 515 2697 Barnes.
535 2673 644 2703 Lipsiae
663 2679 787 2697 recusam
806 2680 891 2704 supra
909 2682 934 2704 p.
948 2674 999 2698 2237
1011 2680 1052 2703 sq.
1074 2672 1178 2702 notass)
1199 2673 1337 2697 laudatam
1357 2674 1430 2697 Tom.
1448 2673 1481 2697 II.
1502 2681 1527 2704 p.
1542 2674 1600 2698 466.

170 2713 242 2744 ssssssj
263 2715 333 2739 Vide
352 2715 401 2739 Ed.
420 2716 532 2741 Barnea
552 2716 625 2746 Lips.
645 2716 723 2740 modo
744 2716 883 2741 laudatam
903 2717 976 2740 Toni.
993 2716 1022 2739 11.
1045 2723 1068 2746 p.
1084 2716 1143 2740 442.

139 2756 323 2788 MELANTH.
349 2757 454 2787 Ormi.
479 2757 562 2786 Vm..
588 2757 709 2786 xviii.
1020 2791 1025 2797 ¹
1615 2751 1660 2785 19
