2373 2980
107 98 183 136 213
340 95 412 131 Lll.

109 183 284 222 absurdo,
312 180 413 227 quasi
429 180 538 214 dicat:
564 179 663 215 Nihil
679 181 845 219 referret,
869 180 991 225 quales
1015 192 1104 213 essc-

109 247 209 274 mus,
249 232 279 266 si
305 244 379 265 non
403 239 519 266 essent
546 232 758 266 constitutae
783 243 919 275 poenae
947 237 981 263 et
1003 242 1106 274 prae-

109 286 193 319 mia.
252 283 363 328 Atqui
391 290 474 316 sunt
506 295 643 327 poenae
677 289 711 315 et
743 282 915 327 praemia.
981 279 1105 326 ltaque

110 336 259 370 multum
276 335 395 368 refert.
447 334 543 367 ldem
570 341 819 378 argumentum
841 339 893 366 est
914 333 1008 376 apud
1025 332 1105 365 Ari-

108 383 320 429 stophanem
345 385 382 417 in
400 385 506 418 Pluto
515 385 561 431 45)
573 411 581 424 ,
616 385 677 418 ubi
694 385 877 417 oraculum
895 384 1105 421 consulitur,

109 437 237 482 quibus
262 436 397 469 artibus
420 448 527 469 senex
559 436 672 468 filium
702 436 865 469 instituat
895 447 1018 473 suum,
1060 435 1105 466 ad

108 488 324 520 virtutemne
336 514 345 527 ,
374 499 418 519 an
436 488 480 520 ad
496 493 727 532 quaestuosas
745 493 838 519 artes
855 486 1024 518 conferat.
1059 484 1105 517 Et

108 539 308 572 consultum
328 545 398 578 est,
424 535 474 576 ὡς
490 534 630 583 σφόδρ’
653 535 729 571 ἐστὶ
747 535 941 582 σιῃιιφέρον
966 534 1008 570 τὸ
1033 548 1102 580 μη-

107 586 174 625 δὲν
197 588 324 623 ἀσκεῖν
345 585 446 636 ὑγιὲς
469 587 509 622 ἐν
530 590 583 632 τῷ
594 587 640 633 4⁶)
668 591 741 622 νῦν
761 587 902 634 χρόνῳ.
970 586 1019 619 Ita
1046 584 1105 619 hic

108 646 213 684 poeta
239 639 341 672 dicit:
378 639 497 672 Nolim
524 651 588 682 ego
614 639 726 672 iustus
750 651 840 678 esse,
875 650 990 683 neque
1013 638 1104 670 filius

108 703 229 730 meus,
265 690 294 724 si
317 696 463 722 noceret
487 702 558 723 esse
582 689 735 730 iustum,
777 701 841 722 uec
866 695 980 723 essent
1005 688 1104 722 iustis

107 741 290 786 proposita
310 741 482 784 praemia.
530 741 586 774 Ad
608 738 703 774 hunc
724 741 872 773 modum
898 740 990 772 ratio
1014 740 1105 772 diiu-

107 793 226 826 dicare
244 798 377 836 potest,
405 792 557 824 multum
582 792 733 831 referre,
768 792 931 825 bonusne
957 791 1035 836 quis
1059 803 1103 823 an

107 843 222 876 malus
240 843 304 882 sit,
329 849 363 875 et
378 843 407 876 si
422 855 496 875 non
513 850 619 888 queat
634 843 754 876 videre
773 855 907 882 causas,
930 854 994 874 nec
1013 842 1105 875 diiu-

107 894 246 934 dicare,
275 905 336 927 cur
350 894 453 927 malis
470 894 560 926 bene
575 894 639 934 sit,
662 894 813 927 ethonis
831 894 933 926 male.
971 893 1104 937 Quem-

108 946 303 978 admodum
321 945 431 978 oculis
456 945 611 977 colorem
636 945 733 978 videt
756 945 903 990 aliquis,
939 944 1020 977 licet
1043 956 1104 977 ne-

106 996 212 1036 sciat,
239 1008 300 1029 cur
318 1008 392 1028 11011
411 1008 524 1041 aeque
539 1008 626 1029 naso
643 996 697 1029 vel
714 996 863 1040 pedibus
880 996 1010 1028 videat.
1053 994 1102 1028 lta

106 1059 231 1080 revera
268 1053 385 1080 mente
421 1047 517 1080 videt
552 1047 732 1080 nemiuem
769 1059 842 1081 esse
876 1047 1104 1085 laedendum,

107 1098 337 1144 quantumvis
355 1110 495 1137 causas,
523 1110 584 1131 cur
601 1098 650 1131 sic
667 1099 804 1137 videat,
834 1098 987 1142 ignoret.
1039 1098 1105 1131 At-

107 1161 177 1195 que
194 1147 260 1182 hac
279 1150 322 1182 de
342 1161 445 1182 causa
470 1149 599 1181 adiecit
622 1150 898 1187 correctione1n3
935 1148 994 1182 sed
1018 1147 1106 1181 haec

107 1212 181 1233 non
196 1206 282 1244 puto
300 1200 477 1232 facturum
494 1198 628 1233 lovem.

211 1271 244 1292 v.
268 1257 355 1293 275.
379 1258 500 1303 (273.)
528 1256 785 1302 Καίιυδικης
810 1254 986 1297 ἐπάκουε,
1021 1254 1106 1301 βίης

108 1306 146 1343 δ’
165 1305 336 1365 ἐπιλήθεο
353 1306 526 1353 πάιιπαν]
553 1310 835 1352 Argumentttur
857 1314 1020 1340 :zunitura
1041 1305 1105 1339 ho-

107 1359 232 1399 minis,
261 1365 295 1391 et
312 1359 365 1392 ius
384 1366 533 1391 naturae
560 1359 745 1398 describit,
781 1365 815 1391 et
839 1359 923 1391 dicit
950 1356 1104 1390 homini—

106 1410 172 1442 bus
188 1410 359 1454 quasdam
376 1409 567 1443 sententias
585 1421 658 1443 esse
679 1410 821 1449 insitas,
848 1421 910 1442 seu
933 1408 1104 1441 divinitus

107 1460 295 1504 inscriptas
313 1459 350 1492 in
368 1460 495 1494 animis
507 1486 515 1500 ,
544 1472 635 1505 quae
651 1461 803 1493 doceant
817 1472 883 1494 nos
903 1465 1009 1493 recta.
1064 1458 1103 1491 ln

104 1511 226 1545 bestiis
244 1523 320 1544 non
334 1517 416 1544 sunt
440 1512 615 1545 eiusmodi
643 1511 858 1551 sententiae,
894 1523 984 1556 quae
1012 1510 1104 1543 iudi-

106 1568 206 1602 cent,
234 1563 320 1607 quid
336 1563 380 1596 sit
395 1564 600 1596 faciundum
611 1563 678 1609 47),
705 1563 817 1595 immo
844 1568 895 1596 est
921 1562 1040 1594 videre
1066 1561 1103 1593 in

105 1612 173 1653 his,
202 1614 299 1658 quod
317 1614 437 1646 omnia
455 1614 489 1645 vi
507 1621 688 1657 gerantur,
705 1626 784 1646 cum
801 1612 1007 1646 hominibus
1026 1613 1101 1645 iura

107 1664 297 1698 constituta
322 1665 414 1704 sint,
452 1665 716 1708 coniungantur
732 1671 766 1698 et
785 1671 971 1709 regantur:
1017 1676 1101 1707 ergo

106 1713 270 1749 homines
286 1716 362 1748 iure
387 1716 517 1748 debent
542 1716 758 1760 disceptare,
793 1716 844 1749 vis
872 1716 1013 1748 beluina
1041 1721 1102 1748 est.

105 1766 238 1799 Paulus
264 1778 323 1800 eas
350 1767 442 1810 leges
466 1766 652 1800 veritatem
678 1766 746 1799 Dei
778 1767 945 1810 appellat.
1013 1766 1103 1799 Sunt

106 1823 225 1849 autem
246 1815 312 1848 liae
327 1818 418 1849 fere:
457 1820 489 1850 1.
515 1817 630 1850 Deum
648 1818 734 1851 cole.
775 1820 810 1852 2.
828 1818 1014 1851 Neminem
1033 1817 1103 1849 lae-

106 1867 194 1901 dito.
254 1867 288 1900 3.
313 1867 405 1912 Quia
433 1869 475 1900 ad
502 1868 707 1901 societatem
731 1868 814 1900 sacti
839 1880 981 1907 sumus,
1019 1879 1102 1911 ergo

107 1917 304 1950 henesacito
325 1918 422 1957 aliis,
457 1926 491 1952 et
514 1931 578 1962 pro
603 1919 775 1951 beneficio
801 1920 910 1951 redde
938 1918 1102 1962 gratiam,

108 1968 204 2001 iuxta
221 1968 299 2001 illas
316 1969 478 2012 vulgares
494 1970 703 2003 sententias:
740 1969 869 2003 Manus
886 1982 1032 2002 manum
1052 1969 1102 2001 la-

109 2025 188 2058 vat,
223 2019 352 2062 digitus
377 2020 527 2063 digitum
543 2021 601 2067 43).
662 2020 697 2055 4.
722 2021 835 2055 Certis
859 2021 994 2065 legibus
1019 2032 1103 2052 con-

107 2070 217 2103 nubia
238 2082 309 2104 esse
331 2071 600 2115 coniungenda,
637 2079 670 2105 et
694 2073 915 2105 educandam
942 2071 1101 2105 sobolem

108 2127 142 2155 et
159 2122 432 2156 defendendam.
487 2122 521 2156 5.
545 2123 714 2157 Civitates
732 2136 804 2157 esse
821 2123 1101 2162 constituendas,

107 2173 307 2217 parendum
337 2174 580 2217 magistratui,
626 2181 659 2207 et
684 2181 786 2218 pacta
812 2176 987 2208 servanda
1018 2186 1102 2206 esse..

107 2223 199 2258 Nam
216 2224 351 2270 alioqui
366 2227 514 2259 societas
532 2224 720 2258 hominum
738 2238 812 2258 non
829 2232 947 2270 potest
962 2237 1103 2258 conser-

108 2275 205 2315 vari,
234 2276 299 2309 nisi
316 2277 400 2310 fides
418 2283 578 2311 servetur
595 2277 631 2309 in
647 2275 905 2311 contrahendo.
955 2277 988 2309 6.
1007 2275 1103 2309 Sicut

144 2408 191 2440 45)
210 2409 351 2440 Aristoph.
370 2409 440 2434 Plut.
460 2410 494 2434 32
512 2417 572 2440 sqq.

144 2467 192 2494 46)
212 2466 264 2500 τῷ]
284 2468 333 2493 Ed.
354 2468 427 2492 1532.
449 2474 546 2491 errore
565 2470 694 2499 typogn:
722 2467 762 2493 -ιό,

145 2525 192 2556 47)
213 2526 380 2556 faciundum]
407 2527 446 2551 sic
472 2527 555 2552 Editt.
575 2528 666 2557 1532..
695 2529 770 2553 1541.
792 2530 837 2561 B.,
866 2528 958 2557 1562.;
996 2528 1105 2551 ceterae

180 2561 278 2585 Educ:
305 2562 464 2586 faciendum.

146 2621 194 2652 48)
214 2619 275 2652 χεὶρ
300 2621 380 2653 χεῖρα
405 2623 510 2651 ι’ίπιει,
541 2619 673 2650 δάκτυλός
699 2629 726 2647 τε
752 2621 902 2651 δάκτυλον,
940 2622 1005 2649 OEinc
1030 2619 1105 2649 »batth

182 2656 270 2686 musdvt
300 2656 336 2680 tie
368 2655 474 2685 nnbcre3
511 2658 583 2682 conf.
609 2658 718 2681 Erasmi
742 2658 832 2688 Adag.
861 2657 923 2682 01111.
943 2658 961 2682 1.
993 2658 1064 2680 cent.
1085 2655 1104 2679 1.

184 2696 263 2720 prov.
278 2690 337 2718 33..
364 2691 485 2714 Eiseleiu
504 2691 521 2714 l.
541 2691 558 2714 l.
578 2698 602 2721 p.
621 2692 680 2717 276.

465 97 499 130 3.
527 93 811 131 ENARRATIO
838 80 1044 149 OJPERUM
1071 94 1135 128 ET
1164 93 1355 127 DLERUM
1382 92 1588 128 HESIODI.
1624 105 1672 126 vs.
1689 90 1920 128 225—286,

2077 94 2154 130 214

1131 200 1135 227 Ι
1159 180 1316 213 medicus
1336 178 1562 224 praecidit'ffl)
1585 178 1740 224 aliquam
1760 184 1897 222 partem
1915 178 2087 222 corporis,
2116 186 2154 212 ut

1158 237 1318 263 servetur
1335 237 1450 264 totum
1476 242 1624 273 corpus,
1656 230 1702 262 ita
1721 235 1758 262 ut
1775 229 1952 262 societatis
1975 227 2154 263 humanae

1159 292 1286 324 corpus
1306 287 1546 320 conservetur,
1573 281 1730 313 latrones
1747 280 1893 313 tollendi
1911 286 2004 319 sunt,
2031 286 2063 313 et
2081 281 2154 320 alii,

1159 331 1220 375 qui
1244 331 1381 364 violant
1404 331 1607 364 societatem
1631 329 1839 365 humanam.
1898 330 1981 364 Ideo
2005 338 2037 363 et
2062 332 2154 364 bella

1158 382 1231 425 geri
1250 388 1402 425 oportet.
1441 382 1474 414 7.
1502 381 1548 413 Et
1566 382 1648 425 quia
1665 388 1791 414 natura
1811 394 1884 414 11011
1901 388 1951 415 est
1968 382 2154 421 laedenda,

1157 445 1222 465 nec
1239 433 1452 465 offendenda
1472 432 1640 470 societas,
1677 433 1756 464 ideo
1778 432 1812 464 in
1832 434 1926 465 victu
1944 435 2092 473 modus,
2119 440 2151 466 et

1160 485 1248 516 ordo
1276 484 1313 516 in
1341 482 1540 515 actionibus
1564 483 1759 515 servandus
1785 489 1845 516 est.
1916 484 2031 517 Porro
2065 485 2153 518 sicut

1158 535 1289 568 divinis
1315 534 1451 577 legibus
1474 533 1614 577 scriptis
1640 533 1888 576 obtemperare
1910 546 1975 568 nos
2001 542 2154 579 oportet,

1158 586 1205 618 ita
1227 592 1260 618 et
1276 584 1330 619 his
1349 585 1445 618 Deus
1464 596 1528 618 nos
1545 584 1621 616 x‘ult
1640 583 1799 629 obsequi.
1839 583 1883 616 Et
1901 586 2155 619 animadvertit

1158 637 1194 668 in
1225 649 1304 675 eos,
1349 637 1409 681 qui
1443 648 1499 668 eas
1532 635 1685 674 violant,
1722 635 1756 667 id
1783 636 1877 679 quod
1906 635 1956 667 illi
1981 638 2155 671 cruciatus

1159 686 1427 731 conscientiam)
1451 687 1487 718 in
1505 685 1689 729 flagitiosis
1708 692 1895 725 testantur,
1923 687 1996 731 qui,
2017 689 2152 721 etiamsi

1158 751 1264 771 nemo
1282 738 1447 772 resciscat
1467 749 1591 769 eorum
1609 737 1764 775 facinus,
1799 743 1918 769 tamen
1944 739 2155 771 naturaliter

1158 796 1322 823 metuunt
1338 789 1583 833 impendentes
1601 800 1746 832 poenas.

1158 842 1275 885 legum
1292 852 1396 884 saepe
1414 840 1562 872 mentio.
1617 839 1672 872 Sic
1689 838 1866 872 luvenalis
1883 839 1948 884 ³¹):

1805 787 1862 820 Fit
1883 794 2000 820 autem
2026 787 2153 823 harum

1199 900 1338 937 Namque
1364 899 1444 928 aliud
1467 904 1572 926 natura
1594 897 1674 925 aliud
1697 898 1842 934 sapientia
1864 898 1966 925 suadet
1978 896 2049 935 ⁵2)'.2

1261 964 1293 985 v.
1310 951 1397 986 283.
1424 950 1545 995 (281.)
1574 947 1766 994 νήκεστον]
1796 949 1829 981 id
1850 955 1920 986 est,
1950 949 2154 982 immedica-

1158 1002 1295 1042 biliter,
1324 1002 1426 1047 quasi
1446 1002 1541 1034 dicas
1557 998 1657 1045 νὴῧῧ)
1680 1000 1849 1034 &moron
1902 999 1964 1033 Est
1990 1001 2084 1034 enim
2108 1000 2154 1045 νὴ

1158 1053 1312 1086 steritica
1331 1052 1527 1096 particula,
1556 1058 1589 1083 et
1606 1049 1702 1085 ἇκίω
1719 1051 1893 1094 significat
1909 1052 2066 1085 medeor.

1260 1103 1306 1136 Et
1323 1104 1502 1147 eleganter
1525 1102 1613 1135 dixit
1636 1100 1688 1148 [v.
1705 1101 1791 1136 284.
1820 1100 1960 1149 (282.)]
1986 1101 2153 1148 ἀμαυρο-

1157 1154 1242 1200 τέρη
1255 1153 1361 1202 γενεὴ
1379 1154 1566 1198 posteritas
1578 1180 1587 1191 ,
1616 1165 1707 1197 quae
1725 1154 1990 1197 propemodum
2016 1154 2154 1187 oblitte-

1159 1212 1270 1240 ratur.
1328 1206 1453 1251 Neque
1478 1205 1573 1237 enim
1599 1210 1737 1237 tantum
1761 1204 1914 1241 sumitur
1940 1205 2153 1249 supplicium

1159 1258 1202 1289 de
1219 1256 1317 1301 ipso,
1351 1258 1413 1290 sed
1436 1256 1533 1300 dem)
1559 1254 1668 1299 ipsius
1692 1255 1798 1287 etiam
1824 1255 1960 1292 liberis:
1996 1268 2078 1288 nam
2106 1256 2154 1289 illi

1160 1315 1280 1352 postea
1311 1308 1466 1341 deterius
1496 1306 1689 1340 habebunt.
1757 1306 1853 1339 Sicut
1878 1313 1911 1339 et
1937 1307 2037 1341 Mose
2059 1307 2156 1344 dicit,

1159 1360 1255 1403 quod
1269 1357 1364 1392 Deus
1382 1365 1499 1392 sumat
1517 1356 1729 1401 supplicium
1748 1358 1790 1389 tle
1806 1355 1860 1391 his
1872 1384 1880 1395 ,
1909 1358 1970 1403 qui
1985 1360 2154 1392 mandata

1159 1409 1232 1442 eius
1249 1409 1452 1453 negligunt,
1481 1410 1517 1441 in
1543 1409 1684 1441 tertiam
1711 1413 1745 1440 et
1769 1415 1933 1452 quartam
1957 1410 2157 1452 generatio-

1157 1472 1238 1492 nem
1251 1460 1280 1479 55
1301 1485 1309 1493 .
1364 1460 1494 1493 Graeci
1512 1458 1577 1492 hac
1595 1461 1637 1492 de
1655 1470 1691 1491 re
1709 1458 1819 1492 libros
1837 1460 2069 1503 scripserunt.
2110 1460 2153 1494 Et

1158 1517 1252 1544 extat
1267 1511 1406 1545 libellus
1419 1508 1604 1545 Plutarchi
1620 1511 1662 1543 de
1681 1508 1754 1549 his,
1781 1511 1841 1555 qui
1859 1523 1938 1543 sero
1957 1512 2158 1554 puniuntur

1157 1576 1175 1595 a
1193 1562 1412 1608 11un1i11e53)‚
1442 1569 1475 1596 et
1493 1562 1633 1608 quaerit
1651 1561 1831 1595 mirabiles
1850 1562 2017 1596 rationes.
2071 1562 2157 1597 Eius

1527 1614 1611 1646 Plus
1629 1619 1680 1646 est
1696 1612 1816 1645 ‹lix-ina
1835 1613 1977 1657 negotia
1996 1614 2156 1647 conside-

1669 1676 1776 1709 quam
1797 1665 1840 1697 de
1868 1665 2011 1698 musicis
2037 1665 2156 1709 dispu-

2094 1717 2156 1761 qui

1158 1615 1262 1647 verba
1285 1611 1490 1659 haectsunt:

1156 1677 1236 1698 rare
1253 1664 1417 1699 homines
1435 1665 1639 1702 existentes,

1157 1723 1252 1756 tare,
1277 1717 1426 1762 quinon
1445 1723 1527 1751 sunt
1545 1715 1688 1755 musici,
1718 1722 1749 1748 et
1771 1717 1813 1748 de
1844 1728 1878 1748 re
1896 1716 2064 1756 militari,

1157 1768 1231 1802 eius
1247 1769 1299 1801 rei
1316 1768 1473 1811 imperiti
1492 1774 1574 1800 sunt
1583 1767 1641 1811 ⁵⁷).

1261 1832 1293 1853 v.
1312 1820 1399 1854 286.
1433 1818 1554 1864 (284.)
1588 1816 1662 1852 Σοὶ
1697 1815 1735 1851 δ’
1776 1815 1849 1864 ἐγώ
1886 1815 2003 1851 ἐσθλὰ
2041 1816 2156 1851 νοέων

1157 1868 1262 1917 ἐρέω]
1292 1870 1467 1903 Hortatur
1486 1871 1529 1902 ad
1547 1870 1706 1901 laborem
1734 1881 1828 1901 nunc
1852 1874 1974 1911 poeta,
2010 1869 2153 1901 ductum

1157 1928 1409 1965 argumentum
1430 1934 1448 1954 a
1468 1927 1596 1953 natura
1614 1920 1767 1953 virtutis.
1831 1919 1923 1952 Nam
1950 1920 1998 1951 ita
2024 1931 2156 1963 propo-

1156 1972 1209 2005 nit
1225 1973 1407 2010 laborem,
1436 1979 1473 2006 ut
1493 1972 1536 2005 sit
1555 1972 1765 2004 coniunctus
1784 1983 1863 2004 cum
1891 1970 2020 2003 xirtute
2046 1977 2078 2002 et
2104 1971 2155 2002 iu-

1191 2107 1238 2139 49)
1259 2107 1404 2137 praecidit]
1424 2106 1466 2130 sic
1485 2105 1669 2133 Editt.153·2.,
1694 2104 2016 2131 1511.11,156·2.;1ιῑ.ᾱ
2036 2102 2108 2126 1541.
2125 2104 2154 2127 F.

1225 2141 1502 2172 praescidit;1⁴;ditt
1525 2140 1616 2165 1557..
1639 2139 1830 2163 1564—1662.
1849 2137 2029 2167 praescindit.

1191 2184 1238 2216 50)
1260 2184 1460 2212 conscientiae]
1488 2183 1515 2206 111
1536 2183 1620 2206 Editt.
1641 2182 1760 2206 1541.1‹
1817 2180 2009 2205 1557..1601
2029 2179 2151 2203 -1662.

1227 2220 1314 2243 deest.

1191 2261 1239 2292 51)
1260 2261 1380 2284 luvenal.
1401 2262 1457 2284 sat.
1482 2261 1521 2284 14.
1541 2260 1600 2284 321.

1191 2305 1239 2331 52)
1258 2304 1379 2333 Sumque
1399 2321 1404 2326 .
1427 2321 1431 2326 .
1452 2321 1458 2327 .
1480 2321 1484 2326 .
1506 2298 1641 2329 50811912]
1662 2300 1702 2323 sic
1722 2300 1784 2323 illae
1798 2299 1897 2329 Editt.;

1226 2338 1312 2368 perti:
1339 2338 1480 2367 Nunquam
1500 2355 1506 2360 .
1527 2355 1532 2359 .
1554 2354 1559 2359 .
1580 2352 1586 2358 .
1606 2335 1678 2358 dicit.

1191 2381 1239 2409 53)
1260 2377 1306 2410 νὴ]
1326 2379 1353 2403 111
1371 2380 1421 2403 Ed.
1443 2379 1517 2403 1557.
1538 2378 1628 2401 omiss.

1192 2424 1240 2451 54]
1260 2423 1307 2451 de]
1327 2421 1354 2445 in
1374 2421 1422 2444 Ed.
1440 2421 1514 2444 1541.
1532 2420 1559 2442 B.
1580 2418 1672 2443 omiss.

1191 2465 1239 2497 55)
1260 2464 1344 2489 Exod.
1364 2464 1407 2491 20,
1423 2463 1448 2486 5.
1474 2463 1518 2491 34,
1537 2462 1561 2486 7.

1191 2509 1240 2535 56)
1260 2507 1309 2531 Hie
1328 2507 1398 2530 liber
1417 2505 1566 2534 inscriptus
1584 2506 1640 2527 est:

1228 2541 1295 2569 δίως
1313 2539 1537 2571 τιιιωοουιιέιων.

1192 2586 1240 2616 57)
1260 2583 1400 2619 Plutarchi
1419 2583 1503 2605 seraa
1524 2582 1539 2604 Ι.
1554 2582 1570 2604 1.
1589 2588 1611 2605 c.
1626 2583 1651 2604 ⁴.
1679 2581 1719 2604 hic
1745 2581 1829 2604 latine
1855 2581 1962 2603 redditi
1987 2582 2055 2603 ‘iaec
2074 2582 2152 2603 sunt:

1228 2618 1313 2643 711ίο1’
1332 2624 1385 2649 γαρ
1405 2616 1463 2639 {Gn
1482 2615 1528 2639 Τοῦ
1549 2614 1611 2646 leffl¹
1630 2622 1934 2645 (1⁰t·61mu1'1¹11ov601r;
1945 2632 1951 2642 ,
1969 2613 2015 2637 ΖΠ)
2034 2620 2084 2637 71'0
2083 2621 2153 2644 afflu-

1228 2653 1284 2677 κιῦι
1303 2635 1502 2682 ιῖστηατι-ὑτοις
1521 2648 1712 2681 ‹kuffiso-am.
1745 2648 1774 2672 vd
1802 2647 1834 2672 ῐιὶ
1861 2650 1923 2672 ’θεῖα
1951 2648 1996 2671 καί
2021 2646 2152 2679 δαιμὸιια

1228 2685 1381 2718 πυάγιιαηε
1401 2684 1576 2713 διασκοηεῐι,
1596 2683 1667 2707 αιθι
1661 2691 1761 2711 υἰοι
1780 2692 1811 2707 οι
1816 2691 1857 2710 τι

1564 2717 1639 2754 14*

1924 2300 2014 2322 luven.
2031 2299 2078 2323 Ed.
2097 2300 2154 2323 Ru-

1673 2502 1735 2534 περὶ
1761 2502 1816 2526 τιιῑν
1840 2510 1893 2526 1·πο
1918 2504 1965 2526 τοῦ
1991 2503 2067 2527 &ison
2087 2504 2154 2534 βοα-
