2373 2980
116 79 209 112 1001
626 74 748 111 LXXI.

163 163 196 197 O
214 162 365 196 miserae
384 161 572 202 mulieres,
597 173 618 195 o
636 162 796 196 facinora

162 214 342 248 Deorum:
374 213 547 258 quidnam
559 239 568 253 ,
600 226 786 261 quousque
817 227 952 260 poenas
984 216 1106 249 remit-

524 270 652 306 temus,

162 317 199 351 Si
215 321 404 361 potentum
424 315 565 349 iniuriis
582 315 822 363 perimus³⁵)?

109 367 186 405 255
225 371 299 403 lon.
342 367 466 413 Quare
507 367 617 412 gemis
659 367 809 401 obscura
845 370 1019 414 quaedam
1034 396 1043 409 ,
1084 382 1104 402 o

525 418 679 452 mulier?

161 470 292 516 Gre.3⁶)
317 468 416 505 Nihil
432 469 577 503 remitto
596 468 794 515 arcum3⁷);
818 476 957 504 caetera

159 522 237 566 Ego
255 528 356 555 taceo
368 548 377 562 ‚
401 527 436 554 et
450 528 490 554 tu
505 533 549 554 ne
567 533 678 556 cures.
819 554 826 556 .

160 576 233 608 Ion.
255 573 358 618 Quae
376 572 436 606 es?
467 572 573 606 Unde
590 573 707 613 venis,
733 585 775 606 ex
793 585 862 618 qua
884 573 1000 617 patria

157 624 205 659 Es
221 630 305 658 nata
318 651 327 664 ,
354 636 425 670 quo
443 624 589 658 nomine
605 631 638 657 te
655 637 783 658 vocare
799 623 967 669 oportet?

109 677 186 712 260
211 678 284 712 Cre.
311 675 444 709 Creusa
462 674 552 709 mihi
566 688 701 710 nomen
720 682 791 716 est,
817 688 857 709 ex
873 672 1075 708 Erechtheo

159 728 252 763 Nata
271 740 349 762 sum
361 754 369 767 ,
394 727 512 772 patria
531 734 583 762 est
597 726 871 761 Atheniensium
890 726 1026 759 civitas.

158 782 234 814 lon.
252 778 285 812 Ο
304 779 474 824 inclytam
491 778 658 813 habitans
676 780 815 818 urbem,
835 784 869 811 et
885 790 903 811 a
922 776 1103 822 generosis

158 830 321 865 Educata
338 830 566 874 parentibus,
594 836 633 864 ut
648 836 682 863 te
700 829 878 863 admiror!

157 884 232 917 Cre.
256 881 415 915 Eatenus
430 895 508 916 sum
524 881 607 915 felix
625 887 659 914 et
674 893 749 914 non
766 879 928 914 ulterius.

108 931 184 968 265
213 936 286 968 Ion.
321 933 466 979 Quaeso
490 940 524 967 te
548 944 612 977 per
634 932 750 973 Deos,
778 943 910 966 verane
937 931 995 964 illa
1022 930 1104 970 sint,

516 996 607 1030 quae
628 984 795 1018 dicuntur
812 984 855 1016 ab
874 981 1104 1016 hominibus?

161 1039 236 1071 Cre.
259 1036 441 1081 Quidnam
460 1036 660 1080 interroges
673 1063 682 1076 ,
707 1036 790 1069 volo
809 1047 1033 1079 cognoscere.

155 1089 230 1121 Ion.
256 1087 365 1121 Pater
381 1100 468 1121 avus
485 1088 598 1132 patris
622 1087 675 1121 tui
692 1100 733 1121 ex
749 1094 893 1120 terrane
913 1093 1012 1119 ortus
1031 1084 1104 1119 est'?

161 1140 235 1172 Cre.
262 1137 520 1172 Erichthonius
544 1139 711 1183 quidem,
734 1139 794 1171 sed
819 1150 929 1182 genus
954 1150 1011 1171 me
1030 1149 1104 1170 non

518 1195 629 1222 iuvat.

157 1242 231 1274 Ion.
256 1239 350 1274 Num
372 1240 488 1285 ipsum
507 1240 672 1273 Minerva
692 1252 732 1273 ex
752 1247 844 1273 terra
867 1240 1042 1285 protulit?

107 1290 182 1326 270
217 1293 289 1326 cre.
325 1290 365 1324 In
379 1292 557 1336 virgineas
575 1303 722 1331 manus,
757 1304 836 1325 cum
856 1305 936 1326 eum
954 1304 1027 1325 non
1047 1304 1104 1335 ge-

522 1342 726 1387 nuissetas).

139 1508 188 1536 35)
209 1507 293 1532 Cher.
313 1507 451 1531 Miserunt
469 1521 502 1525 —
521 1508 666 1538 perimus?
694 1509 749 1539 (vs.
769 1509 961 1539 233—254.)]
989 1510 1028 1534 sic
1053 1511 1102 1533 Ed.

175 1542 270 1572 1562.;
288 1542 340 1566 Ed.
361 1542 455 1566 1558:

211 1577 297 1601 Cher.
317 1576 488 1600 Dimisernnt
507 1576 608 1600 domini
628 1576 678 1600 Dei
697 1583 739 1600 me
760 1583 892 1601 secessus
911 1579 960 1602 hos
981 1580 1084 1604 videre.

207 1612 272 1636 Ion.
290 1612 326 1635 Et
345 1611 465 1635 famulae
484 1617 553 1635 vero
573 1611 650 1635 cuius
670 1611 806 1635 vocamini
826 1610 968 1637 familiae?

210 1645 297 1671 Ultor.
318 1645 440 1670 Palladis
459 1645 629 1678 domestica,
648 1646 737 1669 altilia
756 1646 829 1669 atria

209 1682 333 1705 Meorum
358 1682 559 1712 tyrannorum,
595 1680 696 1704 circum
720 1686 787 1704 vero
819 1683 982 1710 praesentes
1013 1683 1101 1707 inter-

521 1721 600 1746 roga.

209 1750 269 1774 lon.
289 1749 471 1774 Generositas
491 1749 555 1782 tibi,
576 1751 603 1773 et
626 1755 730 1772 morum
750 1749 886 1775 indicium.

208 1785 303 1809 Talem
320 1785 440 1815 figuram
459 1785 558 1809 habes.
578 1790 756 1814 quaecunque
776 1791 822 1816 es,
844 1790 859 1807 o
879 1785 986 1809 mulier.

209 1819 347 1851 „Utinam
366 1821 565 1850 cognosceret,
590 1819 717 1849 quoniam
735 1819 821 1842 multa
841 1820 941 1843 homini
959 1820 1097 1846 accidunt.

208 1854 367 1884 „Formam
385 1854 484 1877 videns
505 1853 583 1884 quis,
602 1859 638 1877 an
658 1853 734 1877 esset
752 1859 917 1884 generosus

207 1889 301 1913 Ehem.
357 1889 412 1912 Sed
441 1888 589 1912 attonitum
620 1887 715 1911 fecisti
746 1894 805 1919 me,
844 1889 938 1913 oculos
969 1890 1099 1914 claudens

518 1924 599 1954 tuos,

204 1957 370 1988 Lachrymis
389 1963 457 1981 vero
476 1956 600 1988 irrigans
619 1957 749 1987 pulchras
769 1963 867 1988 genas,

206 1992 357 2022 Postquam
375 1991 472 2015 vidisti
488 1997 559 2022 pura
577 1991 714 2021 Apollinis
733 1992 854 2016 oracula.

207 2026 342 2057 Quidnam
361 2026 395 2049 ad
414 2026 465 2049 hoc
485 2025 680 2049 sollicitudinis
701 2026 821 2056 venisti,
842 2032 857 2049 o
877 2025 996 2052 mulier?

207 2060 344 2090 Quoniam
363 2065 457 2084 omnes
476 2060 579 2083 caeteri
599 2059 755 2089 penetralia
773 2060 900 2084 videntes
920 2061 981 2091 Dei,

207 2095 351 2126 Gaudent,
371 2094 407 2118 ibi
426 2094 522 2118 oculus
542 2095 605 2117 tuus
624 2094 785 2124 lachrymas
805 2095 902 2120 fundit.

207 2130 272 2155 Cre.
293 2129 316 2153 0
335 2130 454 2160 hospes,
474 2128 582 2152 indoles
602 2128 709 2159 quidem
728 2129 775 2152 tua
792 2135 846 2153 non
866 2129 1004 2154 inerudita
1023 2132 1075 2162 est,

206 2165 238 2189 111
257 2163 467 2188 admirationem
485 2163 601 2187 veniens
621 2163 654 2187 de
673 2163 741 2186 meis
758 2164 918 2194 lachrymis.

205 2199 268 2230 Ego
287 2204 374 2230 vero,
393 2204 454 2221 cnm
471 2197 605 2222 vidissem
622 2197 762 2228 Apollinis
781 2199 831 2222 has
850 2199 944 2230 aedes,

207 2233 370 2258 Memoriam
389 2232 510 2263 priscam
527 2232 682 2263 recogitavi
701 2233 845 2262 quandam.

205 2267 288 2292 Domi
304 2273 374 2291 vero
393 2267 511 2292 animum
530 2267 690 2298 habuimus,
710 2267 753 2291 hic
772 2268 895 2292 existens
913 2270 997 2294 certe.

206 2302 229 2327 0
249 2302 375 2326 infelices
395 2301 544 2331 mulieres,
564 2308 579 2326 o
599 2301 725 2326 facinora

205 2337 346 2367 Deorum;
366 2336 430 2366 quid
449 2331 544 2360 nunc?
564 2342 616 2367 quo
635 2336 769 2360 iustitiam
788 2336 971 2369 remittemuS,

206 2371 237 2396 Si
254 2370 452 2396 dominantium
470 2370 574 2394 iniuria
591 2368 734 2401 perimus?

137 2422 186 2450 36)
207 2420 286 2453 Cra]
311 2420 353 2445 sic
373 2421 458 2445 Editt.
481 2421 557 2446 1558.
582 2423 609 2445 et
633 2423 750 2446 receutt.
777 2428 863 2453 aeque
888 2428 921 2447 ac
946 2423 995 2446 Ed.
1016 2424 1099 2447 Basil.
1124 2454 1127 2458 ἡ

172 2456 266 2487 1551.;
285 2456 314 2480 m
331 2456 383 2480 Ed.
400 2456 476 2480 1562.
497 2455 584 2480 deest.

136 2508 186 2537 37)
204 2507 278 2532 Nihil
296 2514 364 2532 rem.
385 2505 456 2538 aro]
483 2507 508 2532 h.
529 2507 548 2532 l.
567 2507 595 2530 in
616 2507 667 2531 Ed.
687 2508 761 2532 ¹562.
787 2510 853 2532 nota
877 2514 979 2539 marg.:
1006 2510 1098 2534 defer·
1124 2499 1126 2506 Ι

172 2542 232 2568 buit
248 2542 332 2567 animi
352 2541 509 2566 commotio.
548 2541 681 2566 Proverb.

139 2592 187 2626 38)
207 2599 268 2618 cum
287 2600 348 2617 eum
367 2599 422 2617 non
441 2590 597 2623 genuisset]
624 2592 665 2616 sic
689 2593 808 2624 scripsi3
838 2594 888 2617 Ed.
908 2594 984 2618 1562.
1010 2596 1096 2620 male:

172 2634 234 2652 cum
252 2634 313 2652 eum
331 2627 491 2659 genuissem
516 2627 566 2650 Ed.
589 2627 664 2650 1558.
687 2634 748 2651 cum
775 2634 829 2652 non
855 2629 1011 2658 peperisset
1037 2637 1097 2654 eum

174 2661 251 2693 (vide
270 2664 364 2686 notam
381 2660 472 2693 seq.);
496 2661 582 2685 Editt.
601 2663 721 2687 recent.:
748 2663 873 2692 quamvis
892 2670 953 2687 eum
972 2670 1025 2688 non
1047 2671 1096 2695 pe-

172 2696 293 2726 perisset
314 2696 422 2728 (Eurip.
443 2693 474 2721 οὐ
490 2693 605 2720 τεκοῦσά
626 2695 692 2727 νιν).

803 75 1202 112 INTERPBETATIO
1228 77 1355 113 10le
1381 77 1631 112 EURIPIDIS.

2058 81 2153 116 1002

1212 168 1284 199 lon.
1311 164 1478 198 Tradidit
1492 177 1578 198 vero
1596 177 1677 198 eum
1688 191 1697 205 ,
1725 165 1814 199 sicut
1830 166 2016 210 pingitur?

1212 218 1284 250 Cre.
1318 216 1476 250 Filiabus
1494 216 1663 261 Cecropis
1684 217 1727 250 ad
1745 218 1961 251 servandum
1977 229 2053 251 non
2070 230 2151 251 con-

1572 274 1742 313 spectum.

1212 322 1284 352 lon.
1311 319 1443 368 Aqdivi
1459 321 1614 364 virgines
1630 320 1776 354 solvisse
1795 330 1916 352 arcam
1933 318 2042 353 Deae.

1211 372 1284 404 Cre.
1303 369 1386 403 ldeo
1397 377 1559 404 mortuae
1575 376 1810 405 cruentarunt
1823 383 1944 404 saxum
1960 377 2083 416 petrae
2094 369 2151 416 3⁹).

1158 418 1233 455 275
1261 424 1333 455 Ion.
1357 422 1450 466 Age,
1476 422 1671 468 quidnam?
1725 422 1833 456 Estne
1849 435 1996 463 verum,
2020 433 2066 455 an
2081 422 2154 455 sru-

1573 480 1645 507 stra
1661 473 1816 507 dicitur?

1211 526 1285 557 Cre.
1314 523 1495 568 Quidnam
1513 524 1738 568 interrogas?
1761 537 1835 558 non
1853 525 1981 558 laboro
2001 524 2087 558 otio.

1209 575 1281 606 Ion.
1322 576 1431 608 Pater
1462 581 1542 609 tuus
1572 574 1791 610 Erechtheus
1824 576 2039 609 mactavitne
2075 582 2152 610 tuas

1582 627 1748 661 sorores?

1209 677 1282 709 Cre.
1308 676 1424 709 Ausus
1440 682 1491 709 est
1507 684 1663 711 mactare
1679 679 1841 713 victimas
1858 690 1924 723 pro
1940 679 2068 723 patria.

1210 729 1283 759 Ion.
1311 727 1505 771 Quomodo
1523 733 1560 760 tu
1577 730 1650 761 sola
1671 742 1835 763 sororum
1855 736 1994 764 servata
2016 743 2050 764 es
2060 730 2075 762 ¹?

1158 777 1233 812 280
1260 780 1333 811 Cre.
1361 777 1473 811 Eram
1490 778 1665 812 infantula
1686 780 1723 812 in
1738 782 1830 815 ulnis
1848 781 1984 815 matris.

1209 831 1282 862 Ion..
1305 830 1401 863 Num
1421 842 1502 863 vere
1520 837 1659 875 patrem
1678 829 1798 866 hiatus
1816 838 1932 865 terrae
1948 831 2125 865 occultat?

1212 883 1284 915 Cre.
1302 879 1394 916 Ictus
1410 882 1574 916 tridentis
1593 882 1751 927 Neptuni
1772 884 1887 928 ipsum
1907 883 2152 928 perdiderunt.

1208 934 1281 965 Ion.
1310 932 1426 967 Locus
1443 946 1527 967 vero
1546 934 1624 967 istic
1643 941 1694 968 est
1711 941 1938 979 nuncupatus
1956 934 2125 967 Macrae'?

1211 985 1284 1017 Cre.
1317 984 1413 1028 Quid
1440 985 1639 1029 interrogas
1664 984 1755 1019 hoc?
1786 993 1823 1020 ut
1841 984 1931 1019 mihi
1956 986 2096 1029 redigas
2118 985 2153 1018 in

1575 1038 1788 1071 memoriam
1807 1038 1992 1083 quiddam.

1158 1083 1233 1119 285
1270 1088 1342 1120 Ion.
1371 1087 1537 1122 Honorat
1560 1088 1659 1122 illum
1683 1090 1800 1123 locum
1826 1087 1977 1134 Pythius
2005 1095 2038 1121 et
2062 1087 2154 1121 radii

1568 1140 1663 1174 solis.

1212 1191 1285 1223 Cre.
1308 1189 1484 1231 Honorat,
1500 1190 1669 1232 honorat,
1694 1193 1832 1226 utinam
1851 1204 2036 1238 nunquam
2053 1191 2154 1225 illum

1568 1244 1686 1277 locum
1707 1244 1886 1279 vidissem.

1211 1295 1282 1325 Ion.
1321 1293 1417 1337 Quid
1429 1294 1443 1326 ἰ)
1481 1306 1566 1328 num
1594 1301 1632 1328 tu
1656 1295 1733 1329 Deo
1763 1295 2005 1340 gratissimum
2034 1295 2151 1327 locuni

1576 1346 1708 1380 odisti?

1211 1397 1284 1428 Cre.
1312 1394 1430 1436 nihil,
1455 1409 1474 1430 ο
1498 1395 1644 1442 hospes;
1669 1399 1740 1432 seio
1767 1400 1941 1443 probrum
1970 1398 2151 1443 quoddam

1573 1451 1616 1482 de
1635 1450 1696 1483 illo
1715 1457 1832 1484 antro,

1209 1498 1281 1529 Ion.
1308 1496 1461 1531 Maritus
1477 1511 1562 1532 vero
1578 1500 1656 1545 quis
1673 1507 1706 1534 te
1724 1501 1823 1535 duxit
1840 1497 2138 1533 Atheniensium?

1156 1548 1231 1582 290
1257 1550 1329 1581 Cre.
1356 1548 1438 1582 Non
1456 1550 1562 1591 cix-is,
1586 1553 1646 1585 sed
1663 1552 1872 1598 inquilinus.

1209 1601 1279 1632 Ῐοη.
1307 1600 1421 1644 Quis?
1448 1603 1604 1636 nobilem
1625 1604 1740 1648 ipsum
1762 1616 1834 1638 esse
1853 1608 2006 1647 oportet.

1208 1653 1281 1684 Cre.
1324 1651 1483 1693 Xuthus,
1529 1655 1588 1699 qui
1614 1662 1719 1689 natus
1744 1661 1795 1690 est
1818 1656 1862 1688 ab
1885 1654 2017 1692 Aeolo,
2058 1650 2151 1684 lovis

1572 1706 1656 1740 filio.

1189 1837 1236 1869 39)
1258 1839 1318 1862 Ιοη,
1340 1840 1431 1868 Quare
1449 1852 1483 1856 ——
1501 1840 1605 1869 petrae.
1628 1839 1683 1873 (vs.
1702 1839 1894 1872 aaz-2743]
1921 1839 1960 1863 sic
1987 1839 2034 1862 Ed.
2057 1838 2148 1867 15623

1222 1873 1270 1898 Ed.
1294 1874 1390 1898 15:28:

1259 1908 1321 1932 Ιοη.
1342 1909 1523 1937 Quamobrem
1542 1910 1659 1933 obscura
1679 1910 1875 1940 conquereris.
1892 1915 1907 1933 o
1929 1904 2049 1933 mulier?

1259 1943 1322 1967 Cre.
1341 1943 1422 1968 Maii.
1455 1943 1559 1967 Remisi
1578 1950 1677 1975 arcns3
1699 1950 1731 1968 ea
1751 1951 1834 1971 vero,
1853 1950 1923 1975 quac
1943 1944 2004 1967 huic
2022 1943 2061 1966 rei
2081 1949 2148 1967 con-

1569 1979 1692 2012 veniunt,

1257 2012 1291 2034 Et
1311 2018 1362 2042 ego
1382 2013 1477 2036 tat-eo.
1497 2015 1523 2036 ot
1543 2015 1570 2036 tu
1592 2020 1644 2037 non
1664 2014 1787 2044 inquiras
1806 2013 1876 2044 quid.

1258 2046 1320 2070 lon.
1349 2048 1424 2076 Quae
1445 2053 1511 2070 vero
1538 2045 1591 2071 es?
1616 2048 1687 2072 unde
1714 2051 1852 2072 terrarum
1873 2047 1989 2077 venisti,
2020 2054 2051 2071 ex
2071 2048 2144 2077 quali

1576 2083 1667 2111 patria

1259 2112 1322 2139 Es?
1341 2115 1451 2138 nomine
1471 2121 1523 2145 quo
1543 2117 1569 2139 te
1589 2122 1693 2139 vocare
1711 2122 1762 2139 nos
1783 2114 1933 2140 convenit?

1260 2150 1325 2174 Cre.
1345 2150 1450 2174 Creusa
1469 2150 1531 2172 mihi
1552 2150 1658 2180 quidem
1678 2156 1787 2174 nomen.
1807 2158 1840 2174 ex
1859 2150 2011 2173 Erechtheo

1257 2185 1328 2208 Nata
1346 2191 1422 2213 sum,
1441 2184 1531 2214 patria
1550 2190 1616 2208 vero
1636 2188 1714 2208 terra
1732 2185 1940 2208 Atheniensium
1959 2184 2068 2209 civitas.

1257 2219 1321 2243 Ion.
1341 2220 1363 2243 Ο
1382 2219 1515 2248 inclytam
1536 2219 1663 2242 habitans
1683 2220 1793 2250 urbem,
1813 2220 1841 2243 et
1859 2225 1876 2243 a
1895 2218 2042 2249 generosis

1256 2253 1380 2277 Educata
1398 2253 1538 2283 patribus.
1559 2255 1587 2276 ut
1607 2255 1634 2276 te
1653 2253 1793 2284 admiror,
1813 2259 1828 2277 o
1847 2253 1954 2277 mulier.

1258 2288 1323 2312 Cre.
1343 2289 1483 2311 Hactenus
1503 2288 1601 2311 felices
1621 2294 1733 2317 sumus,
1752 2294 1768 2311 o
1787 2289 1902 2319 hospeS,
1920 2294 2010 2317 neque
2031 2288 2114 2312 ultra.

1257 2323 1318 2346 lon.
1337 2322 1391 2346 Per
1412 2322 1486 2345 Deos
1506 2328 1537 2345 re
1555 2328 1641 2347 vera.
1661 2323 1698 2345 ita
1717 2324 1746 2345 ut
1764 2323 1891 2346 tradatur
1910 2321 2082 2346 mortalibus.

1260 2357 1323 2381 Cre.
1345 2358 1430 2386 Quam
1450 2362 1507 2379 rem
1527 2357 1702 2387 interrogas,
1723 2362 1738 2380 o
1757 2353 1881 2387 hospes?
1901 2357 2009 2380 discere
2027 2357 2100 2380 volo.

1257 2391 1318 2415 Ion.
1337 2392 1379 2414 Ex
1398 2392 1476 2414 terra
1497 2390 1584 2419 patris
1603 2391 1641 2414 tui
1661 2391 1770 2422 genitor
1788 2392 1870 2414 natus
1891 2391 1934 2413 est
1953 2387 2052 2418 pater?

1259 2425 1323 2449 Cre.
1354 2425 1549 2448 Erichthonius
1575 2427 1658 2449 certe.
1713 2426 1772 2448 Hoc
1804 2430 1872 2447 vero
1903 2430 1990 2454 genus
2016 2431 2058 2448 me
2090 2432 2141 2448 non

1565 2459 1650 2483 iuvat.

1256 2494 1317 2517 Ιοη.
1336 2494 1406 2517 Num
1426 2494 1453 2516 et
1471 2493 1558 2523 ipsum
1576 2493 1702 2516 Minerva
1721 2498 1735 2515 e
1754 2494 1831 2516 terra
1850 2492 1989 2518 sustulit'.e

1257 2528 1320 2552 Cre.
1339 2529 1382 2552 Ad
1401 2527 1543 2558 virgineas
1563 2531 1677 2556 malum,
1696 2532 1755 2550 cum
1774 2532 1829 2550 non
1847 2526 2003 2557 peperisset
2022 2533 2090 2551 eum.

1255 2562 1316 2587 Ion.
1337 2562 1432 2586 Tradit
1450 2567 1534 2592 vero,
1554 2560 1594 2584 ita
1612 2561 1642 2584 ut
1659 2560 1687 2584 in
1705 2561 1812 2590 pictura
1832 2558 1978 2592 pingitur?

1257 2597 1320 2621 Cre.
1347 2596 1478 2625 Cecropis
1496 2595 1602 2625 quidem
1621 2595 1655 2618 ad
1679 2595 1846 2619 servandum
1865 2595 1991 2626 filiabus,
2016 2601 2067 2626 quo
2086 2602 2139 2620 non

1560 2630 1712 2653 videbatur.

1254 2665 1315 2689 Ion.
1339 2663 1439 2688 Audivi
1459 2663 1583 2694 virgines
1601 2663 1723 2688 solvisse
1740 2669 1832 2688 arcam
1852 2664 1934 2688 Deae.

1261 2700 1323 2724 Cre.
1343 2698 1426 2723 Certe
1445 2699 1515 2722 enim
1535 2700 1660 2723 mortuae
1680 2704 1774 2723 saxum
1793 2700 1974 2723 cruentarunt
1994 2701 2097 2730 petrae.
