2373 2980
192 92 262 127 831

239 177 366 210 Postea
388 184 507 218 posses
526 182 580 202 me
600 180 763 202 accusare
783 170 939 213 speciosa
960 171 1138 205 oratione:

240 226 396 273 Quando
416 228 578 256 mortuus
596 226 646 253 est
662 218 863 253 Alexander
874 248 883 261 ‚

239 278 341 311 Tunc
358 273 515 318 oportuit
533 284 601 311 me,
619 271 762 316 quando
780 283 854 304 non
870 278 945 305 erat
962 272 1180 317 coniugium,

610 323 654 354 ad
672 322 769 366 quod
786 322 956 356 divinitus
974 330 1076 368 rapta
1093 324 1158 364 sui,

241 378 454 422 l'wlinquere
472 376 617 408 domum
631 399 639 411 ,
668 378 702 404 et
720 373 840 405 venire
859 375 902 406 ad
918 385 1025 408 naves
1036 374 1093 419 ⁵⁹).

189 429 261 463 955
290 427 481 461 Studebam
502 423 569 457 boc
589 425 704 456 facere
717 449 725 462 ,
754 430 856 457 testes
874 431 956 458 sunt
971 423 1061 458 mihi

238 479 410 513 Turrium
431 476 592 510 custodes
612 481 645 507 et
664 486 851 508 murorum
870 477 1124 520 speculatores,

239 531 309 575 Qui
334 541 389 561 me
422 539 525 571 saepe
556 522 869 569 deprehenderunt
903 539 943 559 ex
977 539 1178 571 propugna-

599 575 684 609 culis
696 603 704 615 ‚

237 632 396 667 Funibus
438 630 482 662 ad
525 634 656 661 terram
699 627 789 660 clam
832 627 1069 661 dimittentem
1113 626 1179 661 hoc

606 689 748 721 corpus.

238 735 306 767 Per
324 732 394 764 vim
415 736 531 763 autem
549 727 605 761 hic
623 740 737 761 novus
754 728 902 761 maritus
919 742 974 761 me
996 730 1156 773 rapiens,

189 786 262 820 960
290 780 518 827 Deiphobus,
546 791 693 812 uxorem
712 791 768 812 me
786 777 911 812 habuit
929 780 1048 813 invitis
1066 779 1177 825 Phry-

594 830 706 873 gibus.

238 885 430 932 Quomodo
450 882 557 926 igitur
577 881 651 914 iure
672 880 824 919 moriar,
853 893 872 912 o
889 881 1034 919 marite,

240 939 271 971 A
288 936 344 970 te'?
373 933 430 967 hie
447 932 539 966 enim
557 943 620 975 per
638 931 779 963 vimine
795 931 911 967 duxit;

240 990 311 1023 Pro
331 985 397 1018 illis
416 995 499 1016 vero
520 980 721 1015 domesticis
738 987 770 1013 et
786 993 852 1024 pro
871 982 973 1015 donis
992 982 1161 1014 victoriae

238 1040 312 1083 Ego
331 1035 453 1069 acerbe
472 1032 613 1067 servivi.
667 1031 703 1063 Si
721 1043 804 1063 vero
823 1031 917 1064 Deos
940 1032 1078 1064 vincere

189 1090 263 1124 965
291 1088 370 1126 Vis,
399 1083 465 1118 hoc
485 1083 630 1129 quidem
649 1082 736 1114 velle
755 1082 900 1115 stultum
921 1089 982 1115 est.

242 1143 337 1175 Cltor.
366 1137 398 1169 Ο
424 1135 565 1179 regina,
600 1133 748 1165 defende
774 1138 852 1165 tuos
876 1133 1027 1172 liberos,
1062 1139 1092 1165 et
1121 1144 1182 1176 pa-

602 1184 726 1221 triam;

240 1242 351 1276 Huius
370 1239 485 1272 oratio
506 1235 709 1279 corruptrix
726 1240 792 1271 est;
822 1233 906 1266 dicit
925 1234 1018 1267 enim

240 1291 445 1329 Praeclare,
494 1300 573 1321 cum
596 1286 640 1319 sit
665 1285 841 1324 malefica,
884 1283 951 1318 hoc
981 1292 1098 1318 autem
1132 1290 1182 1317 est

596 1335 848 1380 perniciosum.

239 1397 317 1429 Hec.
344 1391 507 1425 Primum
524 1388 696 1421 excusabo
714 1386 826 1425 Deas‚

190 1446 263 1480 970
289 1444 334 1478 Et
351 1442 536 1476 ostendam
552 1437 644 1472 hanc
660 1450 732 1470 non
752 1437 868 1469 dicere
886 1437 989 1470 iusta.

239 1496 314 1540 Ego
332 1493 426 1526 enim
441 1488 614 1525 Iunonem
634 1495 668 1521 et
682 1488 865 1521 Palladem

240 1548 323 1582 Non
340 1545 385 1577 ad
400 1549 536 1576 tantam
554 1539 739 1574 stultitiam
756 1538 891 1571 venisse
911 1537 1071 1570 existimo
1084 1564 1092 1577 ‚

241 1598 291 1631 Ut
307 1595 395 1629 baec
414 1594 557 1640 quidem
575 1591 688 1634 Argos
705 1589 867 1622 barbaris
882 1588 1100 1627 vendiderit,

239 1648 358 1681 Pallas
390 1651 508 1678 autem
533 1640 690 1676 Athenas
720 1638 921 1685 Phrygibus
954 1639 1084 1673 servire
1120 1650 1180 1670 vo-

600 1692 727 1731 luerit,

191 1749 265 1785 975
293 1749 393 1793 Quae
411 1758 474 1791 per
498 1745 621 1778 ludum
649 1749 683 1775 et
705 1748 851 1785 propter
876 1741 1018 1774 delicias
1044 1742 1085 1773 de
1110 1740 1180 1772 for·
1206 1740 1208 1771 Ξ

596 1805 673 1826 mae
691 1792 883 1825 certamine

241 1848 414 1882 Vener-int
431 1847 474 1878 ad
491 1844 603 1877 Idam.
659 1843 765 1876 Cuius
783 1843 876 1875 enim
892 1841 943 1873 rei
960 1841 1073 1884 gratia

242 1901 330 1934 Iuno
349 1904 487 1931 tantum
510 1893 658 1927 haberet
675 1906 833 1926 amorem
852 1891 1012 1925 formae?

241 1953 297 1985 An
317 1956 355 1983 ut
372 1946 666 1993 praestantiorem
684 1943 765 1976 love
785 1944 958 1987 acciperet
974 1941 1167 1975 maritum?

242 2003 313 2036 Aut
329 2006 368 2034 ut
383 1999 499 2032 Pallas
515 1997 658 2040 nuptias
676 1994 822 2028 alicuius
841 1994 998 2026 Deorum
1018 2000 1181 2032 tentaret,

193 2055 265 2088 980
294 2053 394 2096 Quae
414 2048 653 2092 virginitatem
673 2058 690 2078 a
708 2052 807 2089 patre
827 2043 1039 2089 postularit,

242 2103 395 2147 Fugiens
414 2096 644 2142 coniugium?
673 2109 717 2129 ne
732 2097 787 2128 sac
805 2096 898 2128 Deas
915 2094 1058 2133 stultas,

241 2156 361 2189 Tuum
387 2156 570 2196 peccatum
594 2160 779 2184 excusans;
823 2159 897 2179 non
918 2145 1011 2177 enim
1038 2156 1181 2188 persua-

603 2199 702 2232 debis
724 2198 952 2241 sapientibus.

242 2255 417 2288 Venerem
436 2263 545 2297 porro
568 2249 705 2289 dixisti,
740 2249 777 2281 id
802 2248 898 2294 quod
925 2246 1027 2279 valde
1052 2245 1181 2278 ridicu·
1206 2241 1208 2248 ’

596 2301 671 2334 lum
690 2305 740 2333 est
751 2326 761 2339 ,

244 2356 390 2389 Venisse
407 2365 486 2386 meo
503 2363 581 2385 eum
598 2352 670 2384 filio
689 2351 732 2383 ad
749 2347 904 2382 Menelai
921 2347 1080 2379 domum.

195 2406 268 2442 985
297 2407 424 2440 Nonne
441 2415 589 2436 manens
606 2401 795 2446 tranquille
814 2400 850 2431 in
868 2398 966 2431 coelo

245 2457 424 2491 Potuisset
447 2466 509 2487 vos
531 2454 704 2485 abducere
733 2464 811 2485 cum
839 2450 923 2494 ipsis
946 2447 1102 2492 Amyclis
1138 2447 1181 2479 ad

600 2502 726 2536 Ilium?

244 2558 312 2593 Sed
330 2568 428 2589 meus
443 2555 533 2588 filius
550 2554 616 2586 fuit
634 2554 747 2586 forma
771 2550 1108 2595 praestantissimus,

228 2642 275 2673 59)
295 2641 330 2665 ad
348 2640 450 2668 naves]
470 2639 509 2662 sic
524 2639 706 2668 [mitta-553,
728 2637 817 2665 {5623
836 2637 921 2661 Editt.
941 2637 1042 2659 recent.
1062 2638 1108 2664 (z
1117 2637 1183 2660 text.

265 2677 322 2706 gr.)
339 2674 374 2698 ad
393 2673 561 2704 Argivorum
579 2678 674 2697 naves.

766 83 887 119 PHIL.
914 84 1026 120 MEL.
1061 85 1262 123 SCRIPTA
1289 88 1625 124 PHILOLOGICA.

2153 93 2226 130 832

1284 175 1362 208 Tua
1379 188 1462 208 vero
1481 186 1579 208 mens
1596 175 1687 206 facta
1704 179 1755 207 est
1770 173 1910 214 Venus,
1935 175 2058 210 videns
2075 177 2204 221 ipsum.

1285 227 1375 260 Suus
1395 226 1520 270 cuique
1539 226 1639 258 furor
1655 230 1704 258 est
1721 222 1927 259 hominibus
1945 226 2082 267 Venus,

1206 305 1209 319 ,
1233 277 1307 311 990
1329 276 1397 317 „Et
1415 288 1548 309 nomen
1559 275 1706 308 Veneris
1722 281 1814 308 recte
1833 287 1851 308 a
1868 276 2015 310 stultitia
2033 277 2225 323 incipitffl).

1285 328 1399 372 Quem
1419 334 1455 360 tu
1473 327 1613 361 intuens
1631 326 1818 359 barbarico
1836 327 1964 361 vestitu
1976 355 1984 367 ,

1283 378 1328 411 Et
1347 390 1433 411 auro
1453 379 1717 422 splendentem,
1742 377 1882 410 incensa
1902 390 1936 412 es
1953 378 2093 418 animo;

1285 429 1387 471 Argis
1403 430 1497 461 enim
1518 429 1659 473 exiguas
1676 427 1809 462 liabens
1827 440 1910 471 opes
1930 431 2136 465 versabaris.

1284 480 1475 514 Discedens
1494 480 1612 526 itaque
1630 492 1671 513 ex
1687 479 1812 523 Sparta
1830 476 2012 523 Phrygum
2033 481 2211 516 civitatem

1233 530 1307 564 995
1334 531 1518 564 Fluentem
1537 543 1644 569 auro,
1670 530 1819 574 sperasti
1838 536 1869 562 te
1887 543 1987 573 posse
2006 530 2153 576 implere

1284 582 1509 625 Sumptibus;
1538 594 1610 614 non
1627 581 1691 614 tibi
1709 581 1793 614 satis
1811 587 1886 613 erat
1905 581 2057 614 Menelai

1288 633 1420 666 Domus
1438 635 1481 665 ad
1500 632 1753 666 luxuriandum
1772 632 1840 664 tuis
1856 632 2000 666 deliciis.

1282 685 1354 727 Age
1372 684 1457 717 dicis
1475 696 1592 717 meum
1611 683 1721 716 fllium
1739 682 1773 714 vi
1790 688 1821 715 te
1838 682 2047 717 abduxisse?

1285 736 1373 779 Quis
1390 735 1518 767 civium
1536 733 1667 768 sensit?
1696 739 1757 765 aut
1773 745 1841 778 qua
1861 733 2114 767 vociferatione

1242 787 1333 819 1000
1360 785 1536 819 lnvocasti
1557 786 1739 818 Castorem
1761 784 2018 817 adolescentem
2033 811 2041 823 ‚

1284 837 1444 869 Gemello
1462 838 1570 869 fratre
1588 833 1702 868 adbuc
1720 834 1871 874 vivente,
1899 837 2049 868 necdum
2068 834 2105 868 in
2123 834 2226 868 astris

1650 884 1842 919 existente?
2170 885 2173 888 ’

1284 939 1478 983 Postquam
1514 949 1598 970 vero
1624 936 1772 970 Troiam
1798 936 1943 975 venisti,
1984 935 2108 980 Argivi
2138 946 2222 967 vero

1647 994 1746 1020 tuum

1286 1039 1479 1081 Vestigium
1499 1038 1608 1071 secuti
1626 1044 1724 1075 sunt;
1740 1043 1814 1069 erat
1833 1043 1950 1069 autem
1968 1037 2132 1071 bellicum
2150 1047 2223 1068 cer-

1644 1094 1762 1120 tamen
1775 1114 1783 1126 ‚

1285 1138 1438 1183 Quando
1456 1151 1510 1171 res
1528 1136 1632 1171 huius
1651 1138 1814 1170 meliores
1831 1137 2088 1170 nuntiabantur
2108 1136 2190 1175 tibi,

1239 1189 1333 1224 1005
1361 1189 1563 1222 Menelaum
1580 1189 1768 1228 laudabas,
1804 1187 1895 1220 filius
1911 1194 1950 1220 ut
1963 1188 2099 1220 doleret
2114 1199 2224 1225 meus,

1285 1241 1427 1273 Habens
1445 1252 1613 1283 magnum
1628 1239 1775 1272 rivalem
1795 1238 1944 1276 amorim

1285 1292 1440 1336 Quando
1458 1303 1542 1323 vero
1563 1288 1923 1328 vincebantTroiani,
1947 1286 2038 1321 nihil
2056 1294 2134 1321 erat
2148 1288 2223 1321 iste.

1285 1341 1357 1381 „In
1374 1343 1555 1375 fortunam
1574 1342 1715 1374 intuens
1732 1338 1800 1372 hoc
1822 1340 2006 1379 studebas,
2033 1345 2072 1372 ut
2344 1330 2353 1361 ἶ

1286 1392 1572 1432 „Consectareris
1589 1404 1686 1438 ea.1n;
1713 1391 1881 1423 virtutem
1897 1390 1996 1434 sequi
2012 1387 2223 1434 nolebasffl).

1238 1444 1333 1477 1010
1360 1442 1406 1475 Et
1428 1442 1554 1476 deinde
1579 1442 1722 1475 funibus
1747 1452 1874 1484 corpus
1898 1446 1998 1474 tuum
2021 1438 2134 1472 furari
2162 1450 2223 1470 vo·
2344 1445 2346 1502 ‚

1638 1492 1742 1524 luisse
1759 1491 1845 1524 dicis
1856 1517 1864 1530 ,
2347 1489 2350 1495 ’

1283 1543 1483 1577 Etnrribus
1508 1543 1696 1576 demittens
1706 1542 1770 1586 62),
1804 1548 1975 1585 tanquam
2001 1550 2149 1571 manens
2171 1538 2224 1570 in-
2344 1540 2345 1545 ’

1643 1593 1713 1625 vite
1723 1592 1737 1624 ¹?
2342 1559 2345 1647 θ

1284 1645 1354 1677 Ubi
1390 1656 1472 1688 ergo
1508 1642 1727 1688 deprehensa
1762 1654 1796 1675 es
1834 1648 1894 1674 aut
1928 1641 2145 1685 suspendens
2175 1640 2224 1672 la-

1645 1706 1755 1739 queos
1767 1719 1775 1732 ‚

1282 1747 1355 1779 Aut
1372 1746 1526 1789 gladium
1545 1743 1788 1778 contrectans?
1809 1755 1899 1788 quae
1913 1754 2082 1786 generosa
2097 1742 2224 1775 mulier

1285 1796 1430 1829 Faceret
1441 1824 1449 1837 ,
1476 1797 1633 1841 priorem
1648 1795 1852 1828 desiderans
1866 1793 2046 1827 maritum.

1238 1846 1332 1893 1015
1360 1848 1470 1892 Atqui
1489 1848 1677 1881 monebam
1694 1852 1726 1878 te
1746 1857 1866 1889 saepe:

1285 1899 1317 1932 O
1335 1899 1402 1931 filia
1414 1925 1423 1938 ‚
1451 1900 1634 1942 egre‹lere;
1661 1897 1733 1930 mei
1749 1896 1812 1928 filii
1827 1894 1969 1939 nuptias

1282 1949 1378 1983 Alias
1396 1948 1624 1987 contrahent;
1651 1954 1684 1980 te
1704 1953 1821 1980 autem
1839 1948 1884 1978 ad
1901 1957 2009 1978 naves
2026 1944 2181 1978 Graecas

1206 2015 1210 2048 Ι
1284 2001 1446 2040 Mittam,
1482 2000 1587 2034 simul
1622 1999 1793 2032 adiuvans
1819 1997 1990 2030 furtivum
2016 1996 2222 2034 discessum;

1206 2050 1210 2077 l
1639 2051 1695 2083 fac
1708 2050 1815 2082 finem
1833 2047 1917 2080 belli

1206 2080 1210 2203 ἰ
1284 2100 1380 2134 luter
1396 2102 1552 2135 Graecos
1572 2108 1606 2134 et
1621 2114 1697 2134 nos.
1738 2099 1872 2133 Verum
1889 2097 1957 2131 hoc
1973 2104 2050 2131 erat
2066 2097 2131 2130 tibi
2147 2109 2221 2139 mo-

1206 964 1209 1078 ἱ

1643 2152 1783 2185 lcstum.

1236 2203 1333 2237 1020
1360 2201 1401 2234 In
1423 2202 1616 2236 Alexandri
1641 2202 1736 2235 enim
1761 2202 1869 2233 domo
1892 2197 2145 2233 contumeliose
2168 2209 2222 2230 re-

1640 2252 1792 2296 gnabas,

1284 2303 1329 2336 Et
1348 2304 1492 2336 adorari
1508 2315 1527 2336 a
1543 2303 1706 2336 barbaris
1723 2301 1877 2334 voluisti.
2342 2305 2344 2335 ξ

1284 2353 1347 2389 Illa
1373 2354 1468 2388 enim
1494 2360 1596 2387 erant
1619 2353 1683 2386 tihi
1708 2365 1856 2396 magna,
1898 2357 1931 2384 et
1962 2356 2102 2396 praeter
2135 2348 2221 2384 haec
2342 2348 2343 2352 ’

1205 2416 1209 2440 ¹
1647 2411 1746 2438 tuum
1764 2415 1892 2448 corpus
2340 2382 2343 2431 i

1206 2441 1210 2543 ᾗ
1235 2467 1437 2472 Q

1268 2513 1315 2545 60)
1335 2515 1369 2537 Et
1388 2519 1485 2536 nomen
1502 2526 1535 2531 -—
1554 2513 1671 2543 incipit]
1697 2514 1764 2538 haee
1783 2515 1811 2538 in
1829 2519 1916 2544 marg.
1928 2512 2012 2536 Editt.
2034 2511 2125 2542 1558.‚
2145 2510 2218 2534 1562.

1303 2548 1343 2571 sic
1362 2547 1547 2577 explicantur:
1571 2548 1739 2578 Aphrodite,
1763 2548 1867 2577 aplnron
1885 2547 1977 2570 autem
1995 2547 2096 2570 stultus
2115 2546 2169 2570 est.

1269 2590 1367 2647 60111.
1386 2591 1404 2614 l.
1423 2590 1449 2615 in
1467 2590 1530 2616 iisd.
1547 2590 1632 2614 Editt.
1650 2592 1716 2614 nota
1734 2596 1836 2622 marg:

1303 2632 1318 2648 c
1330 2629 1389 2648 ara.

1269 2667 1316 2699 62)
1336 2666 1492 2696 demittens]
1512 2667 1552 2690 sic
1565 2667 1613 2692 Ed.
1632 2667 1720 2696 15584
1746 2668 1794 2693 Ed.
1812 2668 1884 2693 ¹562.
1904 2667 2048 2692 dimittens.

1869 2590 1990 2614 Fortuna
2016 2588 2113 2613 virtuti
2136 2593 2219 2618 prae-
