2373 2980
17 1382 31 1552 „f·³*·-

88 745 114 780 2<
82 711 122 728 8
82 578 127 690 θυμῷ·
81 281 126 560 leghem&

35 1031 38 1054 ²,
81 1014 221 1047 tatione
239 1026 300 1047 sua
322 1014 449 1059 cuique
464 1013 563 1057 regio
587 1013 734 1046 attribui
758 1013 880 1057 possit.

36 1086 37 1090 =
80 1065 202 1110 primo
239 1064 438 1108 triangulo,
478 1064 628 1103 Arietis,
665 1063 797 1098 Leonis
826 1073 859 1097 et
887 1065 1083 1108 Sagittarii,

318 212 418 243 Fines
431 211 612 243 secundum
646 210 840 252 sleyypiios.

199 280 230 312 24—
321 275 342 305 6
418 274 443 315 ῼ
534 275 555 305 6
631 274 654 310 ἕ
714 274 736 304 8
796 273 821 306 ὃ
883 273 904 302 5
968 272 992 307 “b
1063 271 1083 300 5

205 317 230 357 2
321 318 342 348 8
419 317 442 354 ἐξ
533 317 555 347 6
630 317 654 351 τ)
714 317 735 347 8
794 322 826 351 zi
884 316 905 345 5
965 317 990 348 ὅ
1062 313 1083 343 3

206 360 230 396 ἔξ.
321 360 343 390 6
413 365 443 398 ὶμ
533 359 554 388 6
630 358 655 397 9.
713 359 735 388 5
796 358 825 396 3
884 358 905 388 7
967 359 992 392 τ)
1062 356 1084 385 6

199 402 231 439 <3¹
321 404 342 433 ’7
414 402 439 442 ῼ
533 402 554 431 6
631 401 654 437 3?-
714 401 736 431 6
794 404 826 432 74-
883 400 904 430 7
969 400 992 436 Τ)
1063 399 1084 427 4

198 448 232 521 ἔξ
322 445 344 517 ξ
414 445 440 526 ἓ
511 453 553 516 13
622 443 655 522 2³?
713 444 734 515 Ξ
793 438 824 518 Ξ
883 443 904 514 ἓ
965 443 993 521 ἑ
1062 440 1084 513 ἓ

204 527 230 562 'b
319 530 341 559 6
417 529 440 565 Ξ
531 529 552 558 8
622 532 652 564 24-
712 528 733 558 7
800 522 825 563 ῼ
884 527 905 557 7
965 528 991 560 <3
1061 525 1083 555 2

198 569 229 606 3
319 572 341 602 7
415 570 440 609 ῼ
531 571 553 599 4
630 569 653 605 ξε
713 570 735 600 s
792 570 823 603 zi
882 569 904 598 5
967 569 992 603 τ)
1061 567 1083 597 6

198 615 228 648 ²4
297 613 339 643 12
414 612 440 652 ῼ
530 613 551 642 5
630 611 654 647 ἒ
714 614 734 641 4
799 608 824 644 ἲ)
881 612 903 640 5
963 612 989 643 ὃ
1060 610 1081 639 4

200 653 225 689 ἕ
315 656 337 686 7
408 659 438 692 ²4-
529 655 551 685 7
629 652 654 692 ῼ
714 655 734 685 '7
800 650 824 685 Τ)
882 654 902 683 4
963 653 990 685 ἆ
1059 652 1081 681 5

197 696 222 733 ἔ
314 698 336 727 ⁷
411 697 436 736 ῼ
529 697 551 727 6
623 699 655 732 zt
715 698 735 726 7
793 692 823 729 0²
880 696 901 725 5
966 695 990 733 τ)
1059 695 1080 724 5

192 738 218 778 ῼ
292 739 333 770 12
403 744 434 778 24-
530 740 552 769 4
630 737 653 774 ξ
713 738 734 770 3
795 735 820 767 ἆ
880 739 902 770 9
962 738 985 776 Τ)
1057 738 1090 776 2,

187 807 378 842 Chaldaica
397 821 482 842 vero
508 808 600 841 ratio
626 807 824 852 simplicior
851 821 891 842 ac
918 810 1088 853 probabi-

38 887 40 890 *
80 861 151 894 lior
171 866 240 900 est,
269 872 477 905 quanquam
497 872 541 892 uc
558 857 645 892 haec
670 859 814 905 quidem
838 861 979 903 penitus
1004 873 1087 894 con-

82 912 188 945 cinna
208 918 280 950 est,
309 924 389 944 cuin
411 911 448 943 in
474 912 583 951 serie,
613 923 719 955 quam
747 911 855 944 sumit
881 924 898 943 a
926 912 1085 956 triangu—

80 964 201 997 lorum
220 962 409 1002 dominiis,
444 968 519 995 tum
546 962 583 994 in
607 974 778 1001 numero,
809 969 848 995 ut
870 963 945 995 sine
972 975 1085 996 anno-

930 1014 1023 1048 Nam
1047 1015 1084 1046 in

85 1129 163 1150 cum
183 1122 343 1150 servetur
360 1117 448 1148 ordo
465 1116 668 1158 signorum,
696 1115 832 1159 primus
850 1116 930 1149 finis
955 1123 1005 1149 est
1028 1115 1082 1149 Io-

84 1168 157 1207 vis,
181 1167 241 1212 qui
263 1167 470 1199 dominatur
494 1167 545 1198 illi
569 1166 767 1209 triangulo;
803 1168 977 1200 secundus
1000 1167 1082 1201 finis

84 1218 230 1252 secundi
249 1218 437 1261 trianguli,
472 1217 604 1250 scilicet
621 1216 788 1254 Veneris;
823 1218 948 1250 tertius
975 1219 1082 1258 tertii,

85 1268 370 1303 scilicetSaturni
386 1267 614 1305 etMercurii;
634 1268 780 1301 ultimus
789 1269 960 1312 postremi
972 1270 1083 1302 trian-

86 1320 176 1363 guli,
204 1319 336 1352 scilicet
362 1318 499 1351 Martis.
550 1317 590 1350 In
615 1319 770 1351 secundo
796 1319 993 1363 triangulo,
1020 1321 1082 1365 qui

85 1376 137 1403 est
161 1369 292 1408 Tauri,
323 1369 481 1412 Virginis
512 1375 545 1401 et
561 1368 794 1412 Capricorni,
829 1371 890 1403 ubi
917 1370 1081 1404 similiter

82 1420 178 1453 iuxta
197 1420 380 1463 signorum
404 1419 566 1452 ordinem
586 1420 812 1464 proceditur,
840 1421 979 1464 primus
998 1422 1078 1455 finis

84 1477 135 1505 est
159 1470 327 1511 Veneris,
360 1471 534 1504 secundus
560 1477 594 1503 et
619 1471 743 1504 tertius
760 1472 908 1505 Saturni
935 1479 968 1505 et
985 1473 1080 1506 Mer—

84 1521 192 1562 curii,
211 1528 358 1567 quartus
375 1522 520 1562 Martis,
539 1522 683 1567 quintus
701 1523 857 1556 Saturni.
911 1523 966 1556 Ad
985 1522 1079 1557 hunc

82 1574 231 1606 modum
248 1574 320 1606 sere
337 1573 373 1605 in
390 1573 537 1618 reliquis
547 1574 685 1607 duobus
696 1574 882 1617 triangulis
895 1576 984 1608 ordo
997 1588 1079 1608 con-

82 1625 243 1669 spicitur.
305 1624 377 1657 Ubi
412 1631 529 1657 autern
559 1625 715 1658 eiusdem
744 1626 874 1669 trigoni
901 1627 972 1659 duo
997 1633 1080 1660 sunt

83 1676 347 1716 dominatores,
388 1675 562 1709 Saturnus
595 1683 629 1708 et
660 1676 878 1717 Mercurius,
921 1678 1079 1712 interdiu

82 1727 257 1760 Saturnus
274 1726 513 1771 principatum
532 1727 667 1761 ordinis
685 1728 837 1767 tenebit,
864 1736 974 1763 noctu
994 1742 1078 1763 vero

82 1778 303 1817 Mercurius,
331 1791 395 1811 nec
421 1790 591 1812 numerus
617 1780 792 1822 graduum
817 1779 854 1811 in
874 1780 1002 1814 finibus
1026 1782 1079 1814 in-

82 1831 230 1863 tricatus
248 1830 325 1863 erit.

190 1897 331 1930 Habeat
352 1898 445 1930 enim
471 1898 621 1932 subinde
645 1898 823 1943 posterior
846 1900 988 1943 planeta
1014 1901 1079 1933 mi-

82 1962 149 1982 nus
168 1962 240 1982 uno
261 1950 373 1993 gradu
391 1950 427 1981 in
443 1950 589 1990 finibus,
618 1962 724 1994 quam
743 1950 853 1994 prior.
909 1951 996 1984 Cum
1015 1952 1079 1995 igi-

83 2007 141 2034 tur
157 2000 294 2044 primus
309 1999 440 2034 habeat
455 2007 535 2034 octo
553 2003 701 2044 gradus,
731 2002 768 2034 in
794 2004 949 2036 secundo
975 2010 1079 2036 erunt

83 2058 216 2096 septem
230 2078 239 2092 ,
266 2052 302 2084 in
320 2053 425 2085 tertio
442 2064 520 2092 sex,
547 2052 583 2085 in
603 2059 732 2097 quarto
754 2054 934 2099 quinque,
965 2054 1001 2086 in
1026 2055 1079 2087 ul-

82 2103 171 2136 timo
188 2110 356 2148 quatuor.
408 2103 453 2135 Hi
470 2104 611 2136 numeri
628 2104 785 2143 collecti,
821 2112 925 2138 erunt
950 2107 1079 2149 gradus

84 2155 228 2198 triginta
248 2155 432 2188 cuiuslibet
449 2155 551 2199 signi.
586 2154 638 2187 Ex
656 2153 722 2188 hac
741 2157 992 2189 distributione
1009 2157 1079 2190 col-

85 2206 246 2250 liguntur
273 2206 428 2239 Saturno
457 2207 586 2250 gradus
615 2207 734 2239 diurni
764 2214 843 2240 octo
873 2215 906 2241 et
940 2215 1080 2252 septua-

83 2258 200 2301 ginta,
227 2258 393 2290 nocturni
410 2270 469 2291 sex
487 2264 520 2290 et
543 2258 744 2301 sexaginta,
780 2258 856 2291 lovi
877 2261 949 2293 duo
974 2266 1007 2292 et
1028 2272 1079 2293 se-

82 2309 292 2353 ptuaginta,
335 2308 443 2342 Marti
471 2322 600 2342 noveni
631 2316 665 2342 et
702 2311 903 2354 sexaginta,
948 2311 1079 2344 Veneri

84 2360 242 2405 quinque
259 2366 292 2393 et
312 2361 553 2404 septuaginta3
590 2361 770 2394 Mercurio
795 2363 915 2395 diurni
940 2369 1018 2395 octo
1046 2369 1080 2395 et

83 2412 284 2455 sexaginta,
312 2412 480 2444 nocturni
496 2425 555 2446 sex
581 2419 614 2445 et
637 2414 877 2457 septuaginta:
915 2414 977 2460 qui
1001 2426 1079 2458 gra—

84 2463 150 2495 dus
169 2463 325 2501 collecti,
354 2470 458 2496 erunt
474 2464 620 2497 trecenti
646 2470 680 2496 et
702 2466 894 2509 sexaginta.
949 2465 1001 2498 Ex
1025 2463 1079 2498 his

84 2514 220 2547 duabus
238 2514 436 2548 rationibus
457 2515 579 2548 finium
595 2542 604 2556 ,
631 2515 868 2560 Aegyptiacae
893 2517 971 2561 plus
998 2517 1078 2549 fidei

84 2564 312 2598 tribuendum
331 2573 400 2606 est,
428 2572 461 2599 et
477 2567 559 2612 quia
587 2573 758 2612 tanquam
784 2568 880 2601 utilis
904 2569 947 2601 ab
963 2569 1078 2613 Aegy-

83 2616 168 2660 ptiis
183 2616 414 2661 scriptoribus
435 2617 470 2650 in
488 2619 624 2652 tabellis
642 2625 810 2651 annotata
831 2625 902 2659 est,
937 2626 970 2652 et
994 2620 1076 2664 quia

85 2669 216 2711 gradus
252 2669 478 2702 consentiunt
514 2683 594 2703 cum
631 2670 858 2704 nativitatum
897 2671 1077 2715 exemplis.

85 2718 175 2752 Cum
196 2725 313 2752 autem
334 2718 368 2752 hi
391 2720 455 2764 ipsi
475 2722 665 2765 scriptores
681 2734 745 2754 nec
768 2721 903 2755 ordinis
924 2734 988 2755 nec
1012 2734 1076 2755 nu-

139 2777 323 2807 MELANTH.
349 2776 454 2807 Ormi.
478 2778 563 2807 Vm..
587 2779 710 2808 XVIII.

285 122 425 157 XLVII.
466 121 865 157 INFERPRETATIO
894 120 1065 154 OPERIS
1091 121 1477 166 QUADRIPARTITI
1504 121 1788 156 PTOLEMAEI
1814 121 1902 157 LIB.
1920 122 1945 157 Ι.

2093 121 2143 157 34

1145 208 1234 240 meri
1269 221 1410 242 causam
1444 208 1679 248 ostenderint,
1722 208 1973 242 dissimilitudo
2005 210 2140 244 ordinis

1145 271 1290 291 movere
1319 260 1555 303 suspicionem
1583 267 1617 293 et
1647 258 1961 303 reprehensionem
1989 260 2140 295 videtur.

1145 308 1255 342 Incidi
1276 316 1391 342 autem
1414 311 1449 343 in
1470 311 1656 356 antiquum
1679 311 1864 351 volumen,
1897 312 1993 357 quod
2019 312 2139 357 aliqua

1147 373 1187 394 ex
1206 367 1305 405 parte
1324 368 1497 395 vetustate
1515 369 1763 406 consumptum
1784 369 1879 403 erat,
1904 363 1940 395 in
1961 375 2031 409 quo
2050 361 2141 408 phy-

1145 412 1237 445 sicae
1265 425 1390 445 causae
1415 413 1550 445 ordinis
1576 420 1609 445 et
1636 415 1774 446 numeri
1801 415 1975 457 graduum
2002 414 2140 459 exposi-

1146 470 1202 496 tae
1222 470 1342 503 erant,
1370 471 1403 497 et
1420 464 1559 496 additae
1578 470 1678 497 erant
1696 471 1852 498 veterum
1879 478 2055 509 geneseon
2080 467 2141 499 de-

1145 515 1355 559 scriptiones
1384 521 1416 548 et
1443 527 1612 550 numerus
1642 528 1839 561 congruens
1867 530 1945 551 cum
1977 524 2139 551 veterum

1147 567 1390 601 annotatione.
1445 567 1511 601 Sed
1539 568 1655 601 oratio
1681 575 1757 601 erat
1781 570 1938 613 prolixa,
1967 577 2001 604 et
2027 569 2139 604 conti-

1146 618 1252 650 nebat
1268 631 1486 663 supervacua
1515 626 1745 663 argumenta,
1781 627 1814 653 et
1836 621 1925 654 liber
1948 628 2023 654 erat
2048 623 2139 655 lace-

1146 675 1265 708 ratus,
1308 677 1347 703 ut
1381 671 1440 704 vix
1468 683 1625 704 summas
1654 683 1773 704 rerum
1804 672 1950 717 adsequi
1985 686 2138 717 possem.

1145 720 1224 765 Qua
1244 720 1280 753 in
1298 733 1335 754 re
1360 722 1488 755 tabella
1513 722 1636 756 finium
1665 723 1701 755 in
1726 729 1879 756 extrema
1905 723 1986 756 libri
2008 724 2137 768 pagina

1144 772 1285 813 addita,
1327 786 1418 819 quae
1460 781 1640 807 manserat
1675 774 1904 819 incorrupta,
1946 787 2002 808 me
2037 775 2136 808 adiu-

1143 824 1260 857 vabat.

1244 900 1313 933 Sed
1332 900 1533 933 coniectura
1553 901 1695 934 illorum
1712 908 1786 935 tota
1806 915 1842 936 se
1859 903 1906 935 ita
1924 901 2042 937 habet.
2095 902 2136 936 In

1141 951 1266 984 ordine
1297 952 1481 994 signorum
1506 952 1729 996 accipiuntur
1760 955 1983 993 altitudines,
2025 955 2136 987 trian-

1139 1003 1211 1046 guli
1230 1009 1264 1036 et
1281 1003 1478 1035 domicilia:
1516 1016 1670 1049 quorum
1694 1005 1722 1038 si
1749 1018 1817 1050 qua
1841 1007 1939 1039 stella
1965 1008 2052 1039 duas
2074 1003 2136 1039 ha-

1138 1054 1197 1086 bet
1223 1054 1491 1098 praerogativas
1520 1055 1556 1087 in
1581 1056 1705 1087 eodem
1732 1056 1853 1101 signo,
1895 1055 1977 1090 huic
2000 1058 2135 1102 praeci-

1138 1117 1229 1149 puus
1246 1106 1344 1138 locus
1361 1105 1549 1145 tribuitur,
1572 1106 1710 1140 etiamsi
1730 1109 1887 1141 malefica
1905 1109 2023 1142 suerit.
2064 1109 2135 1142 Ubi

1139 1162 1256 1189 autem
1276 1157 1362 1190 tales
1387 1158 1658 1201 praerogativae
1684 1170 1757 1191 non
1782 1160 2029 1204 reperiuntur,
2058 1173 2134 1193 lna-

1137 1207 1256 1239 leficae
1282 1207 1318 1239 iu
1342 1214 1538 1240 extremum
1565 1209 1681 1242 locum
1707 1212 1982 1244 transferuntur.
2044 1211 2135 1244 Alti-

1136 1258 1301 1291 tudinum
1336 1271 1422 1291 vero
1456 1259 1594 1291 domiui
1624 1260 1780 1303 primum
1811 1263 1928 1296 locum
1954 1262 2134 1301 obtinent;

1136 1307 1201 1342 hos
1220 1316 1418 1354 sequuntur
1440 1311 1578 1342 domini
1605 1311 1887 1355 triangulorum,
1920 1314 2047 1346 deinde
2070 1315 2133 1346 do-

1136 1360 1352 1393 miciliorum
1388 1361 1526 1393 domini
1557 1364 1752 1396 secundum
1778 1365 1961 1408 signorum
1985 1365 2133 1403 seriem,

1135 1412 1195 1444 sed
1216 1411 1262 1443 ita
1277 1438 1285 1451 ,
1314 1418 1352 1444 ut
1369 1412 1466 1444 stella
1479 1439 1488 1451 ,
1518 1426 1608 1458 quae
1628 1412 1734 1447 habet
1748 1417 1834 1449 duas
1850 1416 2133 1460 praerogativas,

1135 1463 1324 1506 praecedat
1342 1462 1379 1494 in
1398 1463 1521 1496 eodeni
1543 1464 1645 1507 signo
1664 1477 1761 1506 eam,
1790 1479 1881 1512 quae
1898 1479 2006 1500 uuam
2024 1465 2134 1501 habet

1134 1513 1436 1557 praerogativam,
1498 1513 1635 1548 Cancer
1667 1528 1752 1549 vero
1790 1524 1823 1550 et
1846 1517 1921 1551 Leo
1954 1531 2033 1551 curn
2063 1519 2135 1552 sint

1135 1565 1314 1597 domicilia
1340 1564 1431 1598 Solis
1458 1572 1491 1598 et
1514 1565 1657 1606 Lunae,
1684 1569 1929 1603 attribuuntur
1951 1570 2132 1609 maleficis,

1136 1628 1227 1661 quae
1260 1617 1296 1648 in
1330 1616 1378 1649 eis
1404 1617 1624 1660 potentiores
1650 1625 1751 1659 sunt,
1788 1620 1870 1666 quia
1894 1621 2030 1654 lumina
2058 1633 2132 1653 non

1134 1666 1267 1703 habent
1282 1669 1380 1701 fines.
1421 1667 1461 1700 In
1481 1668 1619 1702 Cancro
1637 1671 1780 1715 quidem
1799 1672 1885 1705 fines
1903 1670 2008 1705 habet
2019 1672 2131 1713 Mars,

1134 1719 1171 1751 in
1188 1718 1308 1752 Leone
1328 1731 1412 1752 vero
1430 1719 1623 1761 Saturnus,
1651 1722 1688 1754 in
1705 1723 1833 1768 quibus
1859 1724 1948 1756 ordo
1974 1723 2022 1757 eis
2047 1736 2132 1756 con-

1134 1770 1279 1804 veniens
1298 1776 1474 1804 servatur.

1235 1848 1415 1881 Numerus
1432 1854 1548 1880 autem
1567 1850 1740 1892 graduum
1765 1850 1813 1883 ita
1841 1851 2005 1885 traditur.
2060 1852 2132 1885 Ubi

1133 1910 1208 1931 non
1224 1899 1405 1932 invenitur
1427 1899 1546 1939 stella,
1578 1901 1665 1933 duas
1690 1899 1825 1934 habens
1850 1903 2130 1946 praerogativas,

1134 1950 1189 1982 vel
1207 1950 1243 1982 iu
1263 1952 1388 1983 eodem
1413 1951 1536 1994 signo,
1569 1951 1623 1983 vel
1649 1952 1685 1984 in
1712 1954 1911 1997 quadrante
1938 1954 2130 1998 sequentis,

1134 2003 1265 2035 dantur
1289 2008 1408 2046 partes
1435 2009 1600 2046 septenae
1624 2003 1789 2037 beneficis
1820 2003 1896 2037 Iovi
1921 2011 1955 2038 et
1982 2004 2129 2043 Veneri;

1135 2053 1265 2098 quinae
1285 2065 1369 2086 vero
1389 2054 1575 2093 maleficis,
1602 2054 1758 2088 Saturno
1778 2062 1811 2088 et
1830 2055 1958 2094 Marti3
1987 2056 2129 2089 Mercu-

1133 2105 1187 2137 rio
1207 2117 1312 2144 vero,
1345 2104 1406 2150 qui
1424 2105 1623 2138 communis
1648 2112 1718 2146 est,
1752 2119 1869 2141 senae.
1929 2106 1981 2140 Ita
2004 2120 2129 2140 nume-

1133 2169 1193 2189 rus
1211 2156 1354 2200 triginta
1372 2157 1546 2199 graduum
1566 2157 1742 2200 expletum
1772 2164 1805 2190 et
1827 2156 1914 2191 haec
1937 2159 2058 2202 regula
2085 2159 2128 2192 de

1134 2207 1175 2240 iis
1192 2208 1363 2247 traditur,
1391 2220 1481 2253 quae
1499 2220 1573 2240 non
1589 2205 1722 2241 habent
1741 2210 1827 2242 duas
1848 2209 2128 2253 praerogativas.

1132 2259 1179 2291 At
1196 2272 1274 2291 cum
1302 2259 1441 2304 aliquae
1466 2260 1553 2292 duas
1580 2256 1711 2292 liabent
1734 2260 2002 2304 praerogativas
2026 2260 2127 2305 (nam

1136 2310 1255 2344 Venus
1286 2317 1319 2343 et
1351 2310 1518 2354 trianguli
1553 2311 1698 2342 domina
1729 2317 1799 2350 est,
1835 2317 1868 2344 et
1891 2311 2063 2344 domicilii
2089 2312 2128 2345 in

1133 2361 1275 2399 Tauro;
1310 2361 1434 2394 Lunae
1461 2362 1553 2394 enim
1578 2374 1652 2394 non
1677 2362 1921 2396 attribuuntur
1943 2363 2045 2408 fines)
2072 2361 2127 2397 his

1132 2426 1224 2446 unus
1241 2415 1371 2457 gradus
1387 2413 1551 2445 adiicitur
1564 2439 1572 2452 ,
1600 2413 1654 2445 vel
1672 2413 1708 2444 in
1726 2415 1849 2447 eodem
1868 2414 1968 2458 signo
1980 2441 1988 2454 ,
2017 2415 2072 2447 vel
2089 2415 2127 2447 in

1133 2465 1319 2508 proximo,
1346 2476 1456 2509 usque
1481 2465 1523 2496 ad
1553 2465 1800 2508 quadrantem.
1852 2464 2036 2510 Erantque
2059 2463 2126 2505 his,

1133 2516 1169 2548 in
1187 2516 1244 2548 illa
1265 2516 1412 2554 tabella,
1442 2515 1619 2559 adscripta
1636 2522 1779 2559 puncta.
1822 2517 2046 2550 Auferuntur
2064 2529 2126 2550 au-

1132 2573 1202 2600 tem
1218 2565 1256 2600 hi
1274 2566 1447 2599 adiecticii
1464 2567 1594 2610 gradus
1612 2568 1856 2610 potentiorum
1870 2581 1887 2600 a
1899 2568 2026 2601 finibus
2037 2568 2125 2600 alio-

1131 2631 1231 2657 rum,
1260 2619 1321 2663 qui
1343 2618 1460 2651 minus
1484 2618 1666 2661 dignitatis
1690 2616 1839 2658 liabent,
1866 2619 2076 2664 plerumque
2104 2631 2126 2651 a

1130 2669 1305 2708 Saturno;
1341 2670 1400 2703 sed
1424 2676 1544 2702 tamen
1570 2675 1604 2702 et
1627 2682 1644 2701 a
1670 2668 1772 2709 Iove,
1807 2676 1956 2714 propter
1976 2669 2127 2703 tardita-

1129 2727 1199 2753 tem
1218 2727 1347 2755 motus.
1401 2720 1547 2753 Tabella
1568 2727 1686 2754 autem
1705 2721 1826 2754 finium
1847 2719 1932 2754 haec
1950 2727 2019 2755 est:

1584 2772 1607 2806 3
