2373 2980
114 94 191 130 317
609 90 683 125 LV.
736 89 953 124 INTERPR
961 89 1146 124 ETATIO

171 180 305 225 „Quae
322 177 378 210 lex
396 177 441 209 ad
456 182 490 209 te
509 187 696 220 progressa
717 176 746 209 si
765 181 1034 220 corrumpetur,

172 231 248 272 „Et
264 240 336 262 non
353 239 506 272 poenam
527 228 684 267 dabunt,
709 227 769 272 qui
789 225 948 270 hospites

173 279 441 322 „Interficiunt,
490 285 552 312 aut
575 278 735 311 Deorum
769 290 867 311 sacra
901 278 1035 310 audent
1064 287 1120 309 ca-

542 342 644 373 pere:

120 381 195 417 805
223 381 335 422 „Non
352 388 405 415 est
421 381 613 427 quicquam
634 380 727 412 inter
742 377 905 412 homines
921 378 1120 424 aequabile.

170 433 268 466 Haec
294 433 402 477 igitur
426 433 519 465 inter
541 431 658 475 turpia
684 442 898 470 numerans,
935 441 1121 463 revereare

534 494 591 514 me
602 508 610 521 ,

171 534 343 568 Miserere
363 533 496 572 nostri,
526 545 565 566 ac
582 532 683 578 quasi
699 532 816 576 pictor
834 531 980 566 seorsim
1000 538 1097 565 stans

174 586 265 618 Vide
283 597 359 623 me,
386 590 420 617 et
437 583 598 628 adspice,
627 583 746 628 qualia
766 581 881 616 habeo
899 583 1005 616 mala.

171 636 309 679 Regina
329 647 426 668 eram
445 635 528 668 olim
541 661 550 674 ,
583 636 643 668 sed
658 646 753 667 nunc
770 646 871 672 serva
889 640 968 671 tua;

122 687 198 721 810
224 687 325 720 Felix
341 686 452 719 multa
471 686 591 719 sobole
617 685 701 718 olim
721 685 891 724 existens,
919 697 1014 718 nanc
1037 696 1122 716 vero

533 736 636 769 annis
656 737 854 781 orbataque
870 736 990 770 liberis
1004 735 1124 775 simul,

172 787 284 827 Exul,
310 788 468 827 deserta,
497 787 725 820 afflictissima
747 784 949 820 hominum.

173 838 254 872 Heu
271 836 359 871 mihi
378 838 540 877 miserae,
568 850 640 883 quo
657 850 675 870 a
695 849 751 870 me
770 838 936 871 subducis
953 839 1079 882 pedem
1091 838 1105 870 2¹

174 889 310 923 Videor
327 889 494 923 effectura
513 901 586 922 esse
604 887 693 921 nihil
705 916 714 928 ,
745 901 765 921 o
783 889 913 922 misera
933 901 1011 933 eg0.

175 940 305 986 „Quid
324 942 467 974 tandem
487 940 658 973 mortales
674 940 761 973 alias
779 940 923 985 quidem
943 946 1048 973 artes.

124 990 200 1026 815
227 991 494 1033 „Elaboramus
513 1003 658 1030 omnes,
689 998 728 1025 ut
751 997 911 1035 oportet,
947 997 980 1024 et
1007 989 1126 1036 inqui-

540 1042 652 1075 rimus
663 1069 672 1082 ,
1149 1026 1155 1077 i

177 1093 398 1134 „Suadelam
419 1106 503 1126 vero
519 1093 681 1137 reginam
700 1093 816 1127 solum
836 1093 928 1125 inter
947 1090 1113 1125 homines
1150 1095 1155 1168 Ι

178 1144 292 1184 „Non
324 1145 468 1190 quidem
502 1150 644 1189 praeter
669 1151 826 1177 caeteras
853 1145 897 1176 ad
920 1144 1027 1176 finem
1054 1149 1126 1176 stu-

549 1196 674 1228 demus

179 1244 395 1285 „Mercedes
413 1246 537 1279 dantes
555 1245 688 1279 discere
700 1271 709 1284 ,
738 1250 777 1277 ut
791 1244 896 1277 liceat
913 1245 998 1277 olim
1150 1170 1156 1282 i

179 1296 450 1336 „Persuadere‚
494 1308 586 1342 quae
611 1297 690 1341 quis
722 1295 848 1335 vellet,
890 1302 923 1329 et
956 1296 1126 1341 consequi
1150 1285 1156 1384 Ι

544 1347 675 1380 simul?

126 1397 200 1432 820
227 1397 419 1441 Quomodo
437 1397 546 1441 igitur
569 1396 718 1442 posthac
743 1397 821 1442 quis
846 1408 990 1441 sperare
1016 1397 1125 1441 possit

545 1456 706 1482 acturum
729 1460 765 1480 se
783 1460 855 1480 esse
872 1447 987 1481 bene?

174 1497 228 1530 Illi
245 1498 388 1544 quidem
411 1505 464 1532 tot
480 1500 582 1532 liberi
602 1511 675 1533 non
693 1499 845 1542 amplius
860 1506 943 1533 sunt
961 1496 1062 1531 mibi.

174 1547 254 1593 Ipsa
272 1562 357 1583 vero
376 1551 420 1583 ad
438 1551 698 1595 turpitudinem
719 1551 856 1594 captiva
875 1550 1082 1595 proficiscor
1094 1576 1102 1587 ,

175 1599 331 1634 Fumum
349 1614 435 1634 vero
460 1602 559 1635 urbis
587 1601 680 1636 bunc
705 1603 984 1646 eglomerantem
1014 1601 1050 1633 in
1077 1600 1126 1632 al-

539 1660 613 1686 tum
634 1654 749 1687 video.
1149 1614 1155 1705 i

174 1702 286 1747 Atqui
304 1704 453 1737 sortasse
473 1704 616 1749 quidem
637 1717 753 1738 sermo
772 1703 889 1737 inanis
907 1702 963 1736 bic
979 1703 1023 1737 sit
1151 1707 1155 1735 Ι

125 1751 199 1789 825
227 1754 403 1787 Venerem
421 1757 671 1799 praetendere;
699 1763 855 1789 attamen
873 1756 1022 1789 dicetur.
1151 1746 1156 1811 l

174 1804 231 1837 Ad
248 1812 348 1839 tuum
367 1807 460 1840 latus
476 1807 545 1839 filia
565 1820 644 1840 mea
664 1808 769 1840 cubat
1150 1813 1156 1878 l

177 1856 285 1889 Vates
297 1883 305 1896 ,
335 1869 441 1902 quam
464 1865 593 1892 vocant
611 1859 849 1892 Cassandram
867 1856 1032 1891 Troiani.
1151 1882 1156 1901 ,

175 1907 247 1940 Ubi
264 1909 437 1943 iucundas
455 1909 524 1942 iam
543 1917 664 1944 noctes
684 1909 847 1943 ostendes
859 1935 868 1948 ,
898 1922 918 1940 o
938 1920 1017 1945 rex,
1151 1903 1156 1943 l

176 1959 249 1992 Aut
266 1959 304 1991 in
319 1959 409 1993 lecto
426 1958 617 1995 charorum
638 1961 867 2005 amplexuum

126 2011 201 2044 830
230 2010 392 2044 Gratiam
418 2024 524 2058 quam
547 2010 693 2045 habebit
716 2011 812 2045 filia?
855 2023 921 2056 pro
956 2011 1012 2043 illa
1042 2024 1126 2044 vero

545 2076 609 2107 ego
620 2063 634 2096 Ρ
1151 2063 1156 2096 Ι

177 2111 263 2152 „Ex
280 2113 435 2147 tenebris
455 2114 549 2146 enim
570 2114 827 2159 nocturnisque
843 2113 1064 2157 amplexibus
1151 2099 1156 2161 Ι

177 2162 455 2210 „Illecebrisque
472 2165 577 2199 simul
591 2164 798 2199 homiuibus
814 2165 924 2199 multa
942 2165 1053 2208 gratia
1066 2165 1126 2211 3⁸),

175 2214 270 2247 Audi
288 2227 371 2249 sane
388 2228 502 2250 nunc:
534 2224 718 2250 mortuum
736 2215 831 2250 hunc
850 2216 972 2249 vides?

176 2265 269 2299 Huic
285 2267 376 2300 bene
390 2267 524 2302 faciens
541 2269 638 2301 affini
656 2275 716 2301 tuo

128 2315 202 2349 835
228 2317 388 2358 Fecefis,
416 2331 508 2353 unus
526 2333 582 2353 me
600 2332 717 2354 sermo
736 2318 855 2352 deficit
872 2316 999 2351 adbuc.
1151 2302 1155 2336 ι

178 2367 325 2401 Utinam
344 2368 433 2402 mihi
451 2371 549 2404 fieret
565 2384 634 2404 vox
652 2371 688 2404 in
704 2368 860 2403 brachiis
1151 2347 1155 2414 i

179 2417 224 2450 Et
240 2420 404 2454 manibus
422 2428 456 2454 et
473 2434 575 2455 coma
595 2430 629 2456 et
645 2423 775 2467 pedum
797 2421 976 2464 ingressu,
1151 2416 1155 2465 l

180 2468 252 2501 Aut
265 2469 414 2505 Daedali
432 2473 567 2507 artibus
578 2501 586 2514 ,
614 2481 676 2507 aut
691 2473 758 2506 Dei
778 2472 925 2506 alicuius
936 2497 945 2510 ,
1151 2468 1387 2578 iffi

180 2519 231 2552 Ut
246 2522 363 2555 omnia
384 2523 488 2557 simul
507 2525 575 2559 tuis
594 2523 890 2558 adhaerescerent
908 2521 1056 2567 genibus

164 2652 212 2684 38)
233 2654 265 2678 Β.
284 2654 302 2677 1.
324 2654 349 2678 in
376 2661 463 2687 marg.
484 2658 532 2680 Ed.
555 2658 628 2682 ¹562.
654 2657 824 2687 adscriptum
856 2657 898 2680 est
924 2662 1022 2680 nomen
1043 2656 1129 2681 Deae

202 2688 236 2711 ad
257 2694 335 2719 quam
354 2690 420 2714 hacc
439 2694 581 2721 spectant,
607 2690 765 2723 „venus”

1151 1739 1155 1743 .
1182 1710 1254 1744 865
1285 1710 1386 1750 „Aut
1401 1711 1634 1754 pecuniarum
1657 1710 1750 1743 enim
1775 1723 1896 1743 servus
1919 1717 1989 1749 est,

1174 90 1400 125 HECUBAE
1429 90 1680 126 EURIPIDIS.

1174 175 1248 210 840
1273 176 1456 210 Plorantia
1471 205 1480 218 ,

2096 93 2170 128 318

1523 176 1758 222 exprimentia
1791 176 1906 210 omnis
1939 178 2077 221 generis
2099 191 2171 212 ser-

1581 241 1717 262 l‘noneS·

1227 277 1259 309 O
1280 279 1444 318 domine,
1474 291 1494 311 o
1512 280 1707 312 maximum
1729 279 1874 313 Graecis
1890 280 2011 312 lumen

1226 328 1461 372 Obtempera:
1489 330 1631 373 porrige
1650 343 1794 363 manum
1814 328 1895 363 huic
1914 332 1997 364 anui

1224 380 1397 415 Ultricem
1411 406 1419 418 ,
1449 380 1583 424 etsique
1603 379 1692 413 nibil
1712 394 1748 413 ea
1770 388 1837 414 est:
1868 383 1927 414 scd
1946 389 2077 416 tamen.

1227 431 1352 472 „Boni
1371 431 1463 463 enim
1479 430 1545 462 viri
1565 437 1615 463 est
1632 432 1785 464 iustitiae
1802 433 1987 471 auxiliari,

1176 482 1251 518 845
1279 482 1355 523 „Et
1372 482 1485 515 malos
1503 482 1629 525 punire
1647 482 1779 527 ubique
1797 483 2002 530 seiiiper39).

1228 535 1324 569 Ultor.
1354 533 1591 573 „Mirandum
1624 539 1694 571 est,
1737 535 1949 568 mortalibus
1981 541 2020 568 ut
2052 536 2172 569 omnia

1587 584 1771 623 accidunt,

1228 635 1303 675 „Et
1319 635 1543 669 necessitates
1560 635 1651 679 leges
1669 635 1862 674 definiunt,

1229 686 1405 727 „Amicos
1423 687 1613 719 efficientes
1629 698 1671 719 ex
1687 693 1790 718 antea
1808 685 2081 725 inimicissimis,

1230 737 1499 783 „Inimicosque
1521 744 1602 770 ante
1624 738 1875 770 benevolentes
1890 738 2124 784 facientesw).

1179 787 1253 822 850
1279 791 1400 832 Ayum.
1418 789 1494 833 Ego
1511 795 1543 821 te
1563 795 1596 821 et
1611 795 1711 821 tuum
1729 789 1839 821 fitium
1858 795 1891 821 et
1908 789 2070 822 fortunas
2087 795 2176 829 tuas,

1230 840 1263 873 Ο
1277 840 1419 873 Hecuba
1433 867 1442 880 ,
1469 852 1532 884 per
1549 840 1833 873 misericordiam
1850 852 2069 885 manumque
2095 853 2177 885 sup-

1591 891 1718 934 plicem
1743 889 1874 923 babeo:

1229 942 1275 975 Et
1293 942 1418 975 vellem
1436 941 1595 975 Deorum
1614 942 1727 986 gratia
1741 969 1749 981 ,
1780 942 1928 986 impium
1950 939 2127 986 hospitem

1230 993 1275 1026 Et
1293 994 1415 1027 iustiti·
1414 1006 1447 1026 ie
1464 993 1576 1036 gratia
1597 991 1687 1025 hanc
1706 993 1770 1025 tibi
1788 995 1871 1026 dare
1888 1005 2060 1037 poenam:

1232 1045 1267 1077 Si
1285 1057 1356 1089 quo
1375 1045 1485 1077 modo
1502 1044 1582 1077 xide
1587 1056 1645 1084 ar,
1673 1050 1712 1076 ut
1730 1045 1794 1077 tibi
1814 1045 1903 1077 bene
1922 1045 1966 1077 sit
1983 1046 2139 1085 efficere,

1180 1094 1254 1129 855
1281 1096 1531 1141 Exercituique
1555 1108 1629 1128 non
1652 1095 1775 1128 xidear
1798 1095 1835 1128 in
1854 1095 2074 1129 Cassandrae
2100 1108 2178 1140 gra-

1600 1147 1684 1179 tiam

1232 1196 1408 1231 Thraciae
1428 1198 1502 1242 regi
1521 1196 1612 1230 hanc
1630 1204 1766 1231 struere
1785 1199 1939 1231 caedem.

1231 1249 1293 1283 Est
1312 1250 1406 1283 enim
1418 1276 1426 1288 ,
1456 1256 1631 1295 quatenus
1648 1256 1762 1282 metus
1783 1249 1907 1283 incidit
1923 1248 2024 1284 mihi.

1229 1301 1356 1334 Virum
1373 1299 1468 1334 hunc
1485 1301 1637 1333 amicum
1661 1301 1757 1333 ducit
1777 1301 1965 1340 exercitus,

1229 1352 1416 1385 Mortuum
1436 1365 1542 1392 vem,
1571 1349 1723 1385 hostem.
1778 1352 1813 1385 Si
1833 1364 1917 1385 vero
1933 1352 1998 1385 tibi
2015 1349 2141 1385 charus

1182 1403 1256 1437 860
1283 1404 1350 1436 Hic
1376 1410 1447 1444 est,
1488 1404 1668 1447 privatum
1697 1409 1748 1436 est
1780 1402 1865 1443 hoc,
1901 1416 1974 1436 non
1997 1403 2178 1447 publicum

1595 1453 1775 1487 exercitui.

1233 1505 1327 1537 Haec
1344 1505 1520 1549 expende;
1540 1516 1623 1537 nam
1642 1505 1820 1537 volentem
1838 1504 1982 1550 quidem
1999 1516 2056 1537 me
2073 1502 2180 1537 habes

1231 1556 1315 1589 Tibi
1335 1568 1438 1601 opem
1458 1556 1549 1589 serre
1569 1562 1601 1588 et
1619 1562 1826 1600 promptum
1845 1557 1889 1589 ad
1907 1555 2165 1596 auxiliandum,

1231 1607 1393 1641 Tardum
1414 1619 1498 1640 vero
1509 1634 1518 1648 ,
1555 1620 1574 1640 a
1590 1607 1736 1641 Graecis
1752 1608 1780 1641 si
1795 1608 2026 1641 criminabor.

1231 1661 1312 1693 Hec.
1341 1658 1450 1698 „Heu
1462 1686 1471 1699 ,
1499 1671 1574 1692 non
1591 1665 1642 1692 est
1661 1660 1866 1692 mortalium
1879 1686 1888 1699 ,
1917 1659 1979 1704 qui
1994 1658 2039 1692 sit
2052 1658 2155 1692 liber.

2023 1716 2084 1742 aut
2110 1710 2182 1741 for-

1596 1768 1704 1794 tunae
1716 1788 1725 1801 ,

1232 1812 1335 1851 „Aut
1352 1813 1544 1846 multitudo
1562 1825 1642 1846 eum
1662 1813 1760 1846 urbis
1773 1839 1782 1852 ,
1810 1819 1871 1845 aut
1886 1812 1979 1855 leges
1998 1812 2148 1856 scriptae

1232 1864 1420 1907 „Urgent,
1446 1876 1491 1897 ne
1509 1870 1632 1897 utatur
1646 1876 1712 1908 pro
1732 1864 1880 1896 arbitrio
1898 1863 2070 1897 moribus.

1229 1915 1425 1960 Postquam
1444 1928 1529 1949 vero
1548 1915 1695 1954 metuis,
1717 1914 2010 1960 multitudinique
2028 1914 2179 1947 nimium

1590 1966 1718 2000 tribuis
1730 1993 1739 2006 ,

1232 2015 1309 2060 Ego
1327 2023 1360 2049 te
1377 2017 1503 2050 faciam
1522 2017 1589 2051 boc
1608 2018 1761 2050 liberum
1776 2023 1885 2050 metu.

1183 2067 1256 2101 870
1285 2068 1338 2101 Sis
1357 2069 1517 2103 conscius
1534 2070 1677 2115 quidem
1690 2096 1699 2109 ,
1727 2068 1755 2102 si
1776 2069 1861 2113 quid
1880 2073 2013 2100 struam
2032 2066 2117 2099 mali

1234 2121 1414 2154 Adversus
1432 2133 1526 2159 eum,
1555 2119 1648 2154 hunc
1670 2121 1731 2165 qui
1748 2119 1942 2156 interfecit;
1978 2117 2083 2151 simul
2098 2128 2181 2160 agas

1602 2184 1688 2204 vero
1710 2182 1950 2215 nequaquam.

1233 2224 1269 2256 Si
1286 2235 1370 2256 xero
1390 2235 1430 2256 ex
1449 2222 1594 2255 Graecis
1612 2223 1784 2255 tumultus
1802 2227 1863 2253 aut
1883 2219 2054 2253 auxilium

1232 2275 1279 2308 Ρ
1276 2275 1396 2308 tiente
1412 2274 1490 2307 xiro
1510 2272 1736 2311 Thracense,
1759 2285 1819 2317 qu
1811 2272 1876 2304 ilia
1897 2270 2053 2315 patietur

1232 2326 1451 2370 Apparuerit
1469 2326 1667 2370 quoddm
1698 2321 1844 2363 cobibe,
1872 2335 1946 2355 non
1962 2333 2048 2366 prae
2074 2327 2107 2353 te
2133 2320 2182 2352 se-

1597 2387 1677 2408 rens
1697 2387 1811 2408 meam
1829 2381 1994 2418 graham.

1182 2426 1256 2461 875
1286 2428 1392 2472 Quod
1412 2428 1455 2459 ad
1479 2426 1546 2458 alia
1571 2439 1656 2459 xero
1681 2426 1826 2466 attinet,
1863 2426 2019 2463 confide3

1601 2490 1665 2522 ego
1682 2490 1816 2523 ponam
1836 2478 1961 2522 probe.

2057 2426 2180 2455 cuncta

1214 2629 1263 2659 39)
1284 2631 1315 2653 H
1337 2630 1353 2654 t
1374 2629 1400 2652 in
1421 2629 1469 2652 Ed.
1486 2629 1559 2653 1562.
1583 2631 1646 2653 nota
1666 2635 1744 2659 marg
1749 2629 1783 2654 in.

1218 2689 1265 2715 40]
1287 2689 1316 2711 fl.
1339 2689 1354 2711 Ι.
1375 2688 1401 2710 in
1421 2688 1468 2711 td
1491 2689 1564 2712 1562.

1792 2629 1943 2654 :lustitia

1586 2691 1650 2712 nota
1670 2688 1803 2719 mai-gina
1831 2688 1928 2712 vices.
