2373 2980
19 345 22 350 ·
22 283 29 333 υ»,
23 171 32 271 -Α-ψε

212 656 355 698 LVII.
423 657 598 698 PHIL.
637 657 795 700 MEL.
833 657 1422 700 INTERPRETATIO
1461 659 2033 704 PHOENISSARUM

931 731 1310 774 EURIPIDIS.

96 842 218 899 Huius
238 871 409 908 tragoediae
428 871 632 907 interpretatio
652 871 742 898 latina
756 871 953 900 Melanthonis
974 872 1003 899 in
1021 871 1113 902 Editt.
1132 872 1224 904 1558.
1241 880 1270 902 et
1289 873 1384 903 156².
1399 884 1487 913 supra
1504 875 1658 914 descriptis
1674 877 1839 907 exhibetur.
1875 878 1979 916 Aliqua
2002 888 2040 907 ex
2061 884 2146 917 parte

98 919 210 942 mutata
231 914 262 941 in
284 914 375 942 Editt.
389 913 525 941 Barnesii
547 919 577 941 et
591 913 749 950 Musgravii
771 915 899 952 repetita
922 920 981 950 est;
1006 915 1082 942 Fixii
1104 922 1203 944 autem
1216 917 1271 947 Ed.
1296 918 1396 945 maiori
1416 918 1535 955 quidem
1559 928 1596 947 ex
1620 926 1706 957 parte
1729 921 1853 948 eandem
1878 922 2022 958 sequitur,
2046 927 2146 950 tamen

97 957 189 994 magis
213 965 289 994 quae
310 956 367 984 hae
391 956 465 984 duae
488 957 523 984 ab
546 957 598 983 illa
620 956 742 984 recedit.
765 972 808 977 —-
845 957 990 985 Versuum
1012 966 1149 986 numeros
1172 959 1418 998 stropharumque
1437 962 1610 997 partitiones
1630 968 1661 990 et
1681 963 1753 990 alias
1777 964 1917 1000 quasdam
1944 964 2148 1002 inscriptiones

99 998 198 1037 (uncis
218 998 359 1037 inclusas)
383 1008 421 1027 ex
442 998 496 1028 Ed.
509 998 631 1028 Barnes.
651 999 803 1036 adscripsi.
840 999 921 1028 Haec
940 1000 1040 1028 veroin
1064 1009 1203 1029 versuum
1225 1002 1368 1030 divisione
1391 1011 1482 1039 saepe
1505 1013 1521 1031 a
1536 1004 1682 1041 Xylandri
1697 1006 1788 1034 Editt.
1810 1006 1920 1034 differt.
1959 1007 2045 1034 Multi
2068 1008 2148 1035 enim

96 1040 336 1078 Xylandrearum
358 1041 527 1069 Editionum
550 1050 650 1070 versus
671 1042 701 1069 in
724 1042 844 1072 Barnes.
866 1043 906 1070 ita
929 1042 1064 1070 disiuncti
1087 1049 1165 1077 sunt,
1189 1049 1221 1072 ut
1244 1045 1328 1072 unius
1352 1045 1416 1072 loco
1440 1045 1514 1083 duo,
1536 1046 1698 1075 duorumve
1722 1048 1786 1075 loco
1809 1053 1868 1076 tres
1891 1054 1948 1077 etc.
1971 1049 1999 1076 in
2024 1049 2080 1077 hac
2102 1050 2149 1077 le-

97 1088 219 1121 gantur,
241 1084 312 1112 alias
335 1084 392 1112 duo
416 1092 518 1112 versus
541 1085 571 1112 in
594 1084 649 1111 hac
670 1084 700 1112 in
723 1094 814 1113 unum
837 1090 905 1113 sunt
928 1086 1076 1122 copulati,
1099 1086 1170 1113 alias
1191 1087 1326 1124 singulae
1350 1096 1435 1115 voces
1457 1097 1559 1116 versus
1581 1090 1610 1117 in
1634 1091 1865 1127 praecedentem
1888 1091 1936 1119 vel
1963 1092 2148 1129 subsequen-

96 1131 158 1154 tem
179 1135 297 1154 versum
319 1127 512 1164 transpositae
534 1132 612 1155 sunt.
665 1127 698 1154 In
728 1127 840 1155 duabus
868 1127 1011 1164 prioribus
1041 1129 1198 1165 tragoediis
1227 1129 1301 1156 hanc
1332 1129 1533 1158 diversitatem
1563 1132 1684 1169 singulis
1715 1133 1784 1161 locis
1815 1142 1940 1171 eamque
1963 1135 2079 1172 saepius
2107 1135 2149 1162 ita

96 1168 245 1206 adnotavi,
269 1173 301 1197 ut
323 1170 400 1206 ipsos
415 1169 559 1197 Editionis
581 1169 670 1197 Barn.
692 1178 793 1197 versus
823 1170 955 1207 integros
978 1169 1134 1207 afferrem,
1154 1180 1191 1198 ex
1216 1172 1318 1209 quibus
1342 1173 1436 1200 lector
1458 1174 1562 1201 harum
1585 1174 1755 1202 Editionum
1779 1176 1808 1203 in
1832 1176 1962 1204 versibus
1985 1176 2149 1214 partiendis

96 1211 298 1239 diversitatem
321 1212 427 1239 clarius
449 1216 656 1248 cognosceret3
693 1211 722 1238 in
752 1211 806 1239 hae
835 1217 933 1240 autem
964 1213 1112 1250 tragoedia
1135 1219 1165 1240 et
1194 1215 1384 1251 sequentibus
1406 1215 1481 1243 hanc
1512 1217 1685 1245 varietatem
1708 1218 1776 1245 solis
1800 1219 1930 1246 numeris
1954 1227 1992 1246 ex
2014 1219 2069 1247 hac
2091 1219 2147 1248 Ed.

96 1253 253 1290 adscriptis
275 1254 485 1289 indicabimus,
516 1262 556 1281 ne
577 1253 699 1280 nimium
721 1254 806 1291 spatii
835 1255 864 1281 in
888 1254 963 1282 hanc
986 1263 1050 1282 rem
1079 1255 1293 1292 impendamus.
1344 1257 1389 1284 Ex
1420 1258 1453 1286 iis
1482 1264 1598 1295 autem,
1628 1269 1703 1297 quae
1727 1261 1812 1288 modo
1835 1261 1873 1289 de
1904 1270 2042 1289 versuum
2066 1262 2149 1290 varia

96 1296 254 1333 partitione
276 1295 419 1332 diximus,
448 1296 652 1334 consequitur,
675 1297 723 1324 ubi
746 1296 983 1332 Xylandrearum
1006 1296 1174 1325 Editionum
1195 1308 1295 1326 versus
1319 1300 1348 1326 in
1370 1299 1458 1329 Bam.
1482 1301 1617 1329 disiuncti
1641 1308 1724 1340 sunt,
1753 1312 1907 1332 versuum
1930 1313 2085 1333 numeros
2109 1312 2149 1332 ex

96 1338 152 1365 hac
180 1337 236 1365 Ed.
260 1339 406 1375 appositos
436 1336 514 1366 haud
545 1347 611 1365 raro
646 1344 759 1366 tantum
781 1339 819 1367 ad
847 1340 972 1366 alteram
995 1339 1080 1366 huius
1104 1349 1205 1367 versus
1227 1347 1342 1378 partem
1376 1344 1544 1381 pertinere,
1573 1344 1603 1371 id
1633 1345 1711 1383 quod
1741 1347 1902 1375 notabimus
1926 1348 2088 1376 asterisco
2102 1345 2147 1387 (*)

97 1381 125 1408 ei
148 1380 211 1408 voci
232 1380 381 1418 praefixo,
403 1388 420 1407 a
443 1390 500 1418 qua
523 1381 623 1417 incipit
646 1389 766 1416 versus,
790 1382 837 1408 cui
855 1381 902 1408 hic
925 1390 1064 1409 numerus
1085 1382 1116 1425 in
1137 1382 1192 1411 Ed.
1217 1383 1338 1412 Barnes.
1362 1385 1526 1423 adscriptus
1550 1392 1617 1424 est,
1639 1396 1667 1415 e.
1693 1397 1717 1417 c.

509 1423 595 1456 610.
630 1425 722 1457 Eleo.
756 1424 829 1468 Qui
853 1424 1008 1457 oderunt
1031 1429 1076 1457 te.
1104 1422 1124 1440 ’κ
1175 1427 1246 1459 Pol.
1278 1425 1501 1470 Expelliinur
1528 1442 1545 1462 e
1569 1431 1700 1474 patria.

95 1472 150 1500 Hic
173 1472 251 1500 enim
273 1481 374 1502 versus
397 1471 489 1502 Editt.
514 1473 658 1510 Xylandr.
682 1474 711 1501 in
734 1473 791 1504 Ed.
814 1473 902 1503 Barn.
926 1474 967 1502 sic
990 1478 1034 1502 est
1055 1474 1232 1503 disiunctus:

889 1519 982 1551 Eteo.
1014 1516 1085 1561 Qui
1112 1519 1266 1551 oderunt
1291 1525 1337 1553 te.

763 1567 849 1601 610.
893 1569 967 1601 Pol.
988 1566 1213 1612 Expellimur
1235 1581 1253 1602 e
1276 1570 1405 1613 patria.

96 1615 155 1645 Ubi
177 1615 320 1644 eiusmodi
342 1616 529 1645 disiunctioni
551 1617 638 1644 etiam
662 1622 792 1646 mutatus
814 1617 885 1646 ordo
909 1618 1067 1646 verborum
1091 1619 1221 1655 accedit,
1245 1621 1415 1649 asteriscum
1439 1622 1466 1650 ei
1489 1623 1689 1662 praefigemus
1711 1624 1793 1660 voci,
1818 1633 1835 1652 a
1857 1633 1914 1662 qua
1943 1625 1973 1652 in
1988 1624 2044 1654 Ed.
2060 1623 2148 1654 Bam.

97 1667 226 1696 sequens
249 1667 353 1687 versus
375 1659 537 1697 inciperet,
558 1660 583 1687 si
604 1660 760 1688 verborum
783 1661 854 1688 ordo
877 1670 937 1688 non
958 1665 1086 1688 mutatus
1110 1666 1208 1696 esset,
1231 1671 1258 1690 e.
1283 1672 1309 1691 c.

688 1703 776 1737 200.
805 1703 838 1735 O
861 1701 955 1736 Iovis
976 1703 1046 1735 filia
1073 1700 1092 1719 ’κ
1115 1705 1310 1737 sustineam
1335 1706 1556 1742 servitutem.

95 1752 128 1780 In
151 1751 208 1781 Ed.
228 1752 316 1781 Barn.
339 1753 418 1781 enim
441 1752 487 1780 hic
510 1760 612 1781 versus
632 1753 662 1780 in
685 1753 758 1781 duos
781 1758 826 1782 est
847 1754 974 1791 partitus
996 1753 1099 1782 ordine
1122 1755 1277 1783 verborum
1299 1756 1340 1784 sic
1363 1762 1491 1787 mutato:

913 1796 947 1829 O
968 1795 1063 1830 Iovis
1085 1797 1157 1830 filia
1181 1797 1299 1831 Diana

797 1847 885 1882 200.
914 1847 1129 1880 Servitutem
1156 1849 1364 1884 sustineam.

95 1896 155 1925 Ubi
184 1905 254 1924 vero
277 1893 422 1933 Strophe
449 1897 546 1935 aliqua
566 1896 709 1926 Editionis
738 1897 828 1927 Barn.
857 1908 874 1925 a
895 1898 992 1926 medio
1020 1907 1107 1926 versu
1130 1898 1299 1928 Editionum
1321 1901 1466 1938 Xylandr.
1491 1902 1622 1940 orditur,
1651 1901 1728 1930 hanc
1755 1902 1976 1941 inscriptionem
2006 1902 2147 1931 eiusmodi

97 1939 198 1966 versui
220 1948 279 1966 non
302 1939 331 1966 in
355 1939 452 1966 medio
475 1940 655 1977 inseremus,
677 1940 730 1968 sed
753 1940 869 1978 integro
892 1941 1164 1979 superscribemus,
1186 1951 1320 1972 crucem
1335 1942 1390 1984 (†)
1407 1944 1434 1973 ei
1455 1954 1557 1974 versus
1580 1946 1643 1974 voci
1666 1945 1882 1984 praefigentes,
1904 1955 1920 1974 a
1944 1954 2003 1983 qua
2018 1945 2147 1983 Strophe

97 1981 126 2008 in
150 1980 207 2010 Ed.
229 1981 316 2010 Barn.
339 1981 459 2021 incipit,
482 1989 510 2011 e.
534 1990 559 2009 c.

950 2022 1292 2074 [Anti-stropha]

556 2089 624 2135 (vs.
649 2091 753 2137 221.)
787 2090 975 2135 Optimum
1002 2090 1205 2126 stridorem.
1229 2091 1255 2132 Ἰ·
1281 2093 1401 2128 Electa
1429 2108 1470 2129 ex
1495 2097 1584 2130 urbe
1607 2109 1686 2130 mea

95 2140 176 2169 Haec
200 2140 278 2168 enim
302 2140 330 2167 in
354 2139 411 2169 Ed.
433 2139 522 2169 Barn.
545 2141 586 2169 sic
610 2141 765 2179 leguntur:

854 2181 1143 2218 Pulcherrimum
1171 2185 1377 2222 stridorem.

1008 2247 1080 2280 Ant
1085 2246 1241 2288 istrophe.

843 2302 941 2337 Urbe
966 2310 1084 2338 autem
1109 2305 1219 2337 electa
1245 2317 1286 2338 ex
1312 2318 1402 2346 mea,

98 2356 127 2378 et

1005 2395 1223 2445 [Epodus]

97 2508 142 2536 Ed
166 2508 188 2536 Β
513 2459 580 2505 (vs.
604 2460 709 2507 232.)
738 2459 778 2493 In
803 2461 976 2495 sacrificio
1002 2461 1152 2497 Phoebi.
1180 2462 1207 2503 †
1231 2464 1264 2498 O
1286 2465 1475 2509 splendens
1498 2471 1599 2509 petra
1625 2465 1718 2510 ignis

191 2517 253 2537 arn.
276 2510 332 2538 sic:

906 2553 946 2587 In
971 2556 1144 2589 sacrificio
1169 2555 1320 2593 Phoebi.

1043 2618 1188 2660 Epodus.

847 2673 881 2708 Ο
912 2677 1101 2720 splendens
1141 2681 1243 2720 petra
1273 2676 1364 2720 ignis
