<?xml version="1.0" encoding="UTF-8"?>
<!DOCTYPE html PUBLIC "-//W3C//DTD XHTML 1.0 Transitional//EN"
    "http://www.w3.org/TR/xhtml1/DTD/xhtml1-transitional.dtd">
<html xmlns="http://www.w3.org/1999/xhtml" xml:lang="en" lang="en">
 <head>
  <title>
</title>
<meta http-equiv="Content-Type" content="text/html;charset=utf-8" />
  <meta name='ocr-system' content='tesseract 3.04.00' />
  <meta name='ocr-capabilities' content='ocr_page ocr_carea ocr_par ocr_line ocrx_word'/>
</head>
<body>
  <div class='ocr_page' id='page_1' title='image "./operaquaesupersu18melauoft/operaquaesupersu18melauoft_0540.png"; bbox 0 0 2373 2980; ppageno 0'>
   <div class='ocr_carea' id='block_1_1' title="bbox 198 84 293 122">
    <p class='ocr_par' dir='ltr' id='par_1_1' title="bbox 198 84 293 122">
     <span class='ocr_line' id='line_1_1' title="bbox 198 84 293 122; baseline 0 -2"><span class='ocrx_word' id='word_1_1' title='bbox 198 84 293 122; x_wconf 84' lang='lat'>1055</span> 
     </span>
    </p>
   </div>
   <div class='ocr_carea' id='block_1_2' title="bbox 198 169 1211 728">
    <p class='ocr_par' dir='ltr' id='par_1_2' title="bbox 198 169 1211 728">
     <span class='ocr_line' id='line_1_2' title="bbox 240 169 1180 217; baseline 0 -11"><span class='ocrx_word' id='word_1_2' title='bbox 240 175 311 206; x_wconf 84' lang='lat' dir='ltr'>Ion.</span> <span class='ocrx_word' id='word_1_3' title='bbox 343 169 509 203; x_wconf 64' lang='lat' dir='ltr'>vacuane</span> <span class='ocrx_word' id='word_1_4' title='bbox 537 174 587 202; x_wconf 88' lang='lat' dir='ltr'>est</span> <span class='ocrx_word' id='word_1_5' title='bbox 609 177 709 206; x_wconf 87' lang='lat' dir='ltr'>arca,</span> <span class='ocrx_word' id='word_1_6' title='bbox 749 175 809 201; x_wconf 81' lang='lat' dir='ltr'>aut</span> <span class='ocrx_word' id='word_1_7' title='bbox 835 170 929 214; x_wconf 82' lang='lat' dir='ltr'>capit</span> <span class='ocrx_word' id='word_1_8' title='bbox 955 171 1089 217; x_wconf 83' lang='lat' dir='ltr'>aliquid</span> <span class='ocrx_word' id='word_1_9' title='bbox 1113 173 1180 206; x_wconf 88' lang='lat' dir='ltr'>im-</span> 
     </span>
     <span class='ocr_line' id='line_1_3' title="bbox 612 217 793 261; baseline 0.011 -12"><span class='ocrx_word' id='word_1_10' title='bbox 612 217 793 261; x_wconf 85' lang='lat' dir='ltr'>positum?</span> 
     </span>
     <span class='ocr_line' id='line_1_4' title="bbox 247 268 1107 318; baseline -0.001 -10"><span class='ocrx_word' id='word_1_11' title='bbox 247 277 319 308; x_wconf 84' lang='lat' dir='ltr'>Cre.</span> <span class='ocrx_word' id='word_1_12' title='bbox 349 272 425 304; x_wconf 86' lang='lat' dir='ltr'>Tua</span> <span class='ocrx_word' id='word_1_13' title='bbox 445 269 640 308; x_wconf 83' lang='lat' dir='ltr'>indusiola‚</span> <span class='ocrx_word' id='word_1_14' title='bbox 669 268 796 313; x_wconf 88' lang='lat' dir='ltr'>quibus</span> <span class='ocrx_word' id='word_1_15' title='bbox 813 276 847 304; x_wconf 85' lang='lat' dir='ltr'>te</span> <span class='ocrx_word' id='word_1_16' title='bbox 865 272 1010 316; x_wconf 81' lang='lat' dir='ltr'>exposui</span> <span class='ocrx_word' id='word_1_17' title='bbox 1029 285 1107 318; x_wconf 85' lang='lat' dir='ltr'>ego.</span> 
     </span>
     <span class='ocr_line' id='line_1_5' title="bbox 243 318 1211 369; baseline 0 -12"><span class='ocrx_word' id='word_1_18' title='bbox 243 327 314 358; x_wconf 71' lang='lat' dir='ltr'>Ion.</span> <span class='ocrx_word' id='word_1_19' title='bbox 351 322 454 355; x_wconf 84' lang='lat' dir='ltr'>Dices</span> <span class='ocrx_word' id='word_1_20' title='bbox 479 327 583 354; x_wconf 83' lang='lat' dir='ltr'>notas</span> <span class='ocrx_word' id='word_1_21' title='bbox 608 319 852 362; x_wconf 87' lang='lat' dir='ltr'>indusiorum‚</span> <span class='ocrx_word' id='word_1_22' title='bbox 896 323 1105 369; x_wconf 84' lang='lat' dir='ltr'>priusquam</span> <span class='ocrx_word' id='word_1_23' title='bbox 1132 326 1183 358; x_wconf 87' lang='lat' dir='ltr'>in-</span> <span class='ocrx_word' id='word_1_24' title='bbox 1209 318 1211 343; x_wconf 60' lang='lat'><em>³</em></span> 
     </span>
     <span class='ocr_line' id='line_1_6' title="bbox 598 376 1211 414; baseline -0.007 -10"><span class='ocrx_word' id='word_1_25' title='bbox 598 382 737 414; x_wconf 68' lang='lat' dir='ltr'>splenis.</span> <span class='ocrx_word' id='word_1_26' title='bbox 1210 376 1211 400; x_wconf 73' lang='lat'>3</span> 
     </span>
     <span class='ocr_line' id='line_1_7' title="bbox 198 421 1087 469; baseline -0.002 -8"><span class='ocrx_word' id='word_1_27' title='bbox 198 424 293 461; x_wconf 85' lang='lat'>1415</span> <span class='ocrx_word' id='word_1_28' title='bbox 322 427 395 460; x_wconf 82' lang='lat' dir='ltr'>Cre.</span> <span class='ocrx_word' id='word_1_29' title='bbox 422 422 467 456; x_wconf 86' lang='lat' dir='ltr'>Et</span> <span class='ocrx_word' id='word_1_30' title='bbox 484 422 512 456; x_wconf 85' lang='lat' dir='ltr'>si</span> <span class='ocrx_word' id='word_1_31' title='bbox 528 434 599 455; x_wconf 91' lang='lat' dir='ltr'>non</span> <span class='ocrx_word' id='word_1_32' title='bbox 620 421 742 469; x_wconf 81' lang='lat' dir='ltr'>dixero</span> <span class='ocrx_word' id='word_1_33' title='bbox 757 448 766 461; x_wconf 93' lang='lat'>‚</span> <span class='ocrx_word' id='word_1_34' title='bbox 792 424 965 465; x_wconf 87' lang='lat' dir='ltr'>polliceor</span> <span class='ocrx_word' id='word_1_35' title='bbox 982 426 1087 460; x_wconf 89' lang='lat' dir='ltr'>mori.</span> 
     </span>
     <span class='ocr_line' id='line_1_8' title="bbox 245 473 1182 523; baseline 0.002 -14"><span class='ocrx_word' id='word_1_36' title='bbox 245 479 316 511; x_wconf 80' lang='lat' dir='ltr'>Ion.</span> <span class='ocrx_word' id='word_1_37' title='bbox 344 475 428 515; x_wconf 83' lang='lat' dir='ltr'>Dic,</span> <span class='ocrx_word' id='word_1_38' title='bbox 455 473 538 520; x_wconf 83' lang='lat' dir='ltr'>quia</span> <span class='ocrx_word' id='word_1_39' title='bbox 556 473 620 507; x_wconf 82' lang='lat' dir='ltr'>ista</span> <span class='ocrx_word' id='word_1_40' title='bbox 641 478 740 505; x_wconf 74' lang='lat' dir='ltr'>tanta</span> <span class='ocrx_word' id='word_1_41' title='bbox 765 473 891 509; x_wconf 83' lang='lat' dir='ltr'>fiducia</span> <span class='ocrx_word' id='word_1_42' title='bbox 918 474 1024 510; x_wconf 85' lang='lat' dir='ltr'>habet</span> <span class='ocrx_word' id='word_1_43' title='bbox 1048 478 1182 523; x_wconf 85' lang='lat' dir='ltr'>aliquid</span> 
     </span>
     <span class='ocr_line' id='line_1_9' title="bbox 605 523 795 567; baseline 0.005 -10"><span class='ocrx_word' id='word_1_44' title='bbox 605 523 795 567; x_wconf 82' lang='lat' dir='ltr'>singulare.</span> 
     </span>
     <span class='ocr_line' id='line_1_10' title="bbox 247 576 1184 622; baseline -0.001 -9"><span class='ocrx_word' id='word_1_45' title='bbox 247 581 320 613; x_wconf 88' lang='lat' dir='ltr'>Cre.</span> <span class='ocrx_word' id='word_1_46' title='bbox 356 576 480 609; x_wconf 82' lang='lat' dir='ltr'>Videte</span> <span class='ocrx_word' id='word_1_47' title='bbox 507 580 703 614; x_wconf 77' lang='lat' dir='ltr'>texturam,</span> <span class='ocrx_word' id='word_1_48' title='bbox 747 587 854 620; x_wconf 86' lang='lat' dir='ltr'>quam</span> <span class='ocrx_word' id='word_1_49' title='bbox 878 589 942 621; x_wconf 87' lang='lat' dir='ltr'>ego</span> <span class='ocrx_word' id='word_1_50' title='bbox 969 578 1086 622; x_wconf 88' lang='lat' dir='ltr'>puella</span> <span class='ocrx_word' id='word_1_51' title='bbox 1114 580 1184 612; x_wconf 82' lang='lat' dir='ltr'>exi-</span> 
     </span>
     <span class='ocr_line' id='line_1_11' title="bbox 597 628 816 660; baseline 0.009 -2"><span class='ocrx_word' id='word_1_52' title='bbox 597 632 691 659; x_wconf 84' lang='lat' dir='ltr'>stens</span> <span class='ocrx_word' id='word_1_53' title='bbox 710 628 816 660; x_wconf 82' lang='lat' dir='ltr'>texui.</span> 
     </span>
     <span class='ocr_line' id='line_1_12' title="bbox 244 675 1211 728; baseline -0.002 -14"><span class='ocrx_word' id='word_1_54' title='bbox 244 683 317 714; x_wconf 83' lang='lat' dir='ltr'>lon.</span> <span class='ocrx_word' id='word_1_55' title='bbox 349 675 610 723; x_wconf 82' lang='lat' dir='ltr'>Qualemnam?</span> <span class='ocrx_word' id='word_1_56' title='bbox 638 676 770 710; x_wconf 87' lang='lat' dir='ltr'>multae</span> <span class='ocrx_word' id='word_1_57' title='bbox 788 678 882 712; x_wconf 90' lang='lat' dir='ltr'>enim</span> <span class='ocrx_word' id='word_1_58' title='bbox 902 685 1061 713; x_wconf 81' lang='lat' dir='ltr'>texturae</span> <span class='ocrx_word' id='word_1_59' title='bbox 1086 680 1183 724; x_wconf 88' lang='lat' dir='ltr'>puel·</span> <span class='ocrx_word' id='word_1_60' title='bbox 1210 717 1211 728; x_wconf 15' lang='grc' dir='ltr'>ἵ</span> 
     </span>
    </p>
   </div>
   <div class='ocr_carea' id='block_1_3' title="bbox 1210 244 1211 833">
    <p class='ocr_par' dir='ltr' id='par_1_3' title="bbox 1210 244 1211 833">
     <span class='ocr_line' id='line_1_13' title="bbox 1210 244 1211 833; baseline 0 0"><span class='ocrx_word' id='word_1_61' title='bbox 1210 244 1211 833; x_wconf 95' lang='lat' dir='ltr'> </span> 
     </span>
    </p>
   </div>
   <div class='ocr_carea' id='block_1_4' title="bbox 197 727 1212 926">
    <p class='ocr_par' dir='ltr' id='par_1_4' title="bbox 197 727 1212 926">
     <span class='ocr_line' id='line_1_14' title="bbox 601 727 730 762; baseline 0.016 -2"><span class='ocrx_word' id='word_1_62' title='bbox 601 727 730 762; x_wconf 83' lang='lat' dir='ltr'>larum.</span> 
     </span>
     <span class='ocr_line' id='line_1_15' title="bbox 246 764 1212 826; baseline -0.003 -11"><span class='ocrx_word' id='word_1_63' title='bbox 246 784 319 816; x_wconf 83' lang='lat' dir='ltr'>Cre.</span> <span class='ocrx_word' id='word_1_64' title='bbox 353 780 435 814; x_wconf 79' lang='lat' dir='ltr'>Non</span> <span class='ocrx_word' id='word_1_65' title='bbox 454 780 681 826; x_wconf 61' lang='lat' dir='ltr'>absolutam,</span> <span class='ocrx_word' id='word_1_66' title='bbox 722 779 782 812; x_wconf 91' lang='lat' dir='ltr'>sed</span> <span class='ocrx_word' id='word_1_67' title='bbox 809 780 917 814; x_wconf 85' lang='lat' dir='ltr'>veluti</span> <span class='ocrx_word' id='word_1_68' title='bbox 940 781 1183 814; x_wconf 89' lang='lat' dir='ltr'>rudimentum</span> <span class='ocrx_word' id='word_1_69' title='bbox 1210 764 1212 786; x_wconf 53' lang='lat'>¹,</span> 
     </span>
     <span class='ocr_line' id='line_1_16' title="bbox 604 829 1212 863; baseline -0.012 -1"><span class='ocrx_word' id='word_1_70' title='bbox 604 829 708 863; x_wconf 88' lang='lat' dir='ltr'>radii.</span> <span class='ocrx_word' id='word_1_71' title='bbox 1210 838 1212 855; x_wconf 93' lang='lat'>:</span> 
     </span>
     <span class='ocr_line' id='line_1_17' title="bbox 197 878 1211 926; baseline -0.003 -9"><span class='ocrx_word' id='word_1_72' title='bbox 197 883 293 919; x_wconf 73' lang='lat'>1420</span> <span class='ocrx_word' id='word_1_73' title='bbox 320 885 393 917; x_wconf 82' lang='lat' dir='ltr'>lon.</span> <span class='ocrx_word' id='word_1_74' title='bbox 421 881 538 926; x_wconf 84' lang='lat' dir='ltr'>Quam</span> <span class='ocrx_word' id='word_1_75' title='bbox 556 878 663 913; x_wconf 90' lang='lat' dir='ltr'>habet</span> <span class='ocrx_word' id='word_1_76' title='bbox 680 880 855 923; x_wconf 81' lang='lat' dir='ltr'>figuram?</span> <span class='ocrx_word' id='word_1_77' title='bbox 883 887 922 914; x_wconf 90' lang='lat' dir='ltr'>ut</span> <span class='ocrx_word' id='word_1_78' title='bbox 946 893 1001 914; x_wconf 89' lang='lat' dir='ltr'>me</span> <span class='ocrx_word' id='word_1_79' title='bbox 1028 893 1102 914; x_wconf 90' lang='lat' dir='ltr'>non</span> <span class='ocrx_word' id='word_1_80' title='bbox 1128 880 1184 915; x_wconf 76' lang='lat' dir='ltr'>hic</span> <span class='ocrx_word' id='word_1_81' title='bbox 1210 882 1211 886; x_wconf 69' lang='grc'>’</span> 
     </span>
    </p>
   </div>
   <div class='ocr_carea' id='block_1_5' title="bbox 196 943 1211 1588">
    <p class='ocr_par' dir='ltr' id='par_1_5' title="bbox 196 943 1211 1588">
     <span class='ocr_line' id='line_1_18' title="bbox 608 943 1211 975; baseline -0.003 -11"><span class='ocrx_word' id='word_1_82' title='bbox 608 943 737 975; x_wconf 79' lang='lat' dir='ltr'>capias.</span> <span class='ocrx_word' id='word_1_83' title='bbox 1210 953 1211 969; x_wconf 31' lang='lat'>¹</span> 
     </span>
     <span class='ocr_line' id='line_1_19' title="bbox 245 981 1021 1026; baseline -0.003 -8"><span class='ocrx_word' id='word_1_84' title='bbox 245 988 317 1020; x_wconf 86' lang='lat' dir='ltr'>Cre.</span> <span class='ocrx_word' id='word_1_85' title='bbox 346 983 493 1026; x_wconf 86' lang='lat' dir='ltr'>Gorgon</span> <span class='ocrx_word' id='word_1_86' title='bbox 510 981 547 1014; x_wconf 90' lang='lat' dir='ltr'>in</span> <span class='ocrx_word' id='word_1_87' title='bbox 564 981 683 1014; x_wconf 88' lang='lat' dir='ltr'>medio</span> <span class='ocrx_word' id='word_1_88' title='bbox 700 981 861 1014; x_wconf 86' lang='lat' dir='ltr'>staminis</span> <span class='ocrx_word' id='word_1_89' title='bbox 879 982 1021 1016; x_wconf 87' lang='lat' dir='ltr'>indusii.</span> 
     </span>
     <span class='ocr_line' id='line_1_20' title="bbox 242 1032 1072 1077; baseline -0.005 -8"><span class='ocrx_word' id='word_1_90' title='bbox 242 1038 313 1069; x_wconf 81' lang='lat' dir='ltr'>lon.</span> <span class='ocrx_word' id='word_1_91' title='bbox 341 1034 374 1068; x_wconf 93' lang='grc' dir='ltr'>Ο</span> <span class='ocrx_word' id='word_1_92' title='bbox 393 1033 543 1077; x_wconf 79' lang='lat' dir='ltr'>Iupiter,</span> <span class='ocrx_word' id='word_1_93' title='bbox 571 1033 667 1077; x_wconf 73' lang='lat' dir='ltr'>quod</span> <span class='ocrx_word' id='word_1_94' title='bbox 684 1032 796 1065; x_wconf 82' lang='lat' dir='ltr'>fatum</span> <span class='ocrx_word' id='word_1_95' title='bbox 816 1044 881 1066; x_wconf 91' lang='lat' dir='ltr'>nos</span> <span class='ocrx_word' id='word_1_96' title='bbox 897 1032 1072 1066; x_wconf 80' lang='lat' dir='ltr'>venatur?</span> 
     </span>
     <span class='ocr_line' id='line_1_21' title="bbox 244 1082 1183 1129; baseline -0.001 -10"><span class='ocrx_word' id='word_1_97' title='bbox 244 1089 317 1121; x_wconf 86' lang='lat' dir='ltr'>Cre.</span> <span class='ocrx_word' id='word_1_98' title='bbox 344 1085 408 1118; x_wconf 74' lang='lat' dir='ltr'>Est</span> <span class='ocrx_word' id='word_1_99' title='bbox 422 1084 597 1117; x_wconf 81' lang='lat' dir='ltr'>fimbriata</span> <span class='ocrx_word' id='word_1_100' title='bbox 614 1083 836 1127; x_wconf 86' lang='lat' dir='ltr'>serpentibus</span> <span class='ocrx_word' id='word_1_101' title='bbox 852 1084 963 1128; x_wconf 86' lang='lat' dir='ltr'>figura</span> <span class='ocrx_word' id='word_1_102' title='bbox 975 1084 1119 1128; x_wconf 84' lang='lat' dir='ltr'>Aegidis</span> <span class='ocrx_word' id='word_1_103' title='bbox 1127 1082 1183 1129; x_wconf 73' lang='grc'>37).</span> 
     </span>
     <span class='ocr_line' id='line_1_22' title="bbox 244 1135 442 1171; baseline -0.015 0"><span class='ocrx_word' id='word_1_104' title='bbox 244 1140 316 1171; x_wconf 81' lang='lat' dir='ltr'>Ion.</span> <span class='ocrx_word' id='word_1_105' title='bbox 340 1135 442 1169; x_wconf 90' lang='lat' dir='ltr'>Ecce.</span> 
     </span>
     <span class='ocr_line' id='line_1_23' title="bbox 243 1185 1013 1226; baseline -0.003 -5"><span class='ocrx_word' id='word_1_106' title='bbox 243 1189 338 1221; x_wconf 82' lang='lat' dir='ltr'>Haec</span> <span class='ocrx_word' id='word_1_107' title='bbox 357 1193 408 1220; x_wconf 84' lang='lat' dir='ltr'>est</span> <span class='ocrx_word' id='word_1_108' title='bbox 424 1191 581 1226; x_wconf 81' lang='lat' dir='ltr'>textura,</span> <span class='ocrx_word' id='word_1_109' title='bbox 608 1191 648 1218; x_wconf 89' lang='lat' dir='ltr'>ut</span> <span class='ocrx_word' id='word_1_110' title='bbox 663 1185 863 1220; x_wconf 87' lang='lat' dir='ltr'>invenimus</span> <span class='ocrx_word' id='word_1_111' title='bbox 881 1185 1013 1219; x_wconf 84' lang='lat' dir='ltr'>fatalia.</span> 
     </span>
     <span class='ocr_line' id='line_1_24' title="bbox 196 1236 1183 1282; baseline -0.005 -9"><span class='ocrx_word' id='word_1_112' title='bbox 196 1237 292 1275; x_wconf 77' lang='lat'>1425</span> <span class='ocrx_word' id='word_1_113' title='bbox 321 1241 393 1273; x_wconf 86' lang='lat' dir='ltr'>Cre.</span> <span class='ocrx_word' id='word_1_114' title='bbox 429 1237 461 1271; x_wconf 95' lang='grc' dir='ltr'>Ο</span> <span class='ocrx_word' id='word_1_115' title='bbox 486 1242 584 1270; x_wconf 89' lang='lat' dir='ltr'>vetus</span> <span class='ocrx_word' id='word_1_116' title='bbox 608 1236 806 1280; x_wconf 86' lang='lat' dir='ltr'>virgineum</span> <span class='ocrx_word' id='word_1_117' title='bbox 832 1249 921 1282; x_wconf 91' lang='lat' dir='ltr'>opus</span> <span class='ocrx_word' id='word_1_118' title='bbox 945 1248 1107 1270; x_wconf 87' lang='lat' dir='ltr'>mearum</span> <span class='ocrx_word' id='word_1_119' title='bbox 1134 1242 1183 1269; x_wconf 83' lang='lat' dir='ltr'>te-</span> 
     </span>
     <span class='ocr_line' id='line_1_25' title="bbox 608 1287 795 1334; baseline 0.005 -14"><span class='ocrx_word' id='word_1_120' title='bbox 608 1288 724 1321; x_wconf 86' lang='lat' dir='ltr'>larum</span> <span class='ocrx_word' id='word_1_121' title='bbox 737 1287 795 1334; x_wconf 77' lang='grc'>38).</span> 
     </span>
     <span class='ocr_line' id='line_1_26' title="bbox 243 1337 1182 1378; baseline -0.005 -3"><span class='ocrx_word' id='word_1_122' title='bbox 243 1345 314 1375; x_wconf 80' lang='lat' dir='ltr'>Ion.</span> <span class='ocrx_word' id='word_1_123' title='bbox 339 1341 395 1373; x_wconf 91' lang='lat' dir='ltr'>An</span> <span class='ocrx_word' id='word_1_124' title='bbox 412 1339 448 1372; x_wconf 89' lang='lat' dir='ltr'>in</span> <span class='ocrx_word' id='word_1_125' title='bbox 465 1337 532 1372; x_wconf 89' lang='lat' dir='ltr'>hoc</span> <span class='ocrx_word' id='word_1_126' title='bbox 546 1338 622 1372; x_wconf 91' lang='lat' dir='ltr'>solo</span> <span class='ocrx_word' id='word_1_127' title='bbox 639 1339 738 1372; x_wconf 88' lang='lat' dir='ltr'>fuisti</span> <span class='ocrx_word' id='word_1_128' title='bbox 754 1351 836 1372; x_wconf 90' lang='lat' dir='ltr'>vera</span> <span class='ocrx_word' id='word_1_129' title='bbox 859 1338 1108 1378; x_wconf 81' lang='lat' dir='ltr'>coniectatrix,</span> <span class='ocrx_word' id='word_1_130' title='bbox 1137 1351 1182 1371; x_wconf 85' lang='lat' dir='ltr'>an</span> 
     </span>
     <span class='ocr_line' id='line_1_27' title="bbox 519 1388 1182 1435; baseline 0 -13"><span class='ocrx_word' id='word_1_131' title='bbox 519 1390 615 1423; x_wconf 85' lang='lat' dir='ltr'>aliud</span> <span class='ocrx_word' id='word_1_132' title='bbox 631 1390 800 1435; x_wconf 79' lang='lat' dir='ltr'>quiddam</span> <span class='ocrx_word' id='word_1_133' title='bbox 819 1397 960 1434; x_wconf 88' lang='lat' dir='ltr'>praeter</span> <span class='ocrx_word' id='word_1_134' title='bbox 974 1388 1042 1423; x_wconf 92' lang='lat' dir='ltr'>hoc</span> <span class='ocrx_word' id='word_1_135' title='bbox 1060 1389 1182 1423; x_wconf 80' lang='lat' dir='ltr'>adest?</span> 
     </span>
     <span class='ocr_line' id='line_1_28' title="bbox 356 1441 1182 1486; baseline -0.002 -11"><span class='ocrx_word' id='word_1_136' title='bbox 356 1441 559 1482; x_wconf 81' lang='lat' dir='ltr'>Dracones,</span> <span class='ocrx_word' id='word_1_137' title='bbox 602 1441 789 1486; x_wconf 87' lang='lat' dir='ltr'>antiquum</span> <span class='ocrx_word' id='word_1_138' title='bbox 819 1441 957 1485; x_wconf 85' lang='lat' dir='ltr'>signum</span> <span class='ocrx_word' id='word_1_139' title='bbox 972 1468 981 1481; x_wconf 94' lang='lat'>‚</span> <span class='ocrx_word' id='word_1_140' title='bbox 1021 1453 1062 1474; x_wconf 88' lang='lat' dir='ltr'>ex</span> <span class='ocrx_word' id='word_1_141' title='bbox 1094 1453 1182 1474; x_wconf 86' lang='lat' dir='ltr'>auro</span> 
     </span>
     <span class='ocr_line' id='line_1_29' title="bbox 608 1493 703 1526; baseline 0.011 -1"><span class='ocrx_word' id='word_1_142' title='bbox 608 1493 703 1526; x_wconf 87' lang='lat' dir='ltr'>facti.</span> 
     </span>
     <span class='ocr_line' id='line_1_30' title="bbox 240 1543 1183 1588; baseline -0.003 -9"><span class='ocrx_word' id='word_1_143' title='bbox 240 1549 312 1580; x_wconf 76' lang='lat' dir='ltr'>lon.</span> <span class='ocrx_word' id='word_1_144' title='bbox 340 1544 485 1577; x_wconf 90' lang='lat' dir='ltr'>Donum</span> <span class='ocrx_word' id='word_1_145' title='bbox 505 1543 707 1583; x_wconf 89' lang='lat' dir='ltr'>Minervae,</span> <span class='ocrx_word' id='word_1_146' title='bbox 735 1555 826 1588; x_wconf 84' lang='lat' dir='ltr'>quae</span> <span class='ocrx_word' id='word_1_147' title='bbox 843 1543 975 1576; x_wconf 89' lang='lat' dir='ltr'>liberos</span> <span class='ocrx_word' id='word_1_148' title='bbox 998 1543 1096 1576; x_wconf 85' lang='lat' dir='ltr'>iubet</span> <span class='ocrx_word' id='word_1_149' title='bbox 1117 1555 1183 1576; x_wconf 88' lang='lat' dir='ltr'>nu-</span> 
     </span>
    </p>
   </div>
   <div class='ocr_carea' id='block_1_6' title="bbox 243 983 1213 2563">
    <p class='ocr_par' dir='ltr' id='par_1_6' title="bbox 1209 983 1212 1009">
     <span class='ocr_line' id='line_1_31' title="bbox 1209 983 1212 1009; baseline 0 0"><span class='ocrx_word' id='word_1_150' title='bbox 1209 983 1212 1009; x_wconf 70' lang='grc'><strong>1</strong></span> 
     </span>
    </p>

    <p class='ocr_par' dir='ltr' id='par_1_7' title="bbox 1208 1066 1211 1137">
     <span class='ocr_line' id='line_1_32' title="bbox 1208 1066 1211 1137; baseline 0 0"><span class='ocrx_word' id='word_1_151' title='bbox 1208 1066 1211 1137; x_wconf 75' lang='grc' dir='ltr'><strong>ἰ</strong></span> 
     </span>
    </p>

    <p class='ocr_par' dir='ltr' id='par_1_8' title="bbox 243 1154 1212 2088">
     <span class='ocr_line' id='line_1_33' title="bbox 243 1446 313 1478; baseline 0 0"><span class='ocrx_word' id='word_1_152' title='bbox 243 1446 313 1478; x_wconf 85' lang='lat' dir='ltr'>Cre.</span> 
     </span>
     <span class='ocr_line' id='line_1_34' title="bbox 604 1594 1011 1638; baseline 0.003 -12"><span class='ocrx_word' id='word_1_153' title='bbox 604 1594 691 1627; x_wconf 87' lang='lat' dir='ltr'>trire</span> <span class='ocrx_word' id='word_1_154' title='bbox 710 1594 804 1627; x_wconf 88' lang='lat' dir='ltr'>inter</span> <span class='ocrx_word' id='word_1_155' title='bbox 819 1600 1011 1638; x_wconf 82' lang='lat' dir='ltr'>serpentes.</span> 
     </span>
    </p>

    <p class='ocr_par' dir='ltr' id='par_1_9' title="bbox 1209 2127 1212 2236">
     <span class='ocr_line' id='line_1_35' title="bbox 1209 2127 1212 2236; baseline 0 0"><span class='ocrx_word' id='word_1_156' title='bbox 1209 2127 1212 2236; x_wconf 72' lang='grc' dir='ltr'><strong><em>ἔ</em></strong></span> 
     </span>
    </p>

    <p class='ocr_par' dir='ltr' id='par_1_10' title="bbox 1209 2238 1212 2318">
     <span class='ocr_line' id='line_1_36' title="bbox 1209 2238 1212 2318; baseline 0 0"><span class='ocrx_word' id='word_1_157' title='bbox 1209 2238 1212 2318; x_wconf 79' lang='grc' dir='ltr'>ἶ</span> 
     </span>
    </p>

    <p class='ocr_par' dir='ltr' id='par_1_11' title="bbox 1210 2330 1212 2349">
     <span class='ocr_line' id='line_1_37' title="bbox 1210 2330 1212 2349; baseline 0 0"><span class='ocrx_word' id='word_1_158' title='bbox 1210 2330 1212 2349; x_wconf 68' lang='lat'>³</span> 
     </span>
    </p>

    <p class='ocr_par' dir='ltr' id='par_1_12' title="bbox 1210 2371 1212 2402">
     <span class='ocr_line' id='line_1_38' title="bbox 1210 2371 1212 2402; baseline 0 0"><span class='ocrx_word' id='word_1_159' title='bbox 1210 2371 1212 2402; x_wconf 75' lang='grc' dir='ltr'>ἰ</span> 
     </span>
    </p>

    <p class='ocr_par' dir='ltr' id='par_1_13' title="bbox 1209 2405 1213 2563">
     <span class='ocr_line' id='line_1_39' title="bbox 1209 2405 1213 2563; baseline 0 0"><span class='ocrx_word' id='word_1_160' title='bbox 1209 2405 1213 2563; x_wconf 68' lang='grc' dir='ltr'>Ξ</span> 
     </span>
    </p>
   </div>
   <div class='ocr_carea' id='block_1_7' title="bbox 192 1643 1183 1842">
    <p class='ocr_par' dir='ltr' id='par_1_14' title="bbox 192 1643 1183 1842">
     <span class='ocr_line' id='line_1_40' title="bbox 243 1643 1068 1691; baseline -0.004 -10"><span class='ocrx_word' id='word_1_161' title='bbox 243 1650 316 1683; x_wconf 85' lang='lat' dir='ltr'>Cre.</span> <span class='ocrx_word' id='word_1_162' title='bbox 344 1646 399 1679; x_wconf 93' lang='lat' dir='ltr'>Ad</span> <span class='ocrx_word' id='word_1_163' title='bbox 415 1644 651 1678; x_wconf 82' lang='lat' dir='ltr'>imitationem</span> <span class='ocrx_word' id='word_1_164' title='bbox 672 1645 813 1691; x_wconf 77' lang='lat' dir='ltr'>antiqui</span> <span class='ocrx_word' id='word_1_165' title='bbox 830 1643 1068 1678; x_wconf 83' lang='lat' dir='ltr'>Erichthonii.</span> 
     </span>
     <span class='ocr_line' id='line_1_41' title="bbox 192 1693 1183 1742; baseline -0.005 -9"><span class='ocrx_word' id='word_1_166' title='bbox 192 1699 290 1734; x_wconf 82' lang='lat'>1430</span> <span class='ocrx_word' id='word_1_167' title='bbox 317 1700 389 1732; x_wconf 82' lang='lat' dir='ltr'>lon.</span> <span class='ocrx_word' id='word_1_168' title='bbox 416 1697 472 1730; x_wconf 92' lang='lat' dir='ltr'>Ad</span> <span class='ocrx_word' id='word_1_169' title='bbox 490 1697 586 1741; x_wconf 91' lang='lat' dir='ltr'>quod</span> <span class='ocrx_word' id='word_1_170' title='bbox 604 1708 714 1740; x_wconf 91' lang='lat' dir='ltr'>opus,</span> <span class='ocrx_word' id='word_1_171' title='bbox 751 1703 785 1729; x_wconf 90' lang='lat' dir='ltr'>et</span> <span class='ocrx_word' id='word_1_172' title='bbox 809 1696 845 1728; x_wconf 92' lang='lat' dir='ltr'>in</span> <span class='ocrx_word' id='word_1_173' title='bbox 870 1709 975 1742; x_wconf 87' lang='lat' dir='ltr'>quem</span> <span class='ocrx_word' id='word_1_174' title='bbox 998 1708 1101 1729; x_wconf 85' lang='lat' dir='ltr'>usum</span> <span class='ocrx_word' id='word_1_175' title='bbox 1126 1693 1183 1728; x_wconf 83' lang='lat' dir='ltr'>hic</span> 
     </span>
     <span class='ocr_line' id='line_1_42' title="bbox 608 1745 1056 1792; baseline 0.002 -12"><span class='ocrx_word' id='word_1_176' title='bbox 608 1746 855 1792; x_wconf 50' lang='lat' dir='ltr'>torquesffiass</span> <span class='ocrx_word' id='word_1_177' title='bbox 882 1747 938 1780; x_wconf 85' lang='lat' dir='ltr'>dic</span> <span class='ocrx_word' id='word_1_178' title='bbox 955 1745 1056 1781; x_wconf 88' lang='lat' dir='ltr'>mihi.</span> 
     </span>
     <span class='ocr_line' id='line_1_43' title="bbox 243 1797 1158 1842; baseline -0.005 -7"><span class='ocrx_word' id='word_1_179' title='bbox 243 1804 316 1836; x_wconf 89' lang='lat' dir='ltr'>Cre.</span> <span class='ocrx_word' id='word_1_180' title='bbox 343 1799 391 1833; x_wconf 92' lang='lat' dir='ltr'>Ut</span> <span class='ocrx_word' id='word_1_181' title='bbox 406 1799 513 1832; x_wconf 85' lang='lat' dir='ltr'>ferret</span> <span class='ocrx_word' id='word_1_182' title='bbox 530 1810 618 1842; x_wconf 87' lang='lat' dir='ltr'>puer</span> <span class='ocrx_word' id='word_1_183' title='bbox 636 1810 756 1832; x_wconf 89' lang='lat' dir='ltr'>recens</span> <span class='ocrx_word' id='word_1_184' title='bbox 774 1805 876 1831; x_wconf 77' lang='lat' dir='ltr'>natus</span> <span class='ocrx_word' id='word_1_185' title='bbox 895 1797 980 1831; x_wconf 81' lang='lat' dir='ltr'>haec</span> <span class='ocrx_word' id='word_1_186' title='bbox 1000 1797 1158 1830; x_wconf 81' lang='lat' dir='ltr'>monilia.</span> 
     </span>
    </p>
   </div>
   <div class='ocr_carea' id='block_1_8' title="bbox 225 1940 1182 1973">
    <p class='ocr_par' dir='ltr' id='par_1_15' title="bbox 225 1940 1182 1973">
     <span class='ocr_line' id='line_1_44' title="bbox 225 1940 1182 1973; baseline -0.004 -5"><span class='ocrx_word' id='word_1_187' title='bbox 225 1943 274 1970; x_wconf 72' lang='lat'>³⁷]</span> <span class='ocrx_word' id='word_1_188' title='bbox 293 1942 382 1973; x_wconf 81' lang='lat' dir='ltr'>figura</span> <span class='ocrx_word' id='word_1_189' title='bbox 399 1941 527 1972; x_wconf 78' lang='lat' dir='ltr'>Aegidis]</span> <span class='ocrx_word' id='word_1_190' title='bbox 552 1940 593 1965; x_wconf 86' lang='lat' dir='ltr'>sic</span> <span class='ocrx_word' id='word_1_191' title='bbox 613 1941 661 1965; x_wconf 84' lang='lat' dir='ltr'>Ed.</span> <span class='ocrx_word' id='word_1_192' title='bbox 681 1942 774 1971; x_wconf 79' lang='lat'><strong>¹562.;</strong></span> <span class='ocrx_word' id='word_1_193' title='bbox 810 1941 892 1964; x_wconf 84' lang='lat' dir='ltr'>Editt.</span> <span class='ocrx_word' id='word_1_194' title='bbox 914 1941 988 1964; x_wconf 82' lang='lat'>1558.</span> <span class='ocrx_word' id='word_1_195' title='bbox 1007 1942 1035 1965; x_wconf 87' lang='lat' dir='ltr'>et</span> <span class='ocrx_word' id='word_1_196' title='bbox 1053 1942 1182 1965; x_wconf 84' lang='lat' dir='ltr'>recentt.:</span> 
     </span>
    </p>
   </div>
   <div class='ocr_carea' id='block_1_9' title="bbox 224 1976 1212 2661">
    <p class='ocr_par' dir='ltr' id='par_1_16' title="bbox 224 1976 1212 2661">
     <span class='ocr_line' id='line_1_45' title="bbox 258 1976 550 2007; baseline 0 -6"><span class='ocrx_word' id='word_1_197' title='bbox 258 1976 370 2007; x_wconf 79' lang='lat' dir='ltr'>Aegidis</span> <span class='ocrx_word' id='word_1_198' title='bbox 388 1976 415 1999; x_wconf 88' lang='lat' dir='ltr'>in</span> <span class='ocrx_word' id='word_1_199' title='bbox 435 1976 550 2001; x_wconf 87' lang='lat' dir='ltr'>modum.</span> 
     </span>
     <span class='ocr_line' id='line_1_46' title="bbox 224 2017 1182 2051; baseline -0.001 -8"><span class='ocrx_word' id='word_1_200' title='bbox 224 2019 272 2051; x_wconf 80' lang='grc'>38)</span> <span class='ocrx_word' id='word_1_201' title='bbox 291 2019 352 2043; x_wconf 83' lang='lat' dir='ltr'>Ion.</span> <span class='ocrx_word' id='word_1_202' title='bbox 371 2018 502 2042; x_wconf 78' lang='lat' dir='ltr'>vacuane</span> <span class='ocrx_word' id='word_1_203' title='bbox 520 2031 554 2035; x_wconf 90' lang='lat'>—</span> <span class='ocrx_word' id='word_1_204' title='bbox 572 2018 700 2041; x_wconf 88' lang='lat' dir='ltr'>telarum.</span> <span class='ocrx_word' id='word_1_205' title='bbox 726 2019 784 2045; x_wconf 85' lang='lat' dir='ltr'>(vs.</span> <span class='ocrx_word' id='word_1_206' title='bbox 808 2017 876 2040; x_wconf 78' lang='lat'>¹412</span> <span class='ocrx_word' id='word_1_207' title='bbox 890 2029 922 2035; x_wconf 89' lang='lat'>—-</span> <span class='ocrx_word' id='word_1_208' title='bbox 938 2017 1043 2046; x_wconf 62' lang='lat'>14250]</span> <span class='ocrx_word' id='word_1_209' title='bbox 1070 2017 1110 2041; x_wconf 87' lang='lat' dir='ltr'>sic</span> <span class='ocrx_word' id='word_1_210' title='bbox 1134 2018 1182 2042; x_wconf 86' lang='lat' dir='ltr'>Ed.</span> 
     </span>
     <span class='ocr_line' id='line_1_47' title="bbox 261 2052 539 2082; baseline -0.004 -4"><span class='ocrx_word' id='word_1_211' title='bbox 261 2053 355 2082; x_wconf 75' lang='lat'>1562.;</span> <span class='ocrx_word' id='word_1_212' title='bbox 379 2052 430 2078; x_wconf 79' lang='lat' dir='ltr'>Ed.</span> <span class='ocrx_word' id='word_1_213' title='bbox 446 2052 539 2077; x_wconf 77' lang='lat'>1558.:</span> 
     </span>
     <span class='ocr_line' id='line_1_48' title="bbox 293 2084 1212 2135; baseline -0.002 -23"><span class='ocrx_word' id='word_1_214' title='bbox 293 2087 353 2112; x_wconf 83' lang='lat' dir='ltr'>Ion.</span> <span class='ocrx_word' id='word_1_215' title='bbox 380 2087 511 2110; x_wconf 80' lang='lat' dir='ltr'>vacuane</span> <span class='ocrx_word' id='word_1_216' title='bbox 536 2087 579 2110; x_wconf 80' lang='lat' dir='ltr'>est</span> <span class='ocrx_word' id='word_1_217' title='bbox 603 2091 704 2135; x_wconf 52' lang='lat' dir='ltr'>arca½</span> <span class='ocrx_word' id='word_1_218' title='bbox 719 2086 766 2109; x_wconf 88' lang='lat' dir='ltr'>aut</span> <span class='ocrx_word' id='word_1_219' title='bbox 785 2084 907 2109; x_wconf 85' lang='lat' dir='ltr'>continet</span> <span class='ocrx_word' id='word_1_220' title='bbox 926 2084 1110 2114; x_wconf 82' lang='lat' dir='ltr'>impletionem</span> <span class='ocrx_word' id='word_1_221' title='bbox 1130 2086 1184 2109; x_wconf 77' lang='lat' dir='ltr'>ali·</span> <span class='ocrx_word' id='word_1_222' title='bbox 1209 2091 1212 2111; x_wconf 66' lang='grc' dir='ltr'><em>ι</em></span> 
     </span>
     <span class='ocr_line' id='line_1_49' title="bbox 294 2126 1038 2185; baseline -0.004 -5"><span class='ocrx_word' id='word_1_223' title='bbox 294 2155 356 2180; x_wconf 84' lang='lat' dir='ltr'>Cre.</span> <span class='ocrx_word' id='word_1_224' title='bbox 376 2155 434 2178; x_wconf 82' lang='lat' dir='ltr'>Tua</span> <span class='ocrx_word' id='word_1_225' title='bbox 451 2154 575 2185; x_wconf 82' lang='lat' dir='ltr'>indusia,</span> <span class='ocrx_word' id='word_1_226' title='bbox 601 2126 700 2184; x_wconf 47' lang='lat' dir='ltr'>giiiliffis</span> <span class='ocrx_word' id='word_1_227' title='bbox 716 2155 743 2176; x_wconf 87' lang='lat' dir='ltr'>te</span> <span class='ocrx_word' id='word_1_228' title='bbox 762 2152 876 2182; x_wconf 81' lang='lat' dir='ltr'>exposui</span> <span class='ocrx_word' id='word_1_229' title='bbox 897 2158 947 2183; x_wconf 81' lang='lat' dir='ltr'>ego</span> <span class='ocrx_word' id='word_1_230' title='bbox 966 2152 1038 2177; x_wconf 87' lang='lat' dir='ltr'>olim.</span> 
     </span>
     <span class='ocr_line' id='line_1_50' title="bbox 295 2187 1170 2218; baseline -0.002 -5"><span class='ocrx_word' id='word_1_231' title='bbox 295 2190 354 2214; x_wconf 76' lang='lat'><em>1⁰11.</em></span> <span class='ocrx_word' id='word_1_232' title='bbox 373 2190 408 2213; x_wconf 88' lang='lat' dir='ltr'>Et</span> <span class='ocrx_word' id='word_1_233' title='bbox 427 2194 523 2212; x_wconf 87' lang='lat' dir='ltr'>nomen</span> <span class='ocrx_word' id='word_1_234' title='bbox 541 2189 663 2218; x_wconf 88' lang='lat' dir='ltr'>ipsorum</span> <span class='ocrx_word' id='word_1_235' title='bbox 683 2187 837 2217; x_wconf 82' lang='lat' dir='ltr'>eloqueris,</span> <span class='ocrx_word' id='word_1_236' title='bbox 868 2188 1014 2217; x_wconf 85' lang='lat' dir='ltr'>antequam</span> <span class='ocrx_word' id='word_1_237' title='bbox 1032 2187 1170 2217; x_wconf 85' lang='lat' dir='ltr'>inspicias.</span> 
     </span>
     <span class='ocr_line' id='line_1_51' title="bbox 295 2221 910 2252; baseline -0.005 -4"><span class='ocrx_word' id='word_1_238' title='bbox 295 2225 357 2248; x_wconf 82' lang='lat' dir='ltr'>Cre.</span> <span class='ocrx_word' id='word_1_239' title='bbox 376 2224 410 2246; x_wconf 84' lang='lat' dir='ltr'>Et</span> <span class='ocrx_word' id='word_1_240' title='bbox 428 2223 453 2246; x_wconf 91' lang='lat' dir='ltr'>si</span> <span class='ocrx_word' id='word_1_241' title='bbox 472 2229 526 2247; x_wconf 88' lang='lat' dir='ltr'>non</span> <span class='ocrx_word' id='word_1_242' title='bbox 544 2223 656 2252; x_wconf 83' lang='lat' dir='ltr'>dixero,</span> <span class='ocrx_word' id='word_1_243' title='bbox 682 2222 751 2245; x_wconf 86' lang='lat' dir='ltr'>mori</span> <span class='ocrx_word' id='word_1_244' title='bbox 771 2221 910 2250; x_wconf 83' lang='lat' dir='ltr'>polliceor.</span> 
     </span>
     <span class='ocr_line' id='line_1_52' title="bbox 294 2255 1139 2287; baseline -0.002 -6"><span class='ocrx_word' id='word_1_245' title='bbox 294 2258 354 2283; x_wconf 82' lang='lat' dir='ltr'>Ion.</span> <span class='ocrx_word' id='word_1_246' title='bbox 374 2257 439 2287; x_wconf 84' lang='lat' dir='ltr'>Dic,</span> <span class='ocrx_word' id='word_1_247' title='bbox 465 2258 592 2287; x_wconf 86' lang='lat' dir='ltr'>quoniam</span> <span class='ocrx_word' id='word_1_248' title='bbox 610 2257 691 2280; x_wconf 80' lang='lat' dir='ltr'>nabet</span> <span class='ocrx_word' id='word_1_249' title='bbox 709 2255 810 2285; x_wconf 84' lang='lat' dir='ltr'>aliquid</span> <span class='ocrx_word' id='word_1_250' title='bbox 829 2260 916 2285; x_wconf 86' lang='lat' dir='ltr'>grave</span> <span class='ocrx_word' id='word_1_251' title='bbox 934 2255 1001 2278; x_wconf 82' lang='lat' dir='ltr'>haec</span> <span class='ocrx_word' id='word_1_252' title='bbox 1019 2256 1139 2280; x_wconf 84' lang='lat' dir='ltr'>audacia.</span> 
     </span>
     <span class='ocr_line' id='line_1_53' title="bbox 296 2289 1184 2322; baseline -0.002 -6"><span class='ocrx_word' id='word_1_253' title='bbox 296 2294 360 2316; x_wconf 83' lang='lat' dir='ltr'>Cre.</span> <span class='ocrx_word' id='word_1_254' title='bbox 380 2291 579 2322; x_wconf 82' lang='lat' dir='ltr'>Considerate,</span> <span class='ocrx_word' id='word_1_255' title='bbox 611 2296 691 2320; x_wconf 79' lang='lat' dir='ltr'>quam</span> <span class='ocrx_word' id='word_1_256' title='bbox 710 2289 802 2319; x_wconf 85' lang='lat' dir='ltr'>puella</span> <span class='ocrx_word' id='word_1_257' title='bbox 820 2289 884 2313; x_wconf 85' lang='lat' dir='ltr'>olim</span> <span class='ocrx_word' id='word_1_258' title='bbox 903 2289 1027 2313; x_wconf 84' lang='lat' dir='ltr'>existens</span> <span class='ocrx_word' id='word_1_259' title='bbox 1047 2291 1184 2314; x_wconf 86' lang='lat' dir='ltr'>texturam</span> 
     </span>
     <span class='ocr_line' id='line_1_54' title="bbox 667 2325 725 2341; baseline 0 0"><span class='ocrx_word' id='word_1_260' title='bbox 667 2325 671 2328; x_wconf 84' lang='grc'><strong>”</strong></span> <span class='ocrx_word' id='word_1_261' title='bbox 710 2330 725 2341; x_wconf 67' lang='grc' dir='ltr'>ιν</span> 
     </span>
     <span class='ocr_line' id='line_1_55' title="bbox 296 2325 1014 2389; baseline -0.006 -6"><span class='ocrx_word' id='word_1_262' title='bbox 296 2360 355 2384; x_wconf 84' lang='lat' dir='ltr'>lon.</span> <span class='ocrx_word' id='word_1_263' title='bbox 376 2355 576 2389; x_wconf 69' lang='lat' dir='ltr'>Qualemnam‘?</span> <span class='ocrx_word' id='word_1_264' title='bbox 599 2325 860 2387; x_wconf 41' lang='lat' dir='ltr'>ignitagegirginum</span> <span class='ocrx_word' id='word_1_265' title='bbox 878 2357 1014 2380; x_wconf 83' lang='lat' dir='ltr'>texturae.</span> 
     </span>
     <span class='ocr_line' id='line_1_56' title="bbox 297 2390 1098 2423; baseline -0.004 -5"><span class='ocrx_word' id='word_1_266' title='bbox 297 2394 359 2419; x_wconf 77' lang='lat' dir='ltr'>Cre.</span> <span class='ocrx_word' id='word_1_267' title='bbox 378 2394 438 2417; x_wconf 68' lang='lat' dir='ltr'>Non</span> <span class='ocrx_word' id='word_1_268' title='bbox 457 2393 623 2423; x_wconf 77' lang='lat' dir='ltr'>perfectam,</span> <span class='ocrx_word' id='word_1_269' title='bbox 648 2392 698 2415; x_wconf 88' lang='lat' dir='ltr'>sed</span> <span class='ocrx_word' id='word_1_270' title='bbox 717 2390 803 2414; x_wconf 87' lang='lat' dir='ltr'>veluti</span> <span class='ocrx_word' id='word_1_271' title='bbox 821 2391 1003 2414; x_wconf 87' lang='lat' dir='ltr'>rudimentum</span> <span class='ocrx_word' id='word_1_272' title='bbox 1021 2391 1098 2415; x_wconf 88' lang='lat' dir='ltr'>radii.</span> 
     </span>
     <span class='ocr_line' id='line_1_57' title="bbox 297 2422 1053 2457; baseline -0.003 -6"><span class='ocrx_word' id='word_1_273' title='bbox 297 2428 358 2451; x_wconf 82' lang='lat' dir='ltr'>lon.</span> <span class='ocrx_word' id='word_1_274' title='bbox 380 2428 510 2457; x_wconf 75' lang='lat' dir='ltr'>Figuram</span> <span class='ocrx_word' id='word_1_275' title='bbox 528 2427 631 2450; x_wconf 85' lang='lat' dir='ltr'>habens</span> <span class='ocrx_word' id='word_1_276' title='bbox 649 2422 749 2456; x_wconf 67' lang='lat' dir='ltr'>quam?</span> <span class='ocrx_word' id='word_1_277' title='bbox 769 2431 803 2448; x_wconf 90' lang='lat' dir='ltr'>ne</span> <span class='ocrx_word' id='word_1_278' title='bbox 821 2431 864 2448; x_wconf 87' lang='lat' dir='ltr'>me</span> <span class='ocrx_word' id='word_1_279' title='bbox 884 2426 934 2448; x_wconf 86' lang='lat' dir='ltr'>hac</span> <span class='ocrx_word' id='word_1_280' title='bbox 953 2425 1053 2455; x_wconf 87' lang='lat' dir='ltr'>capias.</span> 
     </span>
     <span class='ocr_line' id='line_1_58' title="bbox 299 2458 1148 2491; baseline -0.001 -6"><span class='ocrx_word' id='word_1_281' title='bbox 299 2462 360 2487; x_wconf 82' lang='lat' dir='ltr'>Cre.</span> <span class='ocrx_word' id='word_1_282' title='bbox 380 2462 473 2491; x_wconf 80' lang='lat' dir='ltr'>Gorgo</span> <span class='ocrx_word' id='word_1_283' title='bbox 492 2461 600 2491; x_wconf 83' lang='lat' dir='ltr'>quidem</span> <span class='ocrx_word' id='word_1_284' title='bbox 616 2460 645 2484; x_wconf 88' lang='lat' dir='ltr'>in</span> <span class='ocrx_word' id='word_1_285' title='bbox 662 2459 759 2483; x_wconf 85' lang='lat' dir='ltr'>mediis</span> <span class='ocrx_word' id='word_1_286' title='bbox 777 2458 862 2482; x_wconf 84' lang='lat' dir='ltr'>textis</span> <span class='ocrx_word' id='word_1_287' title='bbox 879 2465 912 2482; x_wconf 85' lang='lat' dir='ltr'>ex</span> <span class='ocrx_word' id='word_1_288' title='bbox 930 2460 1037 2484; x_wconf 84' lang='lat' dir='ltr'>flamine</span> <span class='ocrx_word' id='word_1_289' title='bbox 1056 2461 1148 2490; x_wconf 81' lang='lat' dir='ltr'>peplis.</span> 
     </span>
     <span class='ocr_line' id='line_1_59' title="bbox 302 2490 946 2525; baseline -0.002 -7"><span class='ocrx_word' id='word_1_290' title='bbox 302 2496 362 2521; x_wconf 80' lang='lat' dir='ltr'>Ion.</span> <span class='ocrx_word' id='word_1_291' title='bbox 382 2495 404 2519; x_wconf 89' lang='grc' dir='ltr'><strong>Ο</strong></span> <span class='ocrx_word' id='word_1_292' title='bbox 425 2495 540 2525; x_wconf 83' lang='lat' dir='ltr'>iupiter,</span> <span class='ocrx_word' id='word_1_293' title='bbox 567 2495 638 2524; x_wconf 86' lang='lat' dir='ltr'>quod</span> <span class='ocrx_word' id='word_1_294' title='bbox 656 2500 707 2518; x_wconf 87' lang='lat' dir='ltr'>nos</span> <span class='ocrx_word' id='word_1_295' title='bbox 726 2494 820 2523; x_wconf 84' lang='lat' dir='ltr'>captat</span> <span class='ocrx_word' id='word_1_296' title='bbox 838 2490 946 2517; x_wconf 73' lang='lat' dir='ltr'>fatum?</span> 
     </span>
     <span class='ocr_line' id='line_1_60' title="bbox 298 2527 1098 2559; baseline -0.001 -6"><span class='ocrx_word' id='word_1_297' title='bbox 298 2530 360 2554; x_wconf 81' lang='lat' dir='ltr'>Cre.</span> <span class='ocrx_word' id='word_1_298' title='bbox 380 2530 416 2552; x_wconf 86' lang='lat' dir='ltr'>Et</span> <span class='ocrx_word' id='word_1_299' title='bbox 436 2529 572 2552; x_wconf 87' lang='lat' dir='ltr'>fimbriata</span> <span class='ocrx_word' id='word_1_300' title='bbox 590 2528 780 2559; x_wconf 85' lang='lat' dir='ltr'>serpentibus,</span> <span class='ocrx_word' id='word_1_301' title='bbox 807 2527 920 2557; x_wconf 81' lang='lat' dir='ltr'>Aegidis</span> <span class='ocrx_word' id='word_1_302' title='bbox 937 2527 964 2551; x_wconf 89' lang='lat' dir='ltr'>in</span> <span class='ocrx_word' id='word_1_303' title='bbox 983 2529 1098 2552; x_wconf 86' lang='lat' dir='ltr'>modum.</span> 
     </span>
     <span class='ocr_line' id='line_1_61' title="bbox 297 2563 1004 2626; baseline -0.001 -4"><span class='ocrx_word' id='word_1_304' title='bbox 297 2563 581 2626; x_wconf 46' lang='lat' dir='ltr'>{iogelie‘s‘te&#39;texturffi</span> <span class='ocrx_word' id='word_1_305' title='bbox 605 2595 675 2619; x_wconf 86' lang='lat' dir='ltr'>mira</span> <span class='ocrx_word' id='word_1_306' title='bbox 693 2595 819 2626; x_wconf 85' lang='lat' dir='ltr'>quoniam</span> <span class='ocrx_word' id='word_1_307' title='bbox 841 2595 1004 2621; x_wconf 85' lang='lat' dir='ltr'>invenimus.</span> 
     </span>
     <span class='ocr_line' id='line_1_62' title="bbox 302 2630 1102 2661; baseline 0 -6"><span class='ocrx_word' id='word_1_308' title='bbox 302 2632 365 2657; x_wconf 80' lang='lat' dir='ltr'>Cre.</span> <span class='ocrx_word' id='word_1_309' title='bbox 384 2631 406 2655; x_wconf 91' lang='grc'>0</span> <span class='ocrx_word' id='word_1_310' title='bbox 426 2631 478 2654; x_wconf 86' lang='lat' dir='ltr'>iam</span> <span class='ocrx_word' id='word_1_311' title='bbox 497 2630 561 2654; x_wconf 79' lang='lat' dir='ltr'>olim</span> <span class='ocrx_word' id='word_1_312' title='bbox 581 2635 649 2659; x_wconf 88' lang='lat' dir='ltr'>opus</span> <span class='ocrx_word' id='word_1_313' title='bbox 668 2630 821 2661; x_wconf 82' lang='lat' dir='ltr'>virgineum</span> <span class='ocrx_word' id='word_1_314' title='bbox 840 2631 955 2653; x_wconf 80' lang='lat' dir='ltr'>teiarum</span> <span class='ocrx_word' id='word_1_315' title='bbox 973 2636 1102 2655; x_wconf 88' lang='lat' dir='ltr'>mearum.</span> 
     </span>
    </p>
   </div>
   <div class='ocr_carea' id='block_1_10' title="bbox 233 2670 1113 2704">
    <p class='ocr_par' dir='ltr' id='par_1_17' title="bbox 233 2670 1113 2704">
     <span class='ocr_line' id='line_1_63' title="bbox 233 2670 1113 2704; baseline -0.002 -5"><span class='ocrx_word' id='word_1_316' title='bbox 233 2676 303 2703; x_wconf 65' lang='lat'>³8⁵)</span> <span class='ocrx_word' id='word_1_317' title='bbox 323 2674 365 2698; x_wconf 86' lang='lat' dir='ltr'>hic</span> <span class='ocrx_word' id='word_1_318' title='bbox 382 2675 495 2703; x_wconf 79' lang='lat' dir='ltr'>torques</span> <span class='ocrx_word' id='word_1_319' title='bbox 504 2670 534 2701; x_wconf 68' lang='lat'>2]</span> <span class='ocrx_word' id='word_1_320' title='bbox 554 2671 592 2695; x_wconf 82' lang='lat' dir='ltr'>sic</span> <span class='ocrx_word' id='word_1_321' title='bbox 612 2672 727 2702; x_wconf 85' lang='lat' dir='ltr'>scripsi;</span> <span class='ocrx_word' id='word_1_322' title='bbox 753 2673 800 2697; x_wconf 81' lang='lat' dir='ltr'>Ed.</span> <span class='ocrx_word' id='word_1_323' title='bbox 818 2673 892 2696; x_wconf 75' lang='lat'>1562.</span> <span class='ocrx_word' id='word_1_324' title='bbox 910 2673 962 2697; x_wconf 81' lang='lat' dir='ltr'>hoc</span> <span class='ocrx_word' id='word_1_325' title='bbox 980 2671 1113 2704; x_wconf 73' lang='lat' dir='ltr'>torques?</span> 
     </span>
    </p>
   </div>
   <div class='ocr_carea' id='block_1_11' title="bbox 780 81 1638 124">
    <p class='ocr_par' dir='ltr' id='par_1_18' title="bbox 780 81 1638 124">
     <span class='ocr_line' id='line_1_64' title="bbox 780 81 1638 124; baseline 0.01 -9"><span class='ocrx_word' id='word_1_326' title='bbox 780 81 901 118; x_wconf 84' lang='lat' dir='ltr'><strong>PHIL.</strong></span> <span class='ocrx_word' id='word_1_327' title='bbox 928 84 1039 119; x_wconf 87' lang='lat' dir='ltr'><strong>MEL.</strong></span> <span class='ocrx_word' id='word_1_328' title='bbox 1075 86 1275 121; x_wconf 76' lang='lat' dir='ltr'>SCRIPTA</span> <span class='ocrx_word' id='word_1_329' title='bbox 1304 88 1638 124; x_wconf 73' lang='lat' dir='ltr'>PHILOLOGICA.</span> 
     </span>
    </p>
   </div>
   <div class='ocr_carea' id='block_1_12' title="bbox 2136 93 2233 129">
    <p class='ocr_par' dir='ltr' id='par_1_19' title="bbox 2136 93 2233 129">
     <span class='ocr_line' id='line_1_65' title="bbox 2136 93 2233 129; baseline 0 -1"><span class='ocrx_word' id='word_1_330' title='bbox 2136 93 2233 129; x_wconf 89' lang='lat'>1056</span> 
     </span>
    </p>
   </div>
   <div class='ocr_carea' id='block_1_13' title="bbox 1240 174 2233 679">
    <p class='ocr_par' dir='ltr' id='par_1_20' title="bbox 1240 174 2233 679">
     <span class='ocr_line' id='line_1_66' title="bbox 1288 174 2233 223; baseline 0.003 -14"><span class='ocrx_word' id='word_1_331' title='bbox 1288 178 1360 209; x_wconf 80' lang='lat' dir='ltr'>Ion.</span> <span class='ocrx_word' id='word_1_332' title='bbox 1389 174 1512 209; x_wconf 83' lang='lat' dir='ltr'>Insunt</span> <span class='ocrx_word' id='word_1_333' title='bbox 1528 176 1605 210; x_wconf 83' lang='lat' dir='ltr'>ista.</span> <span class='ocrx_word' id='word_1_334' title='bbox 1658 175 1820 209; x_wconf 80' lang='lat' dir='ltr'>Tertium</span> <span class='ocrx_word' id='word_1_335' title='bbox 1843 183 1960 210; x_wconf 86' lang='lat' dir='ltr'>autem</span> <span class='ocrx_word' id='word_1_336' title='bbox 1979 178 2083 222; x_wconf 87' lang='lat' dir='ltr'>cupio</span> <span class='ocrx_word' id='word_1_337' title='bbox 2102 191 2233 223; x_wconf 83' lang='lat' dir='ltr'>cogno-</span> 
     </span>
     <span class='ocr_line' id='line_1_67' title="bbox 1649 237 1757 259; baseline 0 -1"><span class='ocrx_word' id='word_1_338' title='bbox 1649 237 1757 259; x_wconf 85' lang='lat' dir='ltr'>scere.</span> 
     </span>
     <span class='ocr_line' id='line_1_68' title="bbox 1290 277 2097 322; baseline 0.002 -11"><span class='ocrx_word' id='word_1_339' title='bbox 1290 279 1361 311; x_wconf 89' lang='lat' dir='ltr'>Cre.</span> <span class='ocrx_word' id='word_1_340' title='bbox 1392 277 1572 310; x_wconf 83' lang='lat' dir='ltr'>Coronam</span> <span class='ocrx_word' id='word_1_341' title='bbox 1591 288 1632 309; x_wconf 83' lang='lat' dir='ltr'>ex</span> <span class='ocrx_word' id='word_1_342' title='bbox 1647 277 1723 309; x_wconf 82' lang='lat' dir='ltr'>olea</span> <span class='ocrx_word' id='word_1_343' title='bbox 1742 277 1897 322; x_wconf 87' lang='lat' dir='ltr'>imposui</span> <span class='ocrx_word' id='word_1_344' title='bbox 1917 280 1980 312; x_wconf 90' lang='lat' dir='ltr'>tibi</span> <span class='ocrx_word' id='word_1_345' title='bbox 2001 286 2075 313; x_wconf 85' lang='lat' dir='ltr'>tum</span> <span class='ocrx_word' id='word_1_346' title='bbox 2088 307 2097 320; x_wconf 86' lang='lat'>‚</span> 
     </span>
     <span class='ocr_line' id='line_1_69' title="bbox 1289 328 2072 375; baseline 0.005 -15"><span class='ocrx_word' id='word_1_347' title='bbox 1289 328 1406 372; x_wconf 85' lang='lat' dir='ltr'>Quam</span> <span class='ocrx_word' id='word_1_348' title='bbox 1424 328 1579 372; x_wconf 85' lang='lat' dir='ltr'>primum</span> <span class='ocrx_word' id='word_1_349' title='bbox 1597 328 1753 361; x_wconf 84' lang='lat' dir='ltr'>Palladis</span> <span class='ocrx_word' id='word_1_350' title='bbox 1771 329 1881 362; x_wconf 84' lang='lat' dir='ltr'>edidit</span> <span class='ocrx_word' id='word_1_351' title='bbox 1897 331 2072 375; x_wconf 87' lang='lat' dir='ltr'>scopulus.</span> 
     </span>
     <span class='ocr_line' id='line_1_70' title="bbox 1240 376 2230 427; baseline 0.003 -15"><span class='ocrx_word' id='word_1_352' title='bbox 1240 377 1337 413; x_wconf 83' lang='lat'>1435</span> <span class='ocrx_word' id='word_1_353' title='bbox 1365 380 1466 424; x_wconf 78' lang='lat' dir='ltr'>Quae</span> <span class='ocrx_word' id='word_1_354' title='bbox 1481 379 1510 412; x_wconf 89' lang='lat' dir='ltr'>si</span> <span class='ocrx_word' id='word_1_355' title='bbox 1528 376 1643 411; x_wconf 88' lang='lat' dir='ltr'>adhuc</span> <span class='ocrx_word' id='word_1_356' title='bbox 1659 380 1770 419; x_wconf 87' lang='lat' dir='ltr'>adest,</span> <span class='ocrx_word' id='word_1_357' title='bbox 1791 383 1952 414; x_wconf 88' lang='lat' dir='ltr'>nondum</span> <span class='ocrx_word' id='word_1_358' title='bbox 1972 382 2117 427; x_wconf 84' lang='lat' dir='ltr'>reliquit</span> <span class='ocrx_word' id='word_1_359' title='bbox 2132 382 2230 422; x_wconf 85' lang='lat' dir='ltr'>folia,</span> 
     </span>
     <span class='ocr_line' id='line_1_71' title="bbox 1288 430 2232 469; baseline 0.003 -6"><span class='ocrx_word' id='word_1_360' title='bbox 1288 430 1355 463; x_wconf 74' lang='lat' dir='ltr'>Sed</span> <span class='ocrx_word' id='word_1_361' title='bbox 1385 430 1494 469; x_wconf 86' lang='lat' dir='ltr'>viret,</span> <span class='ocrx_word' id='word_1_362' title='bbox 1528 443 1607 462; x_wconf 79' lang='lat' dir='ltr'>cuin</span> <span class='ocrx_word' id='word_1_363' title='bbox 1642 442 1681 463; x_wconf 87' lang='lat' dir='ltr'>ex</span> <span class='ocrx_word' id='word_1_364' title='bbox 1711 442 1785 463; x_wconf 90' lang='lat' dir='ltr'>non</span> <span class='ocrx_word' id='word_1_365' title='bbox 1818 439 2053 466; x_wconf 85' lang='lat' dir='ltr'>marcescente</span> <span class='ocrx_word' id='word_1_366' title='bbox 2087 433 2162 466; x_wconf 88' lang='lat' dir='ltr'>olea</span> <span class='ocrx_word' id='word_1_367' title='bbox 2187 433 2232 467; x_wconf 87' lang='lat' dir='ltr'>sit</span> 
     </span>
     <span class='ocr_line' id='line_1_72' title="bbox 1652 482 1756 514; baseline 0.01 -1"><span class='ocrx_word' id='word_1_368' title='bbox 1652 482 1756 514; x_wconf 71' lang='lat' dir='ltr'>facta.</span> 
     </span>
     <span class='ocr_line' id='line_1_73' title="bbox 1287 529 2231 574; baseline 0.003 -10"><span class='ocrx_word' id='word_1_369' title='bbox 1287 533 1358 564; x_wconf 82' lang='lat' dir='ltr'>Ion.</span> <span class='ocrx_word' id='word_1_370' title='bbox 1387 531 1420 564; x_wconf 91' lang='lat' dir='ltr'>O</span> <span class='ocrx_word' id='word_1_371' title='bbox 1437 529 1641 566; x_wconf 87' lang='lat' dir='ltr'>charissima</span> <span class='ocrx_word' id='word_1_372' title='bbox 1661 530 1749 564; x_wconf 84' lang='lat' dir='ltr'>mihi</span> <span class='ocrx_word' id='word_1_373' title='bbox 1769 540 1895 574; x_wconf 81' lang='lat' dir='ltr'>mater,</span> <span class='ocrx_word' id='word_1_374' title='bbox 1923 540 1962 566; x_wconf 89' lang='lat' dir='ltr'>ut</span> <span class='ocrx_word' id='word_1_375' title='bbox 1981 534 2105 568; x_wconf 86' lang='lat' dir='ltr'>lubens</span> <span class='ocrx_word' id='word_1_376' title='bbox 2124 540 2155 567; x_wconf 81' lang='lat' dir='ltr'>te</span> <span class='ocrx_word' id='word_1_377' title='bbox 2172 535 2231 567; x_wconf 87' lang='lat' dir='ltr'>ad-</span> 
     </span>
     <span class='ocr_line' id='line_1_74' title="bbox 1652 583 1782 627; baseline 0 -11"><span class='ocrx_word' id='word_1_378' title='bbox 1652 583 1762 627; x_wconf 89' lang='lat' dir='ltr'>spicio</span> <span class='ocrx_word' id='word_1_379' title='bbox 1774 610 1782 623; x_wconf 87' lang='lat'>‚</span> 
     </span>
     <span class='ocr_line' id='line_1_75' title="bbox 1290 631 2002 679; baseline 0.007 -15"><span class='ocrx_word' id='word_1_380' title='bbox 1290 631 1333 664; x_wconf 87' lang='lat' dir='ltr'>Et</span> <span class='ocrx_word' id='word_1_381' title='bbox 1349 633 1485 666; x_wconf 88' lang='lat' dir='ltr'>allabor</span> <span class='ocrx_word' id='word_1_382' title='bbox 1504 635 1545 666; x_wconf 90' lang='lat' dir='ltr'>ad</span> <span class='ocrx_word' id='word_1_383' title='bbox 1566 640 1643 667; x_wconf 81' lang='lat' dir='ltr'>tuas</span> <span class='ocrx_word' id='word_1_384' title='bbox 1661 646 1768 678; x_wconf 84' lang='lat' dir='ltr'>genas</span> <span class='ocrx_word' id='word_1_385' title='bbox 1784 634 2002 679; x_wconf 61' lang='lat' dir='ltr'>libenterffl’).</span> 
     </span>
    </p>
   </div>
   <div class='ocr_carea' id='block_1_14' title="bbox 1582 716 1885 768">
    <p class='ocr_par' dir='ltr' id='par_1_21' title="bbox 1582 716 1885 768">
     <span class='ocr_line' id='line_1_76' title="bbox 1582 716 1885 768; baseline -0.003 -14"><span class='ocrx_word' id='word_1_386' title='bbox 1582 716 1795 766; x_wconf 76' lang='lat' dir='ltr'>[Strophe</span> <span class='ocrx_word' id='word_1_387' title='bbox 1827 718 1885 768; x_wconf 87' lang='lat'>1.]</span> 
     </span>
    </p>
   </div>
   <div class='ocr_carea' id='block_1_15' title="bbox 1242 786 2231 1138">
    <p class='ocr_par' dir='ltr' id='par_1_22' title="bbox 1242 786 2231 1138">
     <span class='ocr_line' id='line_1_77' title="bbox 1289 786 2071 825; baseline 0 -5"><span class='ocrx_word' id='word_1_388' title='bbox 1289 788 1361 820; x_wconf 84' lang='lat' dir='ltr'>Cre.</span> <span class='ocrx_word' id='word_1_389' title='bbox 1391 786 1422 819; x_wconf 96' lang='lat' dir='ltr'>O</span> <span class='ocrx_word' id='word_1_390' title='bbox 1438 787 1505 825; x_wconf 83' lang='lat' dir='ltr'>fili,</span> <span class='ocrx_word' id='word_1_391' title='bbox 1535 799 1555 819; x_wconf 92' lang='lat' dir='ltr'>o</span> <span class='ocrx_word' id='word_1_392' title='bbox 1574 787 1694 820; x_wconf 83' lang='lat' dir='ltr'>lumen</span> <span class='ocrx_word' id='word_1_393' title='bbox 1713 788 1837 822; x_wconf 85' lang='lat' dir='ltr'>matris</span> <span class='ocrx_word' id='word_1_394' title='bbox 1854 788 1980 821; x_wconf 88' lang='lat' dir='ltr'>melius</span> <span class='ocrx_word' id='word_1_395' title='bbox 1999 787 2071 821; x_wconf 89' lang='lat' dir='ltr'>sole</span> 
     </span>
     <span class='ocr_line' id='line_1_78' title="bbox 1242 836 2230 884; baseline 0.003 -14"><span class='ocrx_word' id='word_1_396' title='bbox 1242 837 1337 871; x_wconf 85' lang='lat'>1440</span> <span class='ocrx_word' id='word_1_397' title='bbox 1365 837 1543 882; x_wconf 82' lang='lat' dir='ltr'>(Ignoscet</span> <span class='ocrx_word' id='word_1_398' title='bbox 1557 836 1645 871; x_wconf 82' lang='lat' dir='ltr'>mihi</span> <span class='ocrx_word' id='word_1_399' title='bbox 1660 838 1787 884; x_wconf 88' lang='lat' dir='ltr'>Deus),</span> <span class='ocrx_word' id='word_1_400' title='bbox 1814 840 1851 872; x_wconf 92' lang='lat' dir='ltr'>in</span> <span class='ocrx_word' id='word_1_401' title='bbox 1867 839 2033 873; x_wconf 88' lang='lat' dir='ltr'>manibus</span> <span class='ocrx_word' id='word_1_402' title='bbox 2050 845 2083 872; x_wconf 86' lang='lat' dir='ltr'>te</span> <span class='ocrx_word' id='word_1_403' title='bbox 2104 836 2230 873; x_wconf 80' lang='lat' dir='ltr'>habeo.</span> 
     </span>
     <span class='ocr_line' id='line_1_79' title="bbox 1290 888 2160 935; baseline 0.003 -14"><span class='ocrx_word' id='word_1_404' title='bbox 1290 888 1509 933; x_wconf 78' lang='lat' dir='ltr'>lnsperatuni</span> <span class='ocrx_word' id='word_1_405' title='bbox 1530 890 1731 923; x_wconf 85' lang='lat' dir='ltr'>inventum:</span> <span class='ocrx_word' id='word_1_406' title='bbox 1762 903 1867 935; x_wconf 85' lang='lat' dir='ltr'>quem</span> <span class='ocrx_word' id='word_1_407' title='bbox 1887 891 1981 924; x_wconf 88' lang='lat' dir='ltr'>inter</span> <span class='ocrx_word' id='word_1_408' title='bbox 1999 896 2160 924; x_wconf 84' lang='lat' dir='ltr'>mortuos</span> 
     </span>
     <span class='ocr_line' id='line_1_80' title="bbox 1288 938 2231 987; baseline 0.002 -16"><span class='ocrx_word' id='word_1_409' title='bbox 1288 940 1471 973; x_wconf 79' lang='lat' dir='ltr'>Mortuum</span> <span class='ocrx_word' id='word_1_410' title='bbox 1507 947 1540 973; x_wconf 86' lang='lat' dir='ltr'>et</span> <span class='ocrx_word' id='word_1_411' title='bbox 1575 953 1653 974; x_wconf 78' lang='lat' dir='ltr'>cuin</span> <span class='ocrx_word' id='word_1_412' title='bbox 1684 941 1900 987; x_wconf 84' lang='lat' dir='ltr'>Proserpina</span> <span class='ocrx_word' id='word_1_413' title='bbox 1940 941 2138 975; x_wconf 64' lang='lat' dir='ltr'>existimavi</span> <span class='ocrx_word' id='word_1_414' title='bbox 2169 938 2231 973; x_wconf 84' lang='lat' dir='ltr'>ha-</span> 
     </span>
     <span class='ocr_line' id='line_1_81' title="bbox 1648 992 1773 1026; baseline 0.016 -2"><span class='ocrx_word' id='word_1_415' title='bbox 1648 992 1773 1026; x_wconf 86' lang='lat' dir='ltr'>bitare.</span> 
     </span>
     <span class='ocr_line' id='line_1_82' title="bbox 1288 1040 2185 1086; baseline 0.004 -13"><span class='ocrx_word' id='word_1_416' title='bbox 1288 1043 1360 1073; x_wconf 87' lang='lat' dir='ltr'>Ion.</span> <span class='ocrx_word' id='word_1_417' title='bbox 1389 1042 1526 1086; x_wconf 79' lang='lat' dir='ltr'>Atque,</span> <span class='ocrx_word' id='word_1_418' title='bbox 1555 1054 1575 1074; x_wconf 94' lang='lat' dir='ltr'>o</span> <span class='ocrx_word' id='word_1_419' title='bbox 1593 1040 1698 1075; x_wconf 79' lang='lat' dir='ltr'>chara</span> <span class='ocrx_word' id='word_1_420' title='bbox 1719 1049 1851 1082; x_wconf 83' lang='lat' dir='ltr'>mater,</span> <span class='ocrx_word' id='word_1_421' title='bbox 1880 1044 1917 1076; x_wconf 89' lang='lat' dir='ltr'>iu</span> <span class='ocrx_word' id='word_1_422' title='bbox 1936 1043 2100 1077; x_wconf 84' lang='lat' dir='ltr'>manibus</span> <span class='ocrx_word' id='word_1_423' title='bbox 2116 1042 2185 1077; x_wconf 82' lang='lat' dir='ltr'>tuis</span> 
     </span>
     <span class='ocr_line' id='line_1_83' title="bbox 1290 1091 1850 1138; baseline 0.007 -15"><span class='ocrx_word' id='word_1_424' title='bbox 1290 1091 1453 1125; x_wconf 75' lang='lat' dir='ltr'>Mortuus</span> <span class='ocrx_word' id='word_1_425' title='bbox 1470 1099 1503 1125; x_wconf 90' lang='lat' dir='ltr'>et</span> <span class='ocrx_word' id='word_1_426' title='bbox 1518 1092 1619 1126; x_wconf 86' lang='lat' dir='ltr'>vivus</span> <span class='ocrx_word' id='word_1_427' title='bbox 1639 1094 1850 1138; x_wconf 89' lang='lat' dir='ltr'>conspicior.</span> 
     </span>
    </p>
   </div>
   <div class='ocr_carea' id='block_1_16' title="bbox 1240 1174 1938 1284">
    <p class='ocr_par' dir='ltr' id='par_1_23' title="bbox 1240 1174 1938 1284">
     <span class='ocr_line' id='line_1_84' title="bbox 1583 1174 1886 1224; baseline -0.003 -13"><span class='ocrx_word' id='word_1_428' title='bbox 1583 1174 1793 1223; x_wconf 74' lang='lat' dir='ltr'>[strophe</span> <span class='ocrx_word' id='word_1_429' title='bbox 1820 1175 1886 1224; x_wconf 77' lang='grc'>2.]</span> 
     </span>
     <span class='ocr_line' id='line_1_85' title="bbox 1240 1240 1938 1284; baseline 0.001 -7"><span class='ocrx_word' id='word_1_430' title='bbox 1240 1240 1338 1277; x_wconf 85' lang='grc'><strong>1445</strong></span> <span class='ocrx_word' id='word_1_431' title='bbox 1368 1244 1441 1277; x_wconf 86' lang='lat' dir='ltr'>Cre.</span> <span class='ocrx_word' id='word_1_432' title='bbox 1470 1242 1507 1276; x_wconf 85' lang='lat' dir='ltr'>Io</span> <span class='ocrx_word' id='word_1_433' title='bbox 1521 1243 1630 1277; x_wconf 82' lang='lat' dir='ltr'>lucidi</span> <span class='ocrx_word' id='word_1_434' title='bbox 1647 1241 1800 1278; x_wconf 86' lang='lat' dir='ltr'>aetheris</span> <span class='ocrx_word' id='word_1_435' title='bbox 1817 1245 1938 1284; x_wconf 85' lang='lat' dir='ltr'>orbes,</span> 
     </span>
    </p>
   </div>
   <div class='ocr_carea' id='block_1_17' title="bbox 1239 1294 2230 1644">
    <p class='ocr_par' dir='ltr' id='par_1_24' title="bbox 1239 1294 2230 1644">
     <span class='ocr_line' id='line_1_86' title="bbox 1289 1294 1729 1338; baseline 0.002 -12"><span class='ocrx_word' id='word_1_436' title='bbox 1289 1294 1406 1338; x_wconf 81' lang='lat' dir='ltr'>Quam</span> <span class='ocrx_word' id='word_1_437' title='bbox 1426 1307 1547 1328; x_wconf 88' lang='lat' dir='ltr'>vocem</span> <span class='ocrx_word' id='word_1_438' title='bbox 1568 1294 1729 1328; x_wconf 80' lang='lat' dir='ltr'>sonabo?</span> 
     </span>
     <span class='ocr_line' id='line_1_87' title="bbox 1288 1344 1712 1379; baseline 0.002 -2"><span class='ocrx_word' id='word_1_439' title='bbox 1288 1344 1485 1378; x_wconf 78' lang='lat' dir='ltr'>Clainaho?</span> <span class='ocrx_word' id='word_1_440' title='bbox 1514 1347 1606 1379; x_wconf 88' lang='lat' dir='ltr'>unde</span> <span class='ocrx_word' id='word_1_441' title='bbox 1625 1344 1712 1378; x_wconf 82' lang='lat' dir='ltr'>mihi</span> 
     </span>
     <span class='ocr_line' id='line_1_88' title="bbox 1286 1396 1854 1441; baseline 0 -12"><span class='ocrx_word' id='word_1_442' title='bbox 1286 1396 1452 1429; x_wconf 82' lang='lat' dir='ltr'>Occurrit</span> <span class='ocrx_word' id='word_1_443' title='bbox 1468 1397 1647 1440; x_wconf 83' lang='lat' dir='ltr'>insperata</span> <span class='ocrx_word' id='word_1_444' title='bbox 1666 1397 1854 1441; x_wconf 85' lang='lat' dir='ltr'>voluptas?</span> 
     </span>
     <span class='ocr_line' id='line_1_89' title="bbox 1286 1445 1904 1491; baseline -0.002 -11"><span class='ocrx_word' id='word_1_445' title='bbox 1286 1447 1390 1480; x_wconf 90' lang='lat' dir='ltr'>Unde</span> <span class='ocrx_word' id='word_1_446' title='bbox 1411 1448 1609 1491; x_wconf 83' lang='lat' dir='ltr'>accepimus</span> <span class='ocrx_word' id='word_1_447' title='bbox 1625 1445 1692 1480; x_wconf 89' lang='lat' dir='ltr'>hoc</span> <span class='ocrx_word' id='word_1_448' title='bbox 1709 1447 1904 1491; x_wconf 81' lang='lat' dir='ltr'>gaudium?</span> 
     </span>
     <span class='ocr_line' id='line_1_90' title="bbox 1239 1496 2034 1539; baseline -0.003 -7"><span class='ocrx_word' id='word_1_449' title='bbox 1239 1497 1336 1532; x_wconf 83' lang='lat'>1450</span> <span class='ocrx_word' id='word_1_450' title='bbox 1363 1501 1436 1532; x_wconf 83' lang='lat' dir='ltr'>Ion.</span> <span class='ocrx_word' id='word_1_451' title='bbox 1465 1498 1598 1531; x_wconf 84' lang='lat' dir='ltr'>Omnia</span> <span class='ocrx_word' id='word_1_452' title='bbox 1616 1498 1718 1532; x_wconf 88' lang='lat' dir='ltr'>citius</span> <span class='ocrx_word' id='word_1_453' title='bbox 1735 1496 1824 1531; x_wconf 86' lang='lat' dir='ltr'>mihi</span> <span class='ocrx_word' id='word_1_454' title='bbox 1842 1503 2012 1531; x_wconf 84' lang='lat' dir='ltr'>eventura</span> <span class='ocrx_word' id='word_1_455' title='bbox 2025 1525 2034 1539; x_wconf 90' lang='lat'>‚</span> 
     </span>
     <span class='ocr_line' id='line_1_91' title="bbox 1287 1547 2230 1595; baseline 0.002 -12"><span class='ocrx_word' id='word_1_456' title='bbox 1287 1549 1320 1583; x_wconf 92' lang='lat' dir='ltr'>O</span> <span class='ocrx_word' id='word_1_457' title='bbox 1342 1556 1473 1590; x_wconf 85' lang='lat' dir='ltr'>mater,</span> <span class='ocrx_word' id='word_1_458' title='bbox 1501 1550 1676 1583; x_wconf 89' lang='lat' dir='ltr'>creditum</span> <span class='ocrx_word' id='word_1_459' title='bbox 1702 1556 1753 1583; x_wconf 91' lang='lat' dir='ltr'>est</span> <span class='ocrx_word' id='word_1_460' title='bbox 1775 1561 1883 1595; x_wconf 90' lang='lat' dir='ltr'>quam</span> <span class='ocrx_word' id='word_1_461' title='bbox 1909 1547 1994 1589; x_wconf 89' lang='lat' dir='ltr'>hoc,</span> <span class='ocrx_word' id='word_1_462' title='bbox 2029 1550 2128 1595; x_wconf 87' lang='lat' dir='ltr'>quod</span> <span class='ocrx_word' id='word_1_463' title='bbox 2149 1555 2230 1585; x_wconf 86' lang='lat' dir='ltr'>tuus</span> 
     </span>
     <span class='ocr_line' id='line_1_92' title="bbox 1649 1612 1814 1644; baseline 0 -10"><span class='ocrx_word' id='word_1_464' title='bbox 1649 1613 1715 1634; x_wconf 78' lang='lat' dir='ltr'>sim</span> <span class='ocrx_word' id='word_1_465' title='bbox 1739 1612 1814 1644; x_wconf 87' lang='lat' dir='ltr'>ego.</span> 
     </span>
    </p>
   </div>
   <div class='ocr_carea' id='block_1_18' title="bbox 1583 1666 1886 1715">
    <p class='ocr_par' dir='ltr' id='par_1_25' title="bbox 1583 1666 1886 1715">
     <span class='ocr_line' id='line_1_93' title="bbox 1583 1666 1886 1715; baseline 0 -14"><span class='ocrx_word' id='word_1_466' title='bbox 1583 1666 1795 1715; x_wconf 77' lang='lat' dir='ltr'>[Stropke</span> <span class='ocrx_word' id='word_1_467' title='bbox 1823 1667 1886 1715; x_wconf 81' lang='lat'>3.]</span> 
     </span>
    </p>
   </div>
   <div class='ocr_carea' id='block_1_19' title="bbox 1239 1725 2231 2015">
    <p class='ocr_par' dir='ltr' id='par_1_26' title="bbox 1239 1725 2231 2015">
     <span class='ocr_line' id='line_1_94' title="bbox 1289 1725 2231 1772; baseline 0.001 -11"><span class='ocrx_word' id='word_1_468' title='bbox 1289 1729 1363 1761; x_wconf 88' lang='lat' dir='ltr'>Cre.</span> <span class='ocrx_word' id='word_1_469' title='bbox 1392 1725 1518 1760; x_wconf 84' lang='lat' dir='ltr'>Adhuc</span> <span class='ocrx_word' id='word_1_470' title='bbox 1534 1734 1633 1761; x_wconf 86' lang='lat' dir='ltr'>metu</span> <span class='ocrx_word' id='word_1_471' title='bbox 1649 1734 1777 1762; x_wconf 86' lang='lat' dir='ltr'>tremo.</span> <span class='ocrx_word' id='word_1_472' title='bbox 1838 1730 1912 1762; x_wconf 82' lang='lat' dir='ltr'>lon.</span> <span class='ocrx_word' id='word_1_473' title='bbox 1940 1727 2045 1762; x_wconf 91' lang='lat' dir='ltr'>Nunc</span> <span class='ocrx_word' id='word_1_474' title='bbox 2067 1739 2142 1761; x_wconf 89' lang='lat' dir='ltr'>non</span> <span class='ocrx_word' id='word_1_475' title='bbox 2166 1740 2231 1772; x_wconf 85' lang='lat' dir='ltr'>pu-</span> 
     </span>
     <span class='ocr_line' id='line_1_95' title="bbox 1652 1777 2026 1812; baseline 0.003 -1"><span class='ocrx_word' id='word_1_476' title='bbox 1652 1785 1731 1812; x_wconf 89' lang='lat' dir='ltr'>tans</span> <span class='ocrx_word' id='word_1_477' title='bbox 1747 1785 1780 1811; x_wconf 92' lang='lat' dir='ltr'>te</span> <span class='ocrx_word' id='word_1_478' title='bbox 1795 1791 1850 1812; x_wconf 89' lang='lat' dir='ltr'>me</span> <span class='ocrx_word' id='word_1_479' title='bbox 1869 1777 1999 1812; x_wconf 91' lang='lat' dir='ltr'>hahere</span> <span class='ocrx_word' id='word_1_480' title='bbox 2010 1778 2026 1811; x_wconf 82' lang='lat'>?</span> 
     </span>
     <span class='ocr_line' id='line_1_96' title="bbox 1289 1828 1953 1874; baseline 0 -11"><span class='ocrx_word' id='word_1_481' title='bbox 1289 1830 1361 1863; x_wconf 85' lang='lat' dir='ltr'>Cre.</span> <span class='ocrx_word' id='word_1_482' title='bbox 1391 1828 1484 1873; x_wconf 83' lang='lat' dir='ltr'>Quia</span> <span class='ocrx_word' id='word_1_483' title='bbox 1503 1830 1628 1873; x_wconf 86' lang='lat' dir='ltr'>procul</span> <span class='ocrx_word' id='word_1_484' title='bbox 1647 1830 1846 1862; x_wconf 87' lang='lat' dir='ltr'>abieceram</span> <span class='ocrx_word' id='word_1_485' title='bbox 1862 1842 1953 1874; x_wconf 89' lang='lat' dir='ltr'>spes.</span> 
     </span>
     <span class='ocr_line' id='line_1_97' title="bbox 1285 1877 2229 1924; baseline 0.002 -13"><span class='ocrx_word' id='word_1_486' title='bbox 1285 1877 1323 1911; x_wconf 94' lang='lat' dir='ltr'>Io</span> <span class='ocrx_word' id='word_1_487' title='bbox 1342 1880 1480 1920; x_wconf 88' lang='lat' dir='ltr'>mulier,</span> <span class='ocrx_word' id='word_1_488' title='bbox 1498 1882 1592 1913; x_wconf 89' lang='lat' dir='ltr'>unde</span> <span class='ocrx_word' id='word_1_489' title='bbox 1609 1881 1772 1924; x_wconf 84' lang='lat' dir='ltr'>accepisti</span> <span class='ocrx_word' id='word_1_490' title='bbox 1789 1893 1906 1914; x_wconf 90' lang='lat' dir='ltr'>meum</span> <span class='ocrx_word' id='word_1_491' title='bbox 1924 1881 2097 1913; x_wconf 83' lang='lat' dir='ltr'>infantem</span> <span class='ocrx_word' id='word_1_492' title='bbox 2113 1879 2229 1914; x_wconf 85' lang='lat' dir='ltr'>ulnis?</span> 
     </span>
     <span class='ocr_line' id='line_1_98' title="bbox 1239 1928 2230 1976; baseline 0 -12"><span class='ocrx_word' id='word_1_493' title='bbox 1239 1928 1337 1964; x_wconf 88' lang='lat'>1455</span> <span class='ocrx_word' id='word_1_494' title='bbox 1364 1930 1433 1964; x_wconf 85' lang='lat' dir='ltr'>Per</span> <span class='ocrx_word' id='word_1_495' title='bbox 1459 1944 1567 1976; x_wconf 83' lang='lat' dir='ltr'>quam</span> <span class='ocrx_word' id='word_1_496' title='bbox 1592 1944 1739 1964; x_wconf 86' lang='lat' dir='ltr'>manum</span> <span class='ocrx_word' id='word_1_497' title='bbox 1765 1932 1861 1964; x_wconf 86' lang='lat' dir='ltr'>venit</span> <span class='ocrx_word' id='word_1_498' title='bbox 1884 1931 1929 1964; x_wconf 85' lang='lat' dir='ltr'>ad</span> <span class='ocrx_word' id='word_1_499' title='bbox 1954 1931 2101 1965; x_wconf 84' lang='lat' dir='ltr'>domum</span> <span class='ocrx_word' id='word_1_500' title='bbox 2119 1931 2230 1975; x_wconf 89' lang='lat' dir='ltr'>Apol-</span> 
     </span>
     <span class='ocr_line' id='line_1_99' title="bbox 1644 1981 1750 2015; baseline 0 -1"><span class='ocrx_word' id='word_1_501' title='bbox 1644 1981 1750 2015; x_wconf 80' lang='lat' dir='ltr'>linis?</span> 
     </span>
    </p>
   </div>
   <div class='ocr_carea' id='block_1_20' title="bbox 1241 2043 1414 2048">
    <p class='ocr_par' dir='ltr' id='par_1_27' title="bbox 1241 2043 1414 2048">
     <span class='ocr_line' id='line_1_100' title="bbox 1241 2043 1414 2048; baseline 0 0"><span class='ocrx_word' id='word_1_502' title='bbox 1241 2043 1414 2048; x_wconf 95' lang='lat' dir='ltr'> </span> 
     </span>
    </p>
   </div>
   <div class='ocr_carea' id='block_1_21' title="bbox 1270 2093 2230 2703">
    <p class='ocr_par' dir='ltr' id='par_1_28' title="bbox 1270 2093 2228 2154">
     <span class='ocr_line' id='line_1_101' title="bbox 1270 2093 2228 2125; baseline -0.002 -5"><span class='ocrx_word' id='word_1_503' title='bbox 1270 2096 1317 2125; x_wconf 82' lang='lat'>39)</span> <span class='ocrx_word' id='word_1_504' title='bbox 1339 2094 1400 2118; x_wconf 81' lang='lat' dir='ltr'>Ion.</span> <span class='ocrx_word' id='word_1_505' title='bbox 1420 2096 1462 2117; x_wconf 85' lang='lat' dir='ltr'>An</span> <span class='ocrx_word' id='word_1_506' title='bbox 1482 2094 1507 2117; x_wconf 90' lang='lat' dir='ltr'>in</span> <span class='ocrx_word' id='word_1_507' title='bbox 1523 2106 1555 2110; x_wconf 98' lang='lat'><strong>—</strong></span> <span class='ocrx_word' id='word_1_508' title='bbox 1569 2094 1695 2117; x_wconf 83' lang='lat' dir='ltr'>libenter.</span> <span class='ocrx_word' id='word_1_509' title='bbox 1715 2093 2006 2122; x_wconf 71' lang='lat' dir='ltr'>(vs.1426—1438.)]</span> <span class='ocrx_word' id='word_1_510' title='bbox 2021 2093 2062 2117; x_wconf 87' lang='lat' dir='ltr'>sic</span> <span class='ocrx_word' id='word_1_511' title='bbox 2074 2094 2122 2117; x_wconf 78' lang='lat' dir='ltr'>Ed.</span> <span class='ocrx_word' id='word_1_512' title='bbox 2136 2094 2228 2125; x_wconf 75' lang='lat'>1562.;</span> 
     </span>
     <span class='ocr_line' id='line_1_102' title="bbox 1307 2129 1467 2154; baseline -0.019 0"><span class='ocrx_word' id='word_1_513' title='bbox 1307 2130 1354 2154; x_wconf 74' lang='lat' dir='ltr'>Ed.</span> <span class='ocrx_word' id='word_1_514' title='bbox 1377 2129 1467 2152; x_wconf 46' lang='lat'>1555:</span> 
     </span>
    </p>

    <p class='ocr_par' dir='ltr' id='par_1_29' title="bbox 1340 2158 2096 2192">
     <span class='ocr_line' id='line_1_103' title="bbox 1340 2158 2096 2192; baseline -0.001 -6"><span class='ocrx_word' id='word_1_515' title='bbox 1340 2163 1401 2186; x_wconf 82' lang='lat'>1011.</span> <span class='ocrx_word' id='word_1_516' title='bbox 1420 2163 1469 2185; x_wconf 84' lang='lat' dir='ltr'>Est</span> <span class='ocrx_word' id='word_1_517' title='bbox 1487 2161 1591 2192; x_wconf 78' lang='lat' dir='ltr'>aliquid</span> <span class='ocrx_word' id='word_1_518' title='bbox 1611 2163 1645 2186; x_wconf 86' lang='lat' dir='ltr'>ad</span> <span class='ocrx_word' id='word_1_519' title='bbox 1664 2159 1735 2186; x_wconf 74' lang='lat' dir='ltr'>hoc?</span> <span class='ocrx_word' id='word_1_520' title='bbox 1760 2168 1795 2186; x_wconf 89' lang='lat' dir='ltr'>an</span> <span class='ocrx_word' id='word_1_521' title='bbox 1812 2163 1863 2186; x_wconf 83' lang='lat' dir='ltr'>hoc</span> <span class='ocrx_word' id='word_1_522' title='bbox 1882 2162 1942 2185; x_wconf 82' lang='lat' dir='ltr'>solo</span> <span class='ocrx_word' id='word_1_523' title='bbox 1961 2161 2026 2185; x_wconf 82' lang='lat' dir='ltr'>t&#39;eiix</span> <span class='ocrx_word' id='word_1_524' title='bbox 2044 2158 2096 2185; x_wconf 71' lang='lat' dir='ltr'>es?</span> 
     </span>
    </p>

    <p class='ocr_par' dir='ltr' id='par_1_30' title="bbox 1341 2196 2229 2227">
     <span class='ocr_line' id='line_1_104' title="bbox 1341 2196 2229 2227; baseline -0.001 -6"><span class='ocrx_word' id='word_1_525' title='bbox 1341 2197 1403 2221; x_wconf 81' lang='lat' dir='ltr'>Cre.</span> <span class='ocrx_word' id='word_1_526' title='bbox 1426 2197 1583 2227; x_wconf 80' lang='lat' dir='ltr'>Dracones,</span> <span class='ocrx_word' id='word_1_527' title='bbox 1601 2197 1742 2226; x_wconf 86' lang='lat' dir='ltr'>antiquum</span> <span class='ocrx_word' id='word_1_528' title='bbox 1755 2196 1903 2227; x_wconf 85' lang='lat' dir='ltr'>quoddam,</span> <span class='ocrx_word' id='word_1_529' title='bbox 1923 2196 2031 2220; x_wconf 87' lang='lat' dir='ltr'>omnino</span> <span class='ocrx_word' id='word_1_530' title='bbox 2047 2201 2133 2219; x_wconf 82' lang='lat' dir='ltr'>aureo</span> <span class='ocrx_word' id='word_1_531' title='bbox 2150 2196 2229 2220; x_wconf 84' lang='lat' dir='ltr'>collo.</span> 
     </span>
    </p>

    <p class='ocr_par' dir='ltr' id='par_1_31' title="bbox 1344 2230 2230 2288">
     <span class='ocr_line' id='line_1_105' title="bbox 1344 2230 2230 2261; baseline 0 -7"><span class='ocrx_word' id='word_1_532' title='bbox 1344 2232 1400 2254; x_wconf 82' lang='lat' dir='ltr'>lon.</span> <span class='ocrx_word' id='word_1_533' title='bbox 1421 2231 1525 2254; x_wconf 88' lang='lat' dir='ltr'>Donum</span> <span class='ocrx_word' id='word_1_534' title='bbox 1541 2231 1698 2261; x_wconf 84' lang='lat' dir='ltr'>Minervae,</span> <span class='ocrx_word' id='word_1_535' title='bbox 1717 2236 1786 2261; x_wconf 90' lang='lat' dir='ltr'>quae</span> <span class='ocrx_word' id='word_1_536' title='bbox 1800 2230 1900 2254; x_wconf 84' lang='lat' dir='ltr'>liberos</span> <span class='ocrx_word' id='word_1_537' title='bbox 1913 2230 1982 2253; x_wconf 82' lang='lat' dir='ltr'>inter</span> <span class='ocrx_word' id='word_1_538' title='bbox 1997 2232 2141 2259; x_wconf 83' lang='lat' dir='ltr'>serpentes</span> <span class='ocrx_word' id='word_1_539' title='bbox 2154 2230 2230 2254; x_wconf 83' lang='lat' dir='ltr'>alere</span> 
     </span>
     <span class='ocr_line' id='line_1_106' title="bbox 1650 2262 1745 2288; baseline 0.011 -1"><span class='ocrx_word' id='word_1_540' title='bbox 1650 2262 1745 2288; x_wconf 67' lang='lat' dir='ltr'>iubet?</span> 
     </span>
    </p>

    <p class='ocr_par' dir='ltr' id='par_1_32' title="bbox 1342 2297 1960 2328">
     <span class='ocr_line' id='line_1_107' title="bbox 1342 2297 1960 2328; baseline -0.002 -6"><span class='ocrx_word' id='word_1_541' title='bbox 1342 2299 1405 2324; x_wconf 79' lang='lat' dir='ltr'>Cre.</span> <span class='ocrx_word' id='word_1_542' title='bbox 1425 2297 1592 2322; x_wconf 76' lang='lat' dir='ltr'>Erichthonii</span> <span class='ocrx_word' id='word_1_543' title='bbox 1610 2298 1714 2328; x_wconf 84' lang='lat' dir='ltr'>antiqui</span> <span class='ocrx_word' id='word_1_544' title='bbox 1732 2298 1767 2322; x_wconf 87' lang='lat' dir='ltr'>ad</span> <span class='ocrx_word' id='word_1_545' title='bbox 1785 2297 1960 2323; x_wconf 81' lang='lat' dir='ltr'>imitationes.</span> 
     </span>
    </p>

    <p class='ocr_par' dir='ltr' id='par_1_33' title="bbox 1344 2333 1931 2396">
     <span class='ocr_line' id='line_1_108' title="bbox 1344 2333 1931 2362; baseline -0.005 -5"><span class='ocrx_word' id='word_1_546' title='bbox 1344 2334 1402 2357; x_wconf 79' lang='lat' dir='ltr'>Ion.</span> <span class='ocrx_word' id='word_1_547' title='bbox 1421 2333 1463 2356; x_wconf 80' lang='lat' dir='ltr'>Ad</span> <span class='ocrx_word' id='word_1_548' title='bbox 1482 2333 1552 2362; x_wconf 89' lang='lat' dir='ltr'>quod</span> <span class='ocrx_word' id='word_1_549' title='bbox 1571 2338 1656 2361; x_wconf 71' lang='grc' dir='ltr'>οριιε,</span> <span class='ocrx_word' id='word_1_550' title='bbox 1686 2333 1720 2355; x_wconf 89' lang='lat' dir='ltr'>ad</span> <span class='ocrx_word' id='word_1_551' title='bbox 1739 2338 1817 2362; x_wconf 87' lang='lat' dir='ltr'>quem</span> <span class='ocrx_word' id='word_1_552' title='bbox 1837 2338 1931 2362; x_wconf 86' lang='lat' dir='ltr'>usum,</span> 
     </span>
     <span class='ocr_line' id='line_1_109' title="bbox 1652 2363 1789 2396; baseline 0.007 -7"><span class='ocrx_word' id='word_1_553' title='bbox 1652 2363 1789 2396; x_wconf 70' lang='lat' dir='ltr'>insignia?</span> 
     </span>
    </p>

    <p class='ocr_par' dir='ltr' id='par_1_34' title="bbox 1341 2400 2046 2430">
     <span class='ocr_line' id='line_1_110' title="bbox 1341 2400 2046 2430; baseline 0 -5"><span class='ocrx_word' id='word_1_554' title='bbox 1341 2402 1404 2426; x_wconf 82' lang='lat' dir='ltr'>Cre.</span> <span class='ocrx_word' id='word_1_555' title='bbox 1424 2400 1545 2424; x_wconf 82' lang='lat' dir='ltr'>Collaria</span> <span class='ocrx_word' id='word_1_556' title='bbox 1565 2405 1648 2429; x_wconf 87' lang='lat' dir='ltr'>puero</span> <span class='ocrx_word' id='word_1_557' title='bbox 1668 2402 1771 2423; x_wconf 78' lang='lat' dir='ltr'>recenti</span> <span class='ocrx_word' id='word_1_558' title='bbox 1790 2400 1823 2423; x_wconf 90' lang='lat' dir='ltr'>ad</span> <span class='ocrx_word' id='word_1_559' title='bbox 1843 2400 1975 2430; x_wconf 81' lang='lat' dir='ltr'>ferenda,</span> <span class='ocrx_word' id='word_1_560' title='bbox 2000 2402 2046 2425; x_wconf 83' lang='lat' dir='ltr'>fili.</span> 
     </span>
    </p>

    <p class='ocr_par' dir='ltr' id='par_1_35' title="bbox 1340 2434 2002 2464">
     <span class='ocr_line' id='line_1_111' title="bbox 1340 2434 2002 2464; baseline -0.003 -4"><span class='ocrx_word' id='word_1_561' title='bbox 1340 2436 1401 2460; x_wconf 84' lang='lat' dir='ltr'>Ion.</span> <span class='ocrx_word' id='word_1_562' title='bbox 1421 2435 1516 2458; x_wconf 85' lang='lat' dir='ltr'>Insunt</span> <span class='ocrx_word' id='word_1_563' title='bbox 1535 2434 1597 2463; x_wconf 87' lang='lat' dir='ltr'>isti;</span> <span class='ocrx_word' id='word_1_564' title='bbox 1626 2435 1673 2457; x_wconf 87' lang='lat' dir='ltr'>sed</span> <span class='ocrx_word' id='word_1_565' title='bbox 1692 2435 1802 2458; x_wconf 83' lang='lat' dir='ltr'>tertium</span> <span class='ocrx_word' id='word_1_566' title='bbox 1821 2435 1899 2464; x_wconf 81' lang='lat' dir='ltr'>cupio</span> <span class='ocrx_word' id='word_1_567' title='bbox 1920 2435 2002 2461; x_wconf 83' lang='lat' dir='ltr'>scire.</span> 
     </span>
    </p>

    <p class='ocr_par' dir='ltr' id='par_1_36' title="bbox 1341 2468 1960 2500">
     <span class='ocr_line' id='line_1_112' title="bbox 1341 2468 1960 2500; baseline -0.003 -6"><span class='ocrx_word' id='word_1_568' title='bbox 1341 2470 1402 2494; x_wconf 85' lang='lat' dir='ltr'>Cre.</span> <span class='ocrx_word' id='word_1_569' title='bbox 1423 2469 1558 2493; x_wconf 80' lang='lat' dir='ltr'>Coronam</span> <span class='ocrx_word' id='word_1_570' title='bbox 1577 2468 1666 2491; x_wconf 75' lang='lat' dir='ltr'>olivae</span> <span class='ocrx_word' id='word_1_571' title='bbox 1685 2469 1800 2498; x_wconf 82' lang='lat' dir='ltr'>imposui</span> <span class='ocrx_word' id='word_1_572' title='bbox 1822 2469 1867 2492; x_wconf 82' lang='lat' dir='ltr'>tibi</span> <span class='ocrx_word' id='word_1_573' title='bbox 1887 2471 1960 2500; x_wconf 85' lang='lat' dir='ltr'>tum,</span> 
     </span>
    </p>

    <p class='ocr_par' dir='ltr' id='par_1_37' title="bbox 1342 2502 2227 2559">
     <span class='ocr_line' id='line_1_113' title="bbox 1342 2502 2227 2534; baseline 0.001 -7"><span class='ocrx_word' id='word_1_574' title='bbox 1342 2506 1427 2533; x_wconf 84' lang='lat' dir='ltr'>Quam</span> <span class='ocrx_word' id='word_1_575' title='bbox 1443 2502 1559 2533; x_wconf 84' lang='lat' dir='ltr'>primum</span> <span class='ocrx_word' id='word_1_576' title='bbox 1578 2502 1699 2525; x_wconf 83' lang='lat' dir='ltr'>Palladis</span> <span class='ocrx_word' id='word_1_577' title='bbox 1724 2503 1866 2533; x_wconf 81' lang='lat' dir='ltr'>scopulum</span> <span class='ocrx_word' id='word_1_578' title='bbox 1890 2505 1971 2534; x_wconf 73' lang='lat' dir='ltr'>[yn-⁰:</span> <span class='ocrx_word' id='word_1_579' title='bbox 1994 2504 2137 2534; x_wconf 79' lang='lat' dir='ltr'>scopulus]</span> <span class='ocrx_word' id='word_1_580' title='bbox 2160 2510 2227 2534; x_wconf 83' lang='lat' dir='ltr'>pro-</span> 
     </span>
     <span class='ocr_line' id='line_1_114' title="bbox 1647 2536 1730 2559; baseline 0.012 -1"><span class='ocrx_word' id='word_1_581' title='bbox 1647 2536 1730 2559; x_wconf 83' lang='lat' dir='ltr'>duxit.</span> 
     </span>
    </p>

    <p class='ocr_par' dir='ltr' id='par_1_38' title="bbox 1342 2570 1939 2602">
     <span class='ocr_line' id='line_1_115' title="bbox 1342 2570 1939 2602; baseline -0.002 -7"><span class='ocrx_word' id='word_1_582' title='bbox 1342 2573 1417 2602; x_wconf 82' lang='lat' dir='ltr'>Quae</span> <span class='ocrx_word' id='word_1_583' title='bbox 1436 2570 1461 2594; x_wconf 90' lang='lat' dir='ltr'>si</span> <span class='ocrx_word' id='word_1_584' title='bbox 1480 2570 1567 2599; x_wconf 88' lang='lat' dir='ltr'>inest,</span> <span class='ocrx_word' id='word_1_585' title='bbox 1595 2571 1711 2594; x_wconf 88' lang='lat' dir='ltr'>nondum</span> <span class='ocrx_word' id='word_1_586' title='bbox 1730 2571 1839 2601; x_wconf 86' lang='lat' dir='ltr'>reliquit</span> <span class='ocrx_word' id='word_1_587' title='bbox 1858 2571 1939 2602; x_wconf 75' lang='lat' dir='ltr'>folia,</span> 
     </span>
    </p>

    <p class='ocr_par' dir='ltr' id='par_1_39' title="bbox 1341 2605 2173 2634">
     <span class='ocr_line' id='line_1_116' title="bbox 1341 2605 2173 2634; baseline -0.001 -5"><span class='ocrx_word' id='word_1_588' title='bbox 1341 2606 1395 2630; x_wconf 71' lang='lat' dir='ltr'>sed</span> <span class='ocrx_word' id='word_1_589' title='bbox 1413 2606 1500 2633; x_wconf 86' lang='lat' dir='ltr'>viret,</span> <span class='ocrx_word' id='word_1_590' title='bbox 1526 2611 1559 2627; x_wconf 86' lang='lat' dir='ltr'>ex</span> <span class='ocrx_word' id='word_1_591' title='bbox 1579 2605 1639 2627; x_wconf 82' lang='lat' dir='ltr'>olea</span> <span class='ocrx_word' id='word_1_592' title='bbox 1657 2611 1766 2634; x_wconf 87' lang='lat' dir='ltr'>semper</span> <span class='ocrx_word' id='word_1_593' title='bbox 1784 2605 1940 2629; x_wconf 84' lang='lat' dir='ltr'>virescente</span> <span class='ocrx_word' id='word_1_594' title='bbox 1958 2612 2017 2629; x_wconf 85' lang='lat' dir='ltr'>cum</span> <span class='ocrx_word' id='word_1_595' title='bbox 2036 2606 2073 2629; x_wconf 90' lang='lat' dir='ltr'>sit</span> <span class='ocrx_word' id='word_1_596' title='bbox 2091 2606 2173 2630; x_wconf 77' lang='lat' dir='ltr'>facta.</span> 
     </span>
    </p>

    <p class='ocr_par' dir='ltr' id='par_1_40' title="bbox 1341 2638 2185 2670">
     <span class='ocr_line' id='line_1_117' title="bbox 1341 2638 2185 2670; baseline -0.001 -6"><span class='ocrx_word' id='word_1_597' title='bbox 1341 2640 1400 2664; x_wconf 83' lang='lat' dir='ltr'>Ion.</span> <span class='ocrx_word' id='word_1_598' title='bbox 1421 2639 1441 2663; x_wconf 93' lang='grc' dir='ltr'><strong>Ο</strong></span> <span class='ocrx_word' id='word_1_599' title='bbox 1461 2638 1623 2662; x_wconf 84' lang='lat' dir='ltr'>charissima</span> <span class='ocrx_word' id='word_1_600' title='bbox 1643 2639 1706 2662; x_wconf 83' lang='lat' dir='ltr'>mihi</span> <span class='ocrx_word' id='word_1_601' title='bbox 1724 2642 1828 2670; x_wconf 77' lang='lat' dir='ltr'>mater,</span> <span class='ocrx_word' id='word_1_602' title='bbox 1855 2641 1950 2664; x_wconf 81' lang='lat' dir='ltr'>iubens</span> <span class='ocrx_word' id='word_1_603' title='bbox 1970 2642 1997 2663; x_wconf 83' lang='lat' dir='ltr'>te</span> <span class='ocrx_word' id='word_1_604' title='bbox 2014 2640 2185 2670; x_wconf 77' lang='lat' dir='ltr'>adspiciens,</span> 
     </span>
    </p>

    <p class='ocr_par' dir='ltr' id='par_1_41' title="bbox 1340 2673 1794 2703">
     <span class='ocr_line' id='line_1_118' title="bbox 1340 2673 1794 2703; baseline -0.004 -5"><span class='ocrx_word' id='word_1_605' title='bbox 1340 2675 1381 2698; x_wconf 82' lang='lat' dir='ltr'>Ad</span> <span class='ocrx_word' id='word_1_606' title='bbox 1400 2675 1497 2703; x_wconf 77' lang='lat' dir='ltr'>gratas</span> <span class='ocrx_word' id='word_1_607' title='bbox 1516 2674 1577 2696; x_wconf 79' lang='lat' dir='ltr'>tuas</span> <span class='ocrx_word' id='word_1_608' title='bbox 1596 2673 1683 2696; x_wconf 81' lang='lat' dir='ltr'>accidi</span> <span class='ocrx_word' id='word_1_609' title='bbox 1701 2679 1794 2703; x_wconf 60' lang='lat' dir='ltr'>genas</span> 
     </span>
    </p>
   </div>
   <div class='ocr_carea' id='block_1_22' title="bbox 1967 2332 2230 2362">
    <p class='ocr_par' dir='ltr' id='par_1_42' title="bbox 1967 2332 2230 2362">
     <span class='ocr_line' id='line_1_119' title="bbox 1967 2332 2230 2362; baseline 0.011 -7"><span class='ocrx_word' id='word_1_610' title='bbox 1967 2332 2008 2356; x_wconf 87' lang='lat' dir='ltr'>dic</span> <span class='ocrx_word' id='word_1_611' title='bbox 2033 2332 2095 2356; x_wconf 84' lang='lat' dir='ltr'>mihi</span> <span class='ocrx_word' id='word_1_612' title='bbox 2105 2350 2112 2362; x_wconf 79' lang='grc'><em>,</em></span> <span class='ocrx_word' id='word_1_613' title='bbox 2144 2339 2230 2358; x_wconf 80' lang='lat' dir='ltr'>aurea</span> 
     </span>
    </p>
   </div>
   <div class='ocr_carea' id='block_1_23' title="bbox 2313 0 2345 2405">
    <p class='ocr_par' dir='ltr' id='par_1_43' title="bbox 2313 0 2345 2405">
     <span class='ocr_line' id='line_1_120' title="bbox 2313 0 2345 2405; baseline 0 0"><span class='ocrx_word' id='word_1_614' title='bbox 2313 0 2345 2405; x_wconf 95' lang='lat' dir='ltr'> </span> 
     </span>
    </p>
   </div>
   <div class='ocr_carea' id='block_1_24' title="bbox 2318 2402 2324 2507">
    <p class='ocr_par' dir='ltr' id='par_1_44' title="bbox 2318 2402 2324 2507">
     <span class='ocr_line' id='line_1_121' title="bbox 2319 2402 2324 2425; baseline 0 -11"><span class='ocrx_word' id='word_1_615' title='bbox 2319 2402 2324 2425; x_wconf 44' lang='lat' dir='ltr'>¹b</span> 
     </span>
     <span class='ocr_line' id='line_1_122' title="bbox 2318 2435 2324 2489; baseline 0 0"><span class='ocrx_word' id='word_1_616' title='bbox 2318 2435 2324 2489; x_wconf 61' lang='lat' dir='ltr'>i</span> 
     </span>
     <span class='ocr_line' id='line_1_123' title="bbox 2318 2494 2321 2507; baseline 0 0"><span class='ocrx_word' id='word_1_617' title='bbox 2318 2494 2321 2507; x_wconf 80' lang='grc'><strong>1</strong></span> 
     </span>
    </p>
   </div>
  </div>
 </body>
</html>
