2373 2980
223 99 297 135 315

219 184 291 219 735
320 184 456 228 Corpus
478 184 699 216 involventes
720 183 888 216 nuntiant
907 181 1006 217 mihi.

267 239 346 270 Hoc.
376 235 497 268 lnl'elix
515 239 586 278 (me
608 234 718 276 ipsam
741 234 833 266 enim
852 234 930 267 dico
950 235 1070 268 (licens
1088 236 1138 280 te)

269 287 430 323 Hecuba,
483 285 565 329 quid
600 284 724 316 faciam
737 283 751 316 'a‘
800 291 919 319 utrum
949 286 1133 330 procidam
1151 287 1208 331 jad

631 347 744 377 genua

264 386 561 428 Agamemnonis,
589 392 649 419 aut
665 386 775 419 serani
794 387 899 419 tacite
918 387 1034 419 mala?

265 441 386 480 Aqam.
416 437 510 481 Quid
529 435 615 469 mihi
644 437 678 468 in
702 437 829 471 faciem
857 445 994 481 tergum
1019 439 1207 471 obvertens

629 494 729 520 tuum

215 537 287 572 740
316 538 464 572 Ploras'?
506 539 601 584 quod
627 545 743 571 actum
769 545 820 571 est
847 550 950 579 vero,
992 551 1065 571 uon
1097 539 1206 573 dicis?

630 589 708 634 quis
726 596 776 622 est
793 587 874 622 hic?

261 641 339 674 Hec.
367 640 433 672 Sed
455 639 483 673 si
499 652 554 672 me
571 652 708 673 servam
728 638 937 684 hostemque
956 641 1086 674 ducens

262 694 294 723 A
310 691 456 733 genibus
472 691 669 734 repelleret,
688 691 847 723 dolorem
866 703 1048 734 possemus
1066 692 1206 724 addere.

262 745 383 785 Ayam.
412 742 493 775 §ou
510 754 586 775 sum
607 747 723 780 vates,
752 747 792 774 ut
808 753 882 773 non
901 742 1049 775 audiens

264 794 400 826 Possim
420 793 631 835 investigare
650 798 794 825 tuorum
811 792 904 824 viam
925 793 1167 826 consiliorum.

213 844 287 880 745
314 846 393 878 Hec.
422 844 477 875 An
495 843 692 875 ratiocinor
708 843 852 887 quidem
871 844 916 876 ad
931 843 986 883 id,
1020 845 1116 889 quod
1139 843 1206 876 ini-

624 905 755 926 nncum
779 900 848 933 est,

260 945 374 989 Magis
399 950 575 983 mentem,
611 944 688 987 ipso
713 944 882 978 existente
905 944 1113 990 neutiquam
1138 945 1205 977 ini-

633 995 724 1027 mico
736 994 751 1026 ?

261 1049 380 1090 Ayam.
417 1046 453 1078 Si
487 1045 630 1090 quidem
661 1057 717 1077 me
750 1045 803 1079 vis
835 1043 963 1078 harum
993 1044 1084 1079 nihil
1116 1046 1205 1080 scire

619 1107 739 1128 rerum
751 1122 761 1135 ,

259 1148 313 1180 Ad
333 1147 425 1179 idem
443 1146 553 1180 venis.
594 1145 737 1179 Etenim
753 1159 817 1179 nec
836 1159 898 1190 ego
918 1147 1040 1180 audire
1060 1147 1154 1182 volo.

258 1201 337 1232 Hec.
366 1198 468 1231 Haud
491 1210 633 1242 possum
652 1198 784 1242 absque
804 1195 871 1230 hoc
887 1211 943 1231 me
961 1198 1082 1232 ulcisci

209 1248 284 1284 750
310 1250 362 1282 De
379 1249 498 1282 liberis
518 1249 621 1285 meis;
650 1248 735 1293 quid
754 1249 859 1281 volvo
876 1246 986 1282 haec?

260 1301 431 1341 „Audere
448 1312 587 1333 necesse
605 1305 674 1339 est,
701 1299 774 1332 sive
793 1312 1013 1345 consequar,
1040 1299 1112 1333 sive
1129 1311 1203 1332 non

622 1362 832 1395 consequar.

257 1402 506 1445 Agamemnon
518 1427 526 1440 ‚
561 1401 722 1446 supplico
741 1402 804 1434 tibi
822 1413 885 1445 per
900 1399 987 1434 baec
1004 1413 1117 1445 genua
1129 1427 1139 1440 ‚

257 1453 303 1486 Et
318 1459 415 1485 tuam
434 1453 582 1484 barbam
601 1454 835 1497 dextramque
852 1452 1003 1485 felicem.

257 1506 378 1547 Ayam.
407 1503 525 1548 Quam
542 1514 615 1535 rem
637 1502 834 1548 quaerens?
862 1509 983 1537 utrum
999 1503 1148 1536 liberam

208 1553 282 1589 755
310 1554 430 1587 Vitam
450 1554 636 1599 consequi;
663 1553 764 1586 facile
783 1553 876 1587 enim
896 1560 945 1588 est
963 1553 1039 1588 tibi.

257 1609 336 1640 Hec.
364 1605 447 1639 Non
460 1617 556 1638 sane.
600 1604 745 1644 „Malos
761 1604 932 1639 ulciscens

257 1656 408 1697 „Vitam
424 1656 627 1689 universam
646 1655 778 1689 servire
797 1656 892 1689 volo.

257 1712 378 1752 Ayam.
406 1706 451 1739 Et
467 1719 550 1739 sane
570 1706 657 1751 quid
674 1718 738 1739 nos
758 1706 795 1738 in
811 1707 980 1740 auxilium
999 1705 1127 1739 vocas?

255 1762 335 1793 Hec.
367 1756 463 1792 Nihil
479 1755 607 1791 horum
621 1783 629 1796 ‚
658 1769 748 1802 quae
767 1764 804 1790 tu
822 1764 924 1801 putas
936 1784 944 1797 ,
974 1770 994 1791 o
1011 1769 1084 1790 rex.

207 1810 282 1844 760
308 1809 416 1842 Vides
443 1810 592 1842 cadaver
613 1806 700 1847 hoc,
743 1815 890 1852 propter
926 1810 1022 1854 quod
1054 1808 1198 1841 effundo

620 1857 844 1903 lachrymas?

257 1914 377 1955 Ayam.
402 1910 533 1947 videm
561 1911 622 1943 sed
638 1910 797 1943 futurum
816 1922 889 1943 non
907 1921 1049 1953 possum
1067 1910 1166 1943 scire.

254 1965 334 1997 Hec.
363 1961 465 1994 Hunc
481 1961 566 1994 olim
585 1961 707 2005 peperi
726 1967 760 1994 et
780 1961 920 2005 portavi
937 1961 1001 1993 sub
1019 1960 1173 2005 cingulO.

255 2016 377 2057 Ayam.
404 2012 465 2046 Est
483 2024 567 2045 vero
587 2012 763 2057 quispiam
781 2011 855 2052 hic,
892 2024 912 2044 o
937 2011 1086 2051 misera,
1120 2018 1198 2044 tuo-

616 2074 696 2095 rum
716 2062 936 2095 liberorum?

256 2117 336 2148 Hec.
364 2114 446 2147 'Nou
472 2126 513 2146 ex
542 2113 609 2146 illis
622 2139 630 2152 ‚
673 2113 734 2158 qui
765 2114 898 2146 mortui
930 2119 1012 2146 sunt
1045 2126 1086 2146 ex
1119 2114 1198 2146 filiis

619 2163 754 2196 Priami
773 2165 836 2198 sub
853 2163 928 2197 Ilio.

205 2214 278 2250 765
305 2218 425 2259 Ayam.
454 2216 556 2248 Anne
574 2214 728 2259 aliquem
747 2215 854 2248 alium
874 2213 1062 2258 peperisti,
1090 2227 1197 2260 quam

621 2265 719 2305 illos,
747 2278 766 2297 o
783 2264 936 2299 mulier?

254 2319 335 2350 Hec.
362 2315 538 2349 Inutiliter
554 2316 711 2362 quidem,
731 2322 770 2349 ut
786 2322 946 2361 apparet,
967 2313 1073 2356 hunc,
1092 2328 1196 2361 quem

615 2367 777 2411 adspicis.

256 2421 378 2462 Ayam.
407 2418 477 2451 Ubi
501 2430 585 2450 vero
611 2418 761 2451 existens
778 2417 1024 2461 contingebat,
1053 2417 1196 2462 quando

622 2469 762 2512 peribat
783 2468 892 2502 urbs?

255 2521 335 2552 Hec.
364 2518 471 2551 Pater
493 2518 607 2562 ipsum
630 2519 806 2563 ablegavit
829 2526 1010 2558 metuens,
1052 2531 1097 2552 ne
1123 2531 1199 2551 mo-

612 2577 761 2603 teretur.

633 2620 857 2654 existentium
897 2626 981 2653 tunc
1016 2626 1199 2665 separatus

616 2672 812 2706 liberorum
829 2670 969 2704 solum?

253 2622 373 2663 Aqam.
417 2620 583 2665 Quonam

800 98 921 132 PlllL.
956 98 1067 132 MEL.
1104 98 1307 133 SCRIPTA
1339 99 1674 144 PHILOLOGlCA.

2183 105 2258 139 516

1264 185 1337 219 770
1365 188 1444 219 IIec.
1481 184 1520 217 In
1553 183 1643 217 hauc
1677 183 1856 227 regionem
1870 211 1878 225 ‚
1921 187 1983 220 ubi
2014 187 2176 222 iuventus
2206 197 2257 224 est

1679 241 1851 269 mortuus.
2123 274 2126 277 ,

1313 288 1433 330 Ayam.
1461 286 1515 318 Ad
1542 285 1678 324 virum,
1721 285 1782 329 qui
1803 297 1863 319 rex
1885 293 1935 319 est
1960 286 2064 322 huius
2091 289 2258 334 Polyme·

1675 342 1806 368 storem
1826 338 1964 370 terrae?

1312 389 1391 420 Hec.
1417 387 1493 419 Huc
1513 387 1636 420 missus
1658 392 1709 419 est
1725 387 1942 420 acerbissimi
1959 389 2036 421 auri
2054 396 2180 425 custos.

1312 441 1432 482 Ayam.
1468 438 1623 470 Moritur
1654 449 1737 469 vero
1773 450 1791 470 a
1825 438 1922 483 quo?
1965 446 1998 472 et
2021 442 2116 484 quod
2144 453 2254 485 genus

1681 488 1806 521 mortis
1824 496 2030 523 consecutus
2047 490 2120 523 est?

1312 540 1392 572 Hec.
1419 538 1586 583 Quonam
1606 539 1650 571 ab
1669 538 1764 571 alio?
1811 537 1986 574 Thracius
2003 541 2117 585 ipsum
2137 542 2254 585 perdi-

1677 589 1727 622 dit
1746 587 1886 634 hospes.

1262 638 1335 673 775
1362 643 1483 684 Ayam.
1510 640 1543 672 O
1558 639 1697 672 infelix!
1722 652 1894 673 numnam
1913 649 2097 685 argentum
2118 643 2254 675 amavit

1678 691 1861 734 accipere?

1310 743 1388 775 Hec.
1416 741 1518 773 Talia
1537 747 1630 781 sunt,
1658 747 1846 785 postquam
1865 742 2104 776 calamitatem
2122 752 2254 788 cogno-

1674 792 1724 824 vit
1741 792 1998 828 Troianorum.

1310 844 1429 886 Ayam.
1459 841 1627 876 Invenisti
1645 855 1728 875 vero
1747 843 1806 876 ubi
1824 844 1960 887 ipsum,
1986 856 2032 877 an
2057 844 2136 890 quis
2160 851 2253 878 attu-

1665 893 1705 925 lit
1725 903 1905 927 mortuum
1917 894 1933 926 P

1308 946 1388 977 Hec.
1416 944 1511 977 Haec
1531 944 1688 978 incidens
1705 944 1741 976 in
1760 957 1840 978 eum
1859 945 1998 978 marino
2019 945 2055 977 in
2074 944 2205 979 littore.

1309 997 1430 1038 Ayam,
1456 995 1558 1029 Hunc
1578 995 1774 1041 quaerens?
1810 1008 1856 1028 an
1878 997 2045 1029 laborans
2068 996 2178 1029 alium
2199 996 2252 1028 la-

1668 1046 1819 1079 horem?

1259 1094 1333 1129 780
1357 1098 1437 1130 Hec.
1463 1096 1603 1141 Aquam
1629 1097 1765 1130 abierat
1789 1097 1938 1130 allatura
1966 1109 2006 1130 ex
2032 1097 2121 1130 mari
2143 1097 2252 1142 Poly-

1674 1159 1797 1180 xenae.

1309 1200 1432 1240 Ayam.
1457 1196 1546 1230 Cum
1572 1197 1822 1236 interfecisset,
1861 1205 1898 1231 ut
1921 1205 2089 1242 apparet,
2124 1197 2252 1231 abiecit

1679 1246 1817 1291 hospes.

1309 1299 1389 1331 Hec.
1415 1297 1444 1330 F
1447 1298 1688 1332 luctuaturum
1707 1298 1744 1330 in
1760 1298 1850 1331 mari
1868 1292 1991 1344 utique
2008 1298 2056 1332 sic
2073 1298 2249 1332 dissecans

1675 1362 1814 1393 corpus.

1307 1401 1428 1442 Ayam.
1464 1398 1497 1431 Ο
1531 1399 1658 1432 misera
1690 1406 1728 1432 tu
1758 1404 1905 1443 propter
1936 1399 2127 1433 immensas
2157 1400 2250 1432 cala-

1672 1450 1827 1482 mitates!

1304 1500 1384 1532 Hec.
1413 1499 1522 1540 Perii,
1550 1507 1581 1533 et
1604 1498 1694 1533 nihil
1711 1501 1888 1545 reliquum
1906 1505 1968 1539 est,
1985 1499 2249 1543 Agamemnon,

1664 1551 1855 1584 malorum.

1255 1599 1329 1634 785
1357 1604 1478 1646 Ayam.
1514 1599 1571 1634 Ah
1598 1599 1660 1634 ah!
1715 1601 1816 1646 Quae
1849 1601 1897 1634 ita
1925 1600 2047 1634 infelix
2080 1607 2164 1634 nata
2198 1608 2249 1636 est

1665 1651 1818 1685 mulier?

1305 1703 1386 1737 Hec.
1413 1703 1497 1737 Non
1514 1709 1585 1743 est,
1612 1703 1682 1737 nisi
1698 1701 1940 1736 infelicitatem
1959 1703 2071 1748 ipsam
2089 1704 2234 1738 diceres.

1305 1753 1374 1786 Sed
1390 1761 1537 1799 propter
1554 1766 1641 1800 quas
1658 1766 1780 1788 causas
1796 1755 1885 1787 circa
1905 1761 2004 1787 tuum
2023 1755 2110 1787 cado
2136 1767 2248 1799 genu,

1303 1805 1410 1839 Audi.
1465 1806 1500 1839 Si
1521 1806 1663 1851 quidem
1683 1806 1771 1839 iusta
1791 1805 1855 1838 tibi
1872 1805 1947 1849 pati
1964 1805 2105 1845 videar,

1304 1857 1398 1889 Boni
1415 1858 1617 1894 consulam;
1641 1857 1669 1890 si
1685 1868 1770 1889 vero
1788 1856 2020 1895 contrarium,
2040 1862 2079 1888 tu
2097 1853 2186 1889 mihi
2200 1855 2247 1889 sis

1254 1908 1328 1942 790
1355 1908 1460 1941 Ultor
1480 1907 1566 1947 viri,
1594 1907 1855 1951 impientissixni
1875 1905 2044 1950 hospitis,

1305 1959 1377 2003 Qui
1393 1971 1508 2004 neque
1525 1970 1603 1997 eos,
1632 1958 1693 2003 qui
1709 1958 1773 1990 sub
1791 1964 1884 1990 terra
1909 1963 2010 1997 sunt,
2035 1969 2150 2002 neque
2174 1969 2247 1998 eos,

1666 2021 1726 2053 qul
1751 2021 1856 2052 supra
1868 2034 1877 2048 ‚

1304 2060 1465 2099 Veritus,
1492 2060 1710 2103 perpetravit
1726 2059 1861 2092 facinus
1880 2057 2210 2102 impientissimum:

1305 2111 1496 2143 Communi
1512 2122 1633 2144 mensa
1647 2122 1750 2154 saepe
1770 2110 1887 2154 potius
1903 2120 2039 2141 mecum
2054 2134 2063 2148 ‚

1302 2161 1633 2206 Hospitalitatisque
1649 2173 1837 2194 numerum
1857 2159 2012 2203 primum
2029 2158 2122 2192 inter
2147 2171 2245 2193 meos

1671 2224 1804 2244 amicos

1253 2261 1328 2297 795
1357 2262 1574 2296 Consecutus
1591 2274 1695 2302 vero,
1721 2273 1810 2307 quae
1827 2260 2079 2301 conveniebat,
2106 2267 2140 2294 et
2156 2261 2246 2294 acci-

1668 2313 1768 2357 piens
1787 2311 1973 2345 consilium

1302 2363 1498 2403 Interfecst,
1543 2376 1583 2396 ac
1615 2364 1795 2408 sepultura
1827 2362 1873 2408 (si
1906 2362 2064 2395 occidere
2096 2362 2243 2395 omnino

1666 2415 1796 2460 voluit)

1302 2466 1384 2500 Non
1400 2465 1564 2509 dignatus
1582 2471 1652 2505 est,
1678 2467 1737 2499 sed
1755 2465 1883 2498 abiecit
1898 2463 2089 2498 marinum.

1303 2517 1377 2551 Nos
1394 2517 1538 2561 quidem
1556 2515 1664 2559 igitur
1682 2528 1805 2549 servae
1823 2522 1856 2549 et
1872 2515 2063 2549 imbecilles
2079 2515 2181 2555 sane.

1305 2568 1403 2607 „Sed
1419 2567 1478 2599 Dii
1494 2567 1601 2599 validi
1619 2574 1699 2600 sunt
1711 2594 1720 2606 ,
1747 2573 1781 2600 et
1799 2567 1866 2600 illis
1884 2566 2073 2600 dominans

1255 2620 1328 2653 800
1357 2645 1378 2658 „
1388 2618 1470 2652 Lex.
1522 2616 1620 2651 quta
1639 2619 1730 2662 leges
1747 2618 1841 2651 euim
1857 2617 1951 2650 Deos
1969 2629 2170 2657 censemus,

1305 2669 1380 2710 „Et
1398 2669 1550 2702 vivimus
1569 2669 1705 2702 iniustis
1723 2676 1756 2702 et
1772 2669 1871 2702 iustis
1887 2668 2051 2702 definitis.
