2373 2980
261 109 331 143 467

316 192 517 239 (Sufficiunt
540 189 653 228 enim,
678 186 739 232 qui
757 185 832 218 nati
847 191 948 225 sunt,
970 196 1085 230 neque
1110 196 1169 218 eos
1191 196 1245 217 re-

675 235 875 282 prehendo)

318 297 383 329 Sed
414 293 509 339 quod
541 289 737 323 maximum
774 294 842 328 est,
873 294 911 321 ut
939 288 1124 320 commode
1151 286 1245 320 vive-

674 352 793 373 remus

268 398 340 431 560
364 395 409 428 Et
433 406 505 427 nou
527 404 727 437 egeremus,
749 390 880 428 sciens,
904 390 1001 434 quod

318 447 546 490 „Pauperem
572 455 695 476 omnes
717 441 823 474 amici
843 440 1054 484 fugiu11t⁵²);

317 498 363 531 Et
385 504 423 531 ut
446 497 576 529 liberos
593 496 780 527 educarem
794 519 803 533 ,
828 492 1131 537 quemadmodum
1149 492 1247 524 decet

673 556 790 578 meam
810 542 994 582 familiam,

321 601 364 634 Et
387 600 532 644 gignens
556 599 702 636 fratres,
726 595 795 628 tuis
820 594 939 628 liberis

318 653 438 685 Unum
464 662 572 693 genus
596 649 768 686 facerem,
792 646 897 690 idque
922 644 1151 688 coniungens,

274 702 351 738 565
372 701 516 735 Beatius
552 699 727 736 vivere1n;
759 697 823 729 tibi
848 696 942 729 enim
966 695 1052 741 quid
1085 706 1173 739 opus
1199 699 1248 727 est

672 747 819 782 liberis?

317 805 362 838 Et
385 801 474 837 mihi
496 803 639 847 prodest
659 799 786 834 suturis
809 797 927 831 liberis

317 856 408 895 Eos,
432 854 493 900 qui
512 855 656 891 vivunt,
682 851 820 884 iuvare:
849 861 894 881 an
920 848 1010 881 male
1026 847 1248 881 consultavi?

318 907 370 941 Ne
397 913 434 939 tu
460 904 602 950 quidem
631 903 764 935 diceres
782 899 867 940 hoc,
892 899 960 933 nisi
977 906 1008 932 te
1028 900 1249 932 offenderent

677 964 792 985 novae
815 951 980 994 nuptiae;

318 1008 416 1046 „Sed
442 1018 483 1038 eo
509 1004 654 1043 venitis,
679 1009 738 1042 ut,
759 1014 839 1034 cum
862 1008 955 1034 recte
980 1012 1015 1032 se
1041 998 1148 1032 habet

267 1058 340 1093 570
377 1084 397 1098 „
409 1055 641 1099 Coniugium,
672 1052 803 1097 putetis
834 1064 897 1085 vos
928 1050 1094 1084 mulieres
1129 1049 1248 1081 omnia

686 1102 817 1136 habere
829 1102 893 1149 53):

319 1159 456 1205 „Quod
480 1157 508 1191 si
532 1155 713 1190 calamitas
734 1153 852 1199 aliqua
877 1151 1042 1186 inciderit
1069 1151 1105 1184 in
1129 1150 1250 1183 coniu-

675 1206 771 1250 gium
796 1204 909 1244 vobis,

320 1261 467 1301 „Etiam
494 1271 553 1298 ea,
579 1269 669 1303 quae
696 1262 778 1290 sunt
801 1256 935 1300 optima
960 1261 994 1288 et
1011 1251 1248 1298 pulcherrima

679 1307 799 1347 vobis,
821 1307 971 1340 invisam
994 1318 1070 1338 rem

320 1362 500 1404 ,‚Ducitis.
553 1360 754 1405 Oportebat
777 1356 941 1392 homines
967 1356 1109 1390 aliunde

320 1414 505 1457 „Gignere
528 1412 678 1452 liberos,
700 1421 815 1455 neque
842 1422 914 1444 esse
934 1421 1043 1453 genus
1059 1406 1248 1441 muliebre:

268 1464 342 1499 575
369 1465 455 1505 „Sic
479 1462 642 1497 homines
670 1462 807 1495 nullum
832 1462 967 1494 malum
990 1457 1173 1492 haberent.

322 1518 418 1551 Cher.
443 1514 565 1555 Iason,
588 1511 734 1558 pulchre
759 1518 798 1546 tu
824 1512 967 1558 quidem
993 1510 1128 1544 ornasti
1151 1515 1248 1542 tuam

676 1575 837 1602 causam;

319 1615 410 1651 Mihi
434 1623 573 1657 tamen,
596 1615 734 1650 etiamsi
755 1620 896 1659 praeter
912 1620 1009 1647 tuam
1027 1612 1252 1651 sententiam,

319 1668 458 1702 Videris
484 1668 611 1703 iniuste
635 1667 773 1706 fecisse,
807 1666 903 1711 quod
931 1664 1119 1710 prodidisti
1153 1670 1250 1696 tuam

675 1729 837 1752 uxorem.

319 1773 413 1807 Med.
447 1771 549 1805 Certe
576 1770 613 1803 in
639 1769 759 1802 multis
787 1768 892 1801 rebus
917 1766 1085 1800 dissentio
1109 1766 1152 1798 ab
1175 1764 1252 1797 aliis

681 1818 897 1853 hominibus.

269 1872 343 1908 580
380 1871 501 1914 „Mihi
533 1872 627 1905 enim
658 1871 774 1904 omnis
805 1870 975 1908 iniustus,
1017 1868 1078 1912 qui
1106 1864 1251 1911 pulchre

509 1918 515 1923 ¹
681 1921 796 1954 dicere

319 1974 490 2014 „Potest,
518 1972 673 2006 maxima
698 1983 812 2016 poena
837 1971 963 2014 dignus
986 1968 1193 2014 videtur⁵⁴¹).

317 2025 410 2059 Nam
437 2036 516 2058 cum
542 2023 732 2068 glorietur,
754 2035 789 2056 se
817 2022 966 2055 dicendo
993 2032 1095 2065 posse
1122 2031 1250 2053 ornare

676 2074 824 2107 iniustas
850 2084 984 2112 causas,

317 2127 435 2161 Audet
456 2127 593 2160 fallere:
621 2125 657 2158 id
680 2125 838 2170 profecto
862 2136 937 2157 non
960 2129 1011 2156 est
1034 2133 1170 2167 sapere,

268 2177 342 2213 585
370 2179 467 2213 Sicut
488 2185 522 2212 et
543 2185 582 2211 tu
603 2188 678 2210 non
704 2188 799 2209 nunc
823 2176 990 2208 adversus
1019 2186 1074 2206 me
1101 2173 1169 2206 eris
1191 2173 1249 2204 de-

676 2239 780 2260 corus

317 2279 362 2313 Et
383 2280 498 2314 bonus
525 2285 659 2313 orator.
713 2278 836 2311 Unum
862 2276 1009 2309 verbum
1034 2274 1167 2308 occidet
1191 2279 1234 2306 te.

317 2330 486 2374 Oportuit
502 2336 534 2364 te
545 2357 554 2372 ‚
578 2331 607 2364 si
623 2329 767 2376 quidem
783 2340 858 2361 non
875 2326 987 2360 fecisti
1004 2326 1098 2359 malo
1115 2325 1248 2363 animo,

682 2392 738 2413 me
763 2379 861 2424 prius
885 2389 1065 2423 persuasa,

316 2431 388 2465 Has
414 2432 556 2476 nuptias
581 2437 764 2476 appetere,
785 2442 860 2464 non
885 2430 975 2463 clam
998 2426 1131 2461 amicis.

296 2565 344 2597 52)
365 2566 397 2591 Η.
419 2566 436 2590 l.
456 2565 484 2590 iu
502 2565 599 2589 iisdem
620 2563 703 2590 Editt.
720 2566 786 2589 nota
804 2569 908 2594 marg.:
926 2563 1079 2593 Paupertas
1098 2562 1201 2592 spreta.

295 2615 343 2648 53)
363 2617 396 2642 Β.
416 2616 435 2641 l.
454 2615 517 2640 ibid.
536 2616 602 2640 nota
619 2620 721 2646 marg.:
741 2615 885 2639 Mulierum
902 2613 1052 2644 zelotypia.

292 2666 340 2699 54)
350 2665 510 2726 1,Ηίιῐίιυίοι
533 2664 561 2690 in
578 2670 665 2697 marg.
682 2664 820 2695 adscripta
843 2666 921 2689 sunt:
950 2664 981 2690 ln
1005 2663 1093 2688 malos
1117 2660 1243 2686 facundia

331 2707 348 2726 a
368 2707 383 2726 u
399 2707 431 2727 en
447 2707 486 2726 es.

831 98 952 134 PHlL.
985 97 1096 134 MEL.
1130 95 1331 132 SCRIPTA
1362 93 1697 131 PHILOLOGICA.

2205 98 2277 133 468

1348 185 1416 217 Ias.
1439 182 1536 216 Bene
1562 179 1652 215 mihi
1674 180 1849 216 subservis
1872 179 1939 215 hac
1967 181 2140 216 oratione.

1349 233 1445 278 Quid
1469 240 1545 266 erat
1560 234 1737 273 futurum,
1759 232 1789 266 si
1812 232 1876 266 tibi
1893 233 1936 266 de
1954 233 2087 278 nuptiis
2103 234 2279 276 dixissem,

1708 295 1798 328 quae
1824 295 1868 317 ne
1891 296 1986 318 nunc
2009 284 2152 330 quidem

1299 334 1373 370 590
1398 335 1459 368 Vis
1484 334 1664 367 remittere
1692 334 1914 368 iracundiam
1939 335 2075 368 animi?

1348 389 1441 421 Med.
1469 386 1551 420 Non
1574 383 1642 419 hoc
1664 386 1855 425 sentiebas;
1881 386 1941 420 sed
1957 387 2110 420 barbara
2127 387 2280 422 coniunx

1350 438 1432 471 Non
1458 437 1540 471 satis
1562 437 1716 481 gloriosa
1742 437 1806 470 tibi
1830 437 1868 470 in
1890 444 2066 471 senectute
2088 439 2221 474 suisset.

1350 491 1418 522 Ius.
1450 487 1527 521 Hoc
1557 495 1589 521 te
1612 489 1722 533 probe
1757 489 1844 522 scire
1875 488 2001 529 velim,
2031 500 2105 522 non
2134 497 2281 536 propter

1712 540 1898 573 mulierem

1351 590 1409 623 Me
1430 590 1567 624 duxisse
1591 590 1699 623 filiam
1722 591 1833 635 regis,
1859 603 1966 636 quam
1990 603 2084 625 nunc
2109 590 2241 631 habeo;

1301 639 1375 675 595
1398 642 1484 681 Sed,
1507 648 1546 674 ut
1572 647 1675 674 antea
1701 642 1792 682 dixi,
1822 643 1943 676 volens
1969 655 2111 677 servare

1353 693 1425 733 Te,
1449 698 1483 726 et
1509 692 1595 726 meis
1619 693 1740 726 liberis
1765 694 1892 727 fratres

1351 743 1481 787 Regios
1506 743 1668 787 gignere,
1691 744 1998 788 propugnaculum
2022 746 2159 780 domus.

1352 797 1444 830 Med.
1462 794 1568 835 „Non
1585 796 1767 839 contingat
1783 793 1871 828 mihi
1887 796 1965 830 talis
1980 797 2081 830 beata
2091 797 2175 838 vita,
2193 808 2282 842 quae

1607 846 1733 879 afferat
1755 844 1843 879 mihi
1861 853 1995 880 tantam
2013 848 2213 882 molestiam
2224 847 2284 894 ⁵⁶),

1354 897 1506 942 „Neque
1531 897 1696 939 divitiae,
1723 910 1813 943 quae
1836 910 1955 931 meum
1978 899 2138 933 animum
2160 899 2284 933 dolore

1713 950 1902 983 afficerent.

1303 999 1376 1032 600
1397 1001 1465 1032 Ias.
1490 999 1693 1032 Poenitebit
1717 1007 1770 1040 te,
1797 1007 1829 1033 et
1854 1000 2066 1044 prudentior
2089 1000 2194 1035 eris?-

1355 1049 1485 1089 „Bona
1509 1062 1582 1082 non
1606 1050 1794 1084 videantur
1815 1051 1879 1084 tibi
1902 1052 2062 1092 molesta,

1354 1101 1468 1139 „Non
1494 1107 1618 1143 putato
1643 1107 1675 1134 te
1701 1114 1773 1135 esse
1797 1101 1982 1143 miseram,
2007 1115 2087 1136 cum
2109 1102 2155 1137 sis
2177 1102 2270 1136 felix.

1353 1153 1446 1185 Med.
1470 1150 1612 1185 Afficias
1628 1164 1684 1185 me
1709 1153 1921 1185 contumelia
1934 1179 1943 1193 ,
1964 1160 2153 1199 postquam
2171 1160 2209 1187 tu
2224 1151 2285 1186 ha-

1719 1204 1779 1237 bes
1809 1210 2007 1248 receptum3

1353 1251 1428 1296 Ego
1455 1258 1573 1286 autem
1596 1254 1733 1287 deserta
1755 1254 1889 1297 fugiam
1912 1266 1953 1287 ex
1976 1252 2042 1288 hac
2066 1261 2175 1290 terra.

1304 1301 1377 1337 605
1412 1305 1480 1337 Ias.
1519 1304 1576 1338 Tu
1600 1304 1674 1348 ipsa
1701 1302 1788 1338 haec
1817 1305 1971 1349 elegisti,
2012 1306 2150 1340 nullum
2176 1306 2282 1340 alium

1712 1368 1848 1390 accusa.

1353 1406 1445 1439 Med.
1470 1405 1565 1449 Quid
1589 1405 1734 1452 seci⁵⁶)?
1760 1418 1806 1439 an
1831 1406 1935 1450 nupsi
1958 1413 2018 1440 aut
2045 1407 2187 1451 prodidi
2205 1406 2264 1440 te?

1352 1457 1420 1489 Ias.
1443 1454 1553 1499 Impie
1579 1457 1792 1490 maledicens
1817 1457 1967 1500 regibus.

1354 1508 1448 1541 Med.
1470 1506 1516 1539 Et
1539 1514 1597 1541 tua
1623 1509 1749 1541 domus
1774 1520 1830 1540 me
1857 1515 2050 1542 execratur.

1355 1560 1423 1592 Ias.
1447 1558 1530 1592 Non
1553 1559 1700 1602 litigabo
1725 1564 1841 1591 tecum
1867 1560 1910 1592 de
1934 1557 1988 1592 his
2011 1559 2084 1592 diu.

1306 1608 1379 1642 610
1402 1609 1439 1642 Si
1463 1609 1514 1642 vis
1540 1610 1659 1653 pueris
1685 1616 1745 1643 aut
1770 1609 1874 1642 exilio
1896 1615 1958 1643 tuo
1982 1609 2128 1656 aliquod

1357 1659 1533 1693 Viaticum
1557 1662 1599 1694 de
1623 1673 1701 1694 mea
1726 1661 1877 1705 pecunia
1900 1661 2071 1706 accipere,

1356 1711 1496 1750 Dicito,
1521 1713 1602 1757 quia
1625 1725 1701 1746 sum
1728 1718 1873 1755 paratus
1897 1712 1995 1756 larga
2019 1724 2129 1745 manu
2154 1712 2251 1751 dare,

1356 1762 1402 1796 Et
1433 1762 1573 1797 mittere
1598 1761 1797 1808 hospitibus
1827 1763 1996 1802 donaria,
2028 1769 2067 1797 ut
2087 1762 2152 1796 tibi
2181 1763 2288 1796 bene-

1711 1813 1853 1847 faciant.

1355 1864 1392 1898 Si
1417 1862 1502 1897 haec
1525 1875 1599 1896 non
1625 1863 1697 1903 vis,
1720 1864 1824 1897 stulta
1850 1876 1904 1902 es,
1931 1876 1952 1896 o
1977 1863 2120 1902 mulier;

1306 1914 1379 1949 615
1403 1915 1582 1948 Desistens
1608 1925 1693 1946 vero
1719 1914 1762 1946 ab
1787 1914 1859 1954 ira,
1882 1911 2028 1948 habebis
2052 1914 2212 1947 meliora.

1354 1968 1448 2001 Med.
1473 1966 1595 2010 Neque
1617 1971 1698 1998 utar
1720 1965 1788 1998 tuis
1810 1962 2020 2009 hospitibus,

1354 2017 1477 2063 Neque
1508 2016 1698 2061 quicquam
1732 2016 1924 2060 recipiam,
1957 2028 2072 2062 neque
2107 2016 2167 2049 des
2197 2012 2286 2048 mihi

1716 2067 1862 2112 aliquid.

1355 2118 1468 2159 „Non
1492 2124 1643 2162 prosunt
1665 2118 1758 2150 dona
1784 2116 1940 2162 improbi
1962 2117 2029 2150 viri
2040 2117 2098 2164 ⁶⁷).

1353 2171 1422 2202 Ias.
1446 2168 1521 2212 Ego
1548 2174 1669 2201 tamen
1695 2175 1805 2202 testor
1829 2169 1936 2208 Deos,

1303 2219 1376 2255 620
1395 2219 1502 2263 Quod
1517 2219 1599 2251 volo
1615 2219 1679 2252 tibi
1695 2219 1885 2264 liberisque
1902 2217 2022 2251 omnia
2039 2218 2284 2264 suppeditare;

1353 2270 1420 2302 Sed
1445 2276 1483 2303 tu
1508 2282 1583 2303 non
1603 2270 1656 2303 vis
1679 2270 1794 2310 bona,
1818 2269 2047 2314 pertinaciter

1351 2321 1492 2355 Pellens
1518 2321 1669 2355 amicos:
1693 2333 1776 2365 ergo
1801 2321 1921 2355 doleas
1943 2321 2067 2365 magis.

1349 2374 1442 2406 Med.
1467 2372 1584 2412 Vade,
1607 2384 1641 2405 es
1666 2384 1787 2405 amore
1812 2384 1926 2405 novae
1949 2384 2099 2416 sponsae

1351 2422 1504 2467 Captus,
1530 2423 1675 2457 tardans
1701 2429 1798 2456 extra
1822 2424 1981 2457 domum.

1330 2540 1380 2568 55)
1399 2539 1431 2564 Η.
1442 2538 1461 2563 1.
1480 2538 1544 2562 ibid.
1562 2539 1628 2563 nota
1645 2543 1749 2570 marg.:
1767 2539 1887 2563 Molesta
1903 2537 2025 2562 felicitas
2044 2543 2098 2562 non
2116 2538 2278 2569 appetenda.

1331 2583 1380 2610 56)
1399 2578 1491 2610 fecie]
1517 2580 1557 2605 s'ic
1580 2581 1628 2605 Ed.
1650 2582 1740 2612 1558.;
1763 2581 1812 2605 Ed.
1832 2581 1906 2607 1562.
1930 2577 2018 2605 fecit?
2043 2579 2140 2612 (Editt.
2158 2581 2278 2606 recent:

1364 2616 1471 2641 faciens
1490 2625 1523 2637 =
1541 2615 1633 2646 Eurip.
1653 2614 1749 2647 δρῶσα
1758 2615 1790 2647 5).

1327 2659 1379 2718 57¹)i
1396 2660 1428 2697 ii.
1447 2659 1464 2683 Ι.
1484 2658 1511 2682 in
1529 2658 1614 2685 Editt.
1634 2658 1720 2690 1558„
1740 2658 1816 2683 1562.
1834 2659 1900 2682 nota
1917 2663 2019 2689 marg.:
2039 2657 2174 2682 Malorum
2193 2657 2275 2682 bene-

1381 2699 1430 2717 ela.

2344 1520 2357 1702 ·'·:..†J;L
2352 1503 2356 1506 .
