2373 2980
92 60 185 95 1041
605 59 725 94 LXXI.

179 144 427 193 [Famulus,
458 147 636 187 Chorus,
667 149 848 191 Creusa,
876 147 993 195 lom]

136 216 228 248 Fam.
256 211 413 257 Inclytae
431 213 616 254 mulieres,
645 214 706 247 ubi
720 214 828 248 filiam
846 213 1042 250 Erechthei

135 263 329 297 Dominam
350 264 550 297 invenero?
579 266 709 309 passim
728 266 823 299 enirn
843 267 879 299 in
899 268 986 300 urbe

135 316 321 360 Quaerens
348 327 426 348 eam
454 315 619 356 circuivi,
665 330 728 351 nec
755 330 900 362 possum
924 331 1002 352 eam
1030 320 1082 352 in-

500 380 633 402 vemre.

136 420 231 453 Ghor.
261 417 355 463 Quid
375 416 443 451 hoc
458 418 510 451 rei
527 425 597 460 est,
623 432 713 465 quae
733 421 896 455 alacritas

85 471 183 504 1110
207 469 344 503 Pedum
362 467 469 502 habet
486 476 537 509 te,
564 477 597 503 et
614 484 703 517 quos
721 485 902 506 sermones
919 471 1058 505 adfers?
1105 494 1108 504 1

133 523 225 555 Fam.
254 519 535 565 fflvestigamur,
565 528 599 555 et
616 523 842 567 magistratus
860 523 1026 568 indigena

133 572 284 616 Quaerit
303 583 399 611 eam,
427 578 466 605 ut
485 573 661 607 moriatur
679 575 849 619 lapidata.

133 624 231 658 Ghor.
247 623 326 663 Hei,
346 623 430 668 quid
451 624 562 658 dicis?
591 637 683 658 anne
701 625 942 671 deprehensae
958 638 1078 660 sumus
1104 625 1105 629 ¹

133 674 322 708 Molientes
339 676 595 708 clandestinam
617 678 759 710 caedem
778 677 916 722 puero?

84 724 181 760 1115
211 728 303 760 Fam.
332 725 553 771 Deprehensi
572 740 693 762 sumus
717 741 860 769 omnes,
897 734 929 761 et
956 741 1077 761 sumus

496 778 533 810 in
551 780 717 813 extremis
735 780 848 813 malis.

128 829 225 863 ler.
254 828 448 873 Quomodo
466 835 736 864 anteverterunt
756 842 885 864 arcana
904 829 1076 863 consilia?

130 881 222 913 Fam.
251 906 272 919 „
283 878 455 914 Iniustum
473 880 621 914 inferius
636 882 768 915 iustitia
781 910 789 922 ‚

128 929 300 970 „Invenit
317 931 432 971 Deus,
459 932 583 965 nolens
603 933 726 976 pollui.

131 983 228 1016 Cher.
248 982 465 1027 Quomodo?
488 983 691 1026 supplicans
710 997 796 1028 rogo
815 990 847 1016 te
867 983 983 1015 dicere
998 982 1075 1016 ista.
1102 984 1104 1017 ἐ

81 1033 180 1068 1120
207 1032 298 1066 Cum
317 1034 411 1066 enim
435 1033 698 1075 audiverimus,
734 1047 779 1068 an
805 1034 987 1080 oportet⁷)
1011 1046 1077 1067 nos

488 1085 602 1126 mori,

128 1136 184 1167 An
201 1147 286 1168 vero
304 1134 426 1168 videre
440 1135 566 1169 'lumen
578 1163 586 1175 ,
613 1136 750 1170 facilius
768 1136 968 1170 moriamur
977 1136 1020 1182 Β).

128 1188 220 1220 Fam.
247 1186 444 1231 Postquam
463 1187 551 1220 abiit
567 1187 688 1220 relicta
704 1188 791 1220 aede
808 1187 875 1219 Dei

129 1237 282 1270 Maritus
300 1237 454 1270 Creusae
466 1264 475 1277 ‚
503 1238 614 1271 filium
632 1250 766 1271 novum
787 1251 905 1272 secum
925 1240 1056 1272 ducens

128 1289 184 1322 Ad
201 1288 404 1321 convivium
418 1314 427 1327 ,
456 1294 490 1322 et
507 1289 677 1322 sacrificia
691 1316 700 1330 ‚
727 1302 817 1335 quae
836 1291 987 1334 parabat
1000 1289 1076 1323 Diis

80 1337 179 1376 1125
206 1337 346 1373 Xuthus
358 1367 367 1379 ‚
395 1339 482 1372 abiit
499 1340 587 1380 illic,
615 1341 677 1373 ubi
693 1341 784 1384 ignis
799 1342 927 1374 emicat
945 1341 1013 1374 Dei

128 1388 321 1424 Bacchicus
333 1417 342 1430 ‚
370 1396 409 1423 ut
426 1391 580 1425 victimis
590 1391 621 1438 ⁹)
638 1390 771 1425 Bacchi
789 1405 871 1426 saxa

179 1515 299 1538 veneris
317 1514 429 1538 illicitas
442 1531 449 1544 ,
476 1515 591 1547 impias,

180 1550 316 1578 Quantum
334 1549 437 1578 pietate
455 1554 646 1580 praestamus,

179 1583 312 1607 Iniustam
331 1584 456 1614 segetem
475 1585 598 1608 virorum

179 1618 336 1641 flecautaus
359 1623 454 1648 musa,

178 1653 213 1675 Et
232 1652 322 1682 perita
340 1652 414 1675 viros
434 1652 504 1675 sciat

177 1686 315 1710 Famosos
334 1686 361 1709 in
380 1687 526 1710 servandis
545 1687 633 1712 lectis.

179 1721 308 1744 Ostendit
327 1720 397 1747 enim
415 1721 491 1744 lovis
510 1722 584 1745 filius

177 1755 219 1778 Ex
236 1755 333 1778 liberis
353 1755 535 1785 oblivionem,

178 1788 239 1812 Non
257 1795 426 1812 communem
448 1790 596 1814 liberorum
616 1792 754 1815 fortunam

178 1823 257 1846 Domi
277 1824 407 1852 plantans

178 1856 325 1885 Dominae3
351 1857 385 1879 ad
405 1856 542 1881 Venerem
563 1865 629 1882 vero

177 1890 268 1914 Aliam
285 1896 389 1919 ponens
410 1892 543 1921 gratiam,

177 1925 305 1954 spurium
325 1931 437 1954 puerum
459 1926 574 1955 adeptus
595 1930 645 1951 est.

0 1969 1 1988 l
107 1968 137 1999 7)
156 1973 191 1991 au
206 1967 329 1996 oportet]
344 1967 385 1989 sic
397 1968 551 1996 Ed<1562.;
571 1970 666 1993 natm:
687 1972 776 1994 utrum
795 1974 937 2001 oporteat;
957 1974 1074 2005 Musgr„

144 2001 215 2024 Fixa
241 2001 302 2023 sive
321 2003 456 2029 oporteat.

107 2043 137 2073 Β)
158 2043 237 2067 Fam.
257 2042 383 2072 Inclytae
402 2055 435 2059 -
455 2044 610 2068 moriamur.
639 2044 693 2075 (vs,
711 2047 938 2077 1106-1121.)]
964 2049 1004 2071 sic
1023 2050 1072 2073 Ed.
1098 2058 1101 2078 ;

1097 2081 1101 2092 ι

145 2076 235 2105 1562.;
260 2077 308 2099 Ed.
327 2077 417 2101 1553:

177 2112 258 2135 Fam.
278 2111 402 2140 lucu-tae
421 2111 567 2139 mulieres,
588 2113 631 2136 ubi
651 2114 734 2137 filiam
754 2115 896 2138 Erechthei

178 2145 321 2169 Dominam
341 2143 494 2170 invenero?
520 2148 622 2176 passim
643 2149 713 2172 enim
735 2150 760 2172 in
782 2151 848 2172 urbe

179 2180 323 2209 Quaerens
341 2180 428 2208 ipsam
441 2197 447 2206 ,
474 2182 598 2211 explevi,
623 2189 710 2212 neque
732 2189 845 2212 possum
865 2184 996 2208 iuvenire.

178 2214 264 2239 chor.
285 2213 355 2243 Quid
374 2220 441 2238 vero
461 2217 521 2245 est,
546 2221 562 2238 o
580 2221 752 2247 conservae,
780 2223 849 2247 quae
867 2219 999 2243 alacritas

177 2248 278 2271 Pedum
297 2249 395 2274 habet.
421 2251 447 2272 et
466 2255 609 2273 sermones
630 2257 697 2280 quos
717 2249 835 2275 adfers?

179 2283 258 2306 Fam.
277 2283 355 2312 Capti
376 2289 487 2312 sumu-³3
513 2284 695 2314 magistratus
715 2286 860 2313 indigenae
879 2290 971 2312 terrae

178 2317 321 2346 Quaerunt
340 2317 442 2346 ipsam,
471 2320 500 2341 ut
519 2319 652 2342 moriatur
670 2320 830 2350 dilapidata.

178 2351 263 2375 Char.
284 2351 373 2378 Eheu,
400 2352 464 2380 quid
482 2349 574 2376 dicis?
599 2359 670 2377 anne
691 2357 763 2385 capti
784 2362 892 2385 sumus,

177 2385 384 2409 clandestinam
403 2388 498 2409 contra
517 2393 629 2416 puerum
648 2392 780 2413 conantes
799 2388 930 2414 caedem?

178 2420 257 2444 Fam,
279 2419 478 2449 „Iniquitatem
496 2421 530 2444 ab
549 2422 694 2451 iniquitate
714 2430 782 2454 quae
803 2425 938 2455 vincitur,

178 2454 311 2485 „Invenit
330 2454 389 2483 ipse
410 2454 498 2483 Deus,
525 2461 578 2478 non
599 2458 683 2485 pollui
703 2460 808 2482 volens.

177 2489 264 2512 chor.
286 2484 448 2516 Quomodo?
473 2494 574 2518 quaeso
593 2492 621 2513 te
639 2494 770 2521 supplex,
797 2493 886 2516 dicere
907 2495 980 2517 haec.

176 2522 244 2546 Cum
261 2522 448 2545 audiverimus
467 2523 554 2553 euim,
578 2529 613 2546 an
634 2526 702 2548 [nori
723 2532 772 2549 nos
792 2533 908 2551 necesse
928 2529 980 2559 sit,

174 2557 318 2580 labentius
338 2556 500 2585 moriemur,
525 2562 603 2586 quam
623 2559 756 2584 vivamuS.

107 2598 138 2629 9)
159 2598 293 2626 victimis]
313 2598 353 2621 sic
371 2599 421 2623 Ed.
437 2599 529 2629 1558.;
555 2600 637 2624 Editt.
656 2605 773 2627 recent:
792 2605 967 2633 [caesarum]
989 2605 1068 2629 victi-

141 2639 246 2691 2ξὲῗέ
265 2633 402 2663 sanguiue
427 2633 535 2663 (Eurip.
555 2635 723 2667 σφαγαῖσι);
759 2639 808 2663 Ed.
826 2640 901 2665 1562.
925 2642 1068 2669 corrupte:

73 2710 255 2741 Murmura.
280 2711 385 2741 Oeen.
411 2711 496 2741 Vm„
520 2711 641 2741 xviii.

778 59 1177 97 INTERPRETATIO
1213 61 1337 96 10le
1371 62 1621 97 EURIPIDIS.

2040 70 2135 106 1042

1109 183 1113 197 ι
1190 149 1337 194 Rigaret
1355 150 1494 194 gemina
1511 162 1578 195 pro
1597 149 1779 194 agnitione
1798 151 1872 186 filii.

1109 199 1113 242 ᾗ
1185 201 1273 235 Cum
1293 201 1453 236 dixisset:
1483 202 1560 242 Tu,
1587 214 1607 235 o
1623 202 1695 242 fili,
1722 203 1920 248 aequaliter
1936 204 2064 239 librata

1108 245 1112 299 ξ
1186 252 1433 287 Tabernacula
1452 260 1565 287 statue
1582 254 1765 287 fabrorum
1786 255 1914 299 operis.

1107 301 1111 352 Ι
1138 303 1234 337 1130
1261 304 1455 350 Postquam
1474 305 1720 338 sacrificavero
1737 306 1957 350 genitoribus
1974 306 2068 347 Diis,
2104 311 2129 342 si

1106 353 1109 366 ¹
1544 356 1677 390 diutius

1184 403 1342 437 Abfuero
1354 432 1362 445 ‚
1391 407 1515 450 epulae
1529 407 1600 441 sint
1616 408 1863 451 praesentibus
1879 408 2012 443 amicis.

1182 455 1344 500 Acceptis
1361 469 1447 490 vero
1463 458 1583 492 vitulis
1603 459 1706 496 abiit;
1735 459 1940 493 adolescens
1957 467 2074 493 autem

1104 507 1107 551 ξ
1184 506 1345 540 Modeste
1367 509 1520 543 ambitus
1545 510 1859 543 tabernaculorum
1885 517 2042 545 carentes
2069 523 2130 555 pa-

1104 552 1107 560 ’
1547 561 1695 594 rictibus

1184 607 1320 643 Erectis
1338 610 1513 643 columnis
1531 612 1706 655 erigebat,
1735 611 1818 644 solis
1836 611 2001 645 flammae

1104 690 1105 694 ,
1134 658 1231 694 1135
1259 660 1458 705 Diligenter
1475 673 1619 702 cavens,
1642 674 1757 707 neque
1776 663 1822 694 ad
1839 663 2026 697 meridiem

1178 711 1332 751 Eudios,
1361 724 1476 757 neque
1493 725 1615 746 rursus
1631 715 1674 745 ad
1695 714 1910 747 occidentem
1924 741 1933 754 ‚

1182 763 1321 796 Pertica
1341 764 1490 797 metiens
1511 765 1554 797 ad
1570 765 1796 807 rectangulos

1183 813 1325 848 Habens
1343 827 1548 849 mensuram
1566 815 1602 848 in
1618 816 1737 848 medio
1754 815 1868 848 decies
1890 817 1985 849 mille

1182 865 1319 899 Pedum
1336 879 1527 899 numerum
1539 893 1548 907 ,
1574 873 1613 900 ut
1633 867 1756 900 dicunt
1774 866 1944 907 artifices,

1134 916 1231 951 1140
1256 917 1449 963 Tanquam
1475 918 1681 952 universum
1705 916 1929 962 Delphorum
1954 921 2126 963 populum

1548 969 1713 1002 convivio
1734 968 2010 1015 excepturus¹⁰).

1182 1019 1367 1063 Accipiens
1384 1032 1468 1053 vero
1485 1020 1607 1053 aulaea
1627 1032 1727 1054 sacra
1745 1033 1785 1054 ex
1803 1018 1979 1054 thesauris

1182 1070 1433 1104 Obumbrabat
1450 1071 1539 1103 mira
1559 1069 1764 1105 hominibus
1780 1072 1869 1104 visu.

1182 1121 1343 1154 Primum
1362 1122 1455 1155 alam
1472 1122 1585 1155 iniicit
1601 1123 1741 1167 fastigio
1762 1123 1896 1161 aulaei,

1183 1172 1289 1217 Quod
1306 1174 1372 1207 fuit
1389 1174 1579 1207 donarium
1597 1174 1777 1213 Herculis,
1806 1175 1903 1219 quod

1135 1223 1231 1258 1145
1258 1225 1387 1258 Attulit
1403 1225 1564 1270 Apollini
1580 1226 1735 1270 spolium
1753 1225 1993 1260 Amazonum.

1183 1275 1295 1309 Erant
1312 1277 1361 1309 ibi
1377 1274 1583 1311 huiusmodi
1600 1283 1759 1310 texturae
1775 1277 2003 1310 intertextae:

1182 1326 1330 1361 Coelum
1350 1340 1570 1372 congregans
1585 1329 1703 1362 stellas
1720 1328 1757 1361 in
1776 1328 1908 1362 circulo
1926 1341 2010 1369 δυοἺ

1179 1377 1301 1424 Equos
1319 1380 1462 1424 quidem
1482 1380 1608 1423 agebat
1625 1381 1669 1413 ad
1683 1380 1846 1413 ultimam
1867 1379 2049 1413 flammam

1179 1429 1260 1469 Sol,
1289 1428 1433 1464 trahens
1450 1444 1568 1465 secum
1586 1431 1720 1464 clarum
1738 1431 1875 1464 luciferi
1892 1431 2024 1466 lumen.

1100 1486 1103 1527 ᾗ
1131 1479 1229 1515 1150
1257 1482 1344 1514 Atra
1361 1494 1446 1515 vero
1463 1494 1535 1515 nox
1553 1494 1627 1515 non
1644 1488 1847 1515 catenatum
1865 1482 1955 1526 ignis

1100 1535 1103 1574 ἲ
1179 1530 1391 1566 Vehiculum
1404 1534 1584 1572 vibrabat;
1597 1534 1719 1567 stellae
1730 1533 1994 1567 comitabantur
2002 1532 2125 1569 Deam.

1100 1576 1103 1621 ἑ
1179 1583 1296 1618 Pleias
1316 1585 1461 1630 quidem
1477 1586 1552 1618 ibat
1568 1585 1726 1619 medium
1746 1597 1810 1630 per
1827 1583 1970 1618 aethera
1982 1611 1990 1625 ,

1178 1634 1297 1681 Atque
1317 1637 1446 1670 ensifer
1464 1637 1598 1674 Orion;
1625 1638 1778 1681 desuper
1792 1648 1878 1670 vero

1180 1686 1272 1720 Ursa
1301 1687 1586 1722 circumvolvens
1613 1700 1648 1721 se
1678 1700 1757 1721 curn
1797 1689 1908 1721 cauda
1944 1687 1981 1721 in
2016 1699 2124 1722 aureo

1100 1763 1103 1783 ἶ
1536 1739 1619 1783 polo

1100 1787 1102 1804 ³
1132 1787 1229 1822 1155
1255 1788 1300 1822 Et
1319 1789 1470 1823 circulus
1485 1790 1622 1834 integer
1641 1788 1763 1822 Lunae
1780 1790 1947 1834 surgebat

1099 1862 1103 1902 ἱ
1178 1840 1312 1874 Mensis
1330 1840 1484 1880 divisor,
1513 1847 1547 1874 et
1563 1841 1706 1886 Hyades
1724 1840 1842 1874 nautis

1099 1911 1102 1965 Ι
1163 1956 1207 1987 10)
1227 1957 1308 1981 Fam.
1334 1956 1483 1986 Postquam
1500 1969 1534 1973 —
1553 1958 1727 1986 excepturus.
1754 1955 1810 1987 (vs-
1836 1956 2057 1986 1122—1110.›]
2084 1957 2123 1981 sic

1099 2017 1101 2022 .
1196 1992 1246 2016 Ed.
1263 1991 1354 2019 1562.;
1382 1991 1432 2015 Ed.
1448 1991 1538 2014 1553:

1098 2038 1101 2055 2
1231 2026 1312 2049 Fam.
1332 2024 1480 2054 Postquam
1499 2025 1548 2048 Dei
1567 2025 1635 2048 aede
1653 2024 1720 2048 abiit
1739 2024 1835 2048 relicta

1229 2060 1346 2082 Maritus
1366 2059 1506 2087 Creusae,
1533 2065 1645 2088 puerum
1665 2065 1763 2083 novum
1782 2058 1918 2088 accipiens

1230 2094 1270 2117 Ad
1289 2098 1419 2122 coenam,
1447 2095 1474 2116 et
1492 2094 1643 2124 sacrificia,
1671 2099 1741 2123 quae
1760 2094 1819 2116 Diis
1836 2094 2036 2123 praeparabat.

1104 588 1106 600 1

1097 2132 1100 2156 1
1229 2128 1339 2151 Xuthus
1358 2128 1441 2157 abiit,
1466 2127 1512 2150 ubi
1530 2128 1603 2157 iguis
1624 2128 1722 2150 emicat
1741 2127 1791 2150 Dei

1096 2158 1099 2182 i
1230 2162 1377 2191 Bacchius,
1404 2163 1433 2184 ut
1451 2162 1571 2185 victimis
1591 2162 1686 2185 Bacchi
1705 2161 1825 2184 vertices

1095 2189 1099 2229 ξ
1227 2196 1343 2226 ffigaret
1363 2195 1503 2225 geminos,
1529 2196 1578 2219 filii
1597 2202 1645 2225 pro
1665 2195 1790 2225 dotibus,

1095 2233 1098 2263 J
1228 2231 1345 2253 Dicens:
1371 2231 1410 2254 Tu
1429 2230 1536 2260 quidem
1556 2236 1640 2260 nunc,
1665 2230 1719 2255 fiii.
1746 2230 1823 2259 erige

1094 2267 1098 2291 i
1227 2265 1414 2288 'tabernacula
1433 2265 1490 2287 alta
1509 2265 1648 2287 fabrorum
1667 2264 1827 2293 laboribus3

1094 2292 1097 2315 l
1227 2299 1393 2322 sacrificans
1412 2304 1479 2321 vcro
1499 2298 1669 2328 genitoribus
1690 2298 1764 2327 Diis,
1794 2297 1895 2320 diutius

1094 2322 1097 2374 Ι
1225 2334 1372 2363 Mansero,
1398 2334 1588 2362 praesentibus
1608 2332 1735 2355 convivia
1754 2332 1810 2354 sint
1828 2332 1930 2356 amicis,

1093 2385 1096 2402 Ι
1226 2367 1354 2397 Acceptis
1371 2372 1438 2390 vero
1457 2366 1554 2389 vitulis
1573 2366 1647 2389 abiit.
1685 2367 1734 2389 Hic
1752 2371 1819 2388 vero
1838 2366 2001 2389 adolescens

1093 2404 1096 2435 ξ
1226 2401 1367 2431 Religiose
1387 2402 1515 2424 carentes
1535 2400 1686 2429 parietibus
1704 2400 1836 2424 circuitus
1856 2401 2093 2426 tabernaculorum

1093 2437 1096 2450 ²
1225 2436 1333 2459 Erectis
1352 2435 1476 2458 trabibus
1496 2435 1635 2464 erigebat,
1662 2435 1730 2457 solis
1749 2435 1873 2458 flammae

1092 2454 1096 2488 l
1224 2470 1311 2492 Recte
1329 2470 1437 2499 vitans,
1465 2475 1551 2498 neque
1569 2469 1604 2491 ad
1624 2469 1762 2492 mer-diem

1092 2497 1096 2545 Ῑ
1225 2504 1346 2534 Radius,
1373 2509 1459 2533 neque
1478 2509 1576 2526 rursus
1595 2505 1628 2526 ad
1647 2503 1830 2532 occidentem,

1092 2549 1096 2589 ¹
1225 2538 1316 2569 Iugeri
1339 2537 1483 2561 dimetiens
1507 2538 1540 2560 ad
1566 2537 1760 2567 longitudinem
1792 2540 1883 2560 rectos
1913 2539 2029 2569 angulos
2062 2541 2112 2563 ba-

1092 2593 1095 2597 <
1532 2572 1635 2595 beutem

1093 2600 1096 2655 Ι
1224 2606 1475 2634 Mensurationem,
1499 2606 1640 2629 habentem
1660 2607 1687 2629 iu
1707 2606 1794 2629 medio
1813 2606 1958 2630 multorum

1226 2641 1327 2665 Pedum
1346 2646 1502 2669 numerum,
1530 2642 1559 2663 ut
1577 2640 1670 2664 dicunt
1688 2640 1844 2670 sapientes,

1093 2657 1096 2686 Ι
1225 2676 1326 2705 Utpote
1345 2681 1450 2700 omnem
1467 2674 1634 2703 Delphorum
1652 2676 1777 2705 poputum
1799 2674 1926 2698 invitans.

1552 2709 1600 2742 66
