2373 2980
196 87 270 123 915
902 86 1014 124 MEL.

250 178 346 211 Cher.
368 175 420 210 Ne
438 186 502 219 per
517 173 612 207 Deos
631 173 721 206 aude
737 179 920 217 percutere
937 186 1163 219 praeconem.

246 230 345 262 Dem.
372 226 409 260 Si
427 226 570 271 quidem
588 236 662 257 non
677 224 765 258 sciat
779 226 959 260 modestus
975 239 1059 260 esse.

250 280 347 314 Ghor.
367 277 436 310 Abi
453 283 508 315 tu;
534 283 573 310 tu
590 287 694 315 vere,
716 287 797 316 rex,
815 289 889 310 non
907 278 1058 322 attingas
1075 277 1180 313 hunc.

196 328 271 365 275
305 331 380 372 Gop.
415 327 531 365 Vade;
559 327 664 361 unius
690 327 785 360 enim
810 340 937 363 manus
962 329 1102 364 infirma
1131 337 1182 365 est

603 390 734 422 pugna.

246 431 397 465 Veniam
415 430 592 463 adducens
602 429 647 475 ¹⁹)
664 441 834 474 magnum
853 432 1045 467 exercitum
1056 433 1180 467 Martis

609 481 746 525 Argivi.

246 532 526 566 Innumerabiles
543 544 600 565 me
620 538 806 576 expectant
824 533 996 578 clypeati,
1017 541 1051 568 et
1067 534 1181 579 Eury—

607 580 726 618 stheus
743 596 805 617 rex

248 634 324 679 Ipse
343 635 413 667 dux
431 634 602 667 exercitus
619 635 718 668 adest
734 633 899 668 Alcathoi
915 637 959 668 ad
979 637 1078 675 fines,

196 687 270 721 280
295 685 496 730 Expectans
514 683 572 718 hic
588 686 673 731 quid
691 687 771 726 fiat,
795 687 951 721 ultimos.

248 737 318 770 Ubi
351 736 506 770 audierit
539 743 637 770 tuam
670 739 931 770 contumaciam
944 764 953 778 ,
995 737 1182 782 apparebit

610 788 674 820 tibi

246 837 293 871 Et
311 838 445 872 civibus
464 844 497 871 et
511 836 592 872 huic
608 845 723 872 terrae
743 839 830 884 et²⁰)
848 839 1046 873 arboribus.

249 889 395 923 Frustra
412 887 622 923 haberemus
640 890 859 924 iuventutem
877 891 966 923 adeo

249 940 401 974 Multam
418 941 455 972 in
471 940 594 984 Argis,
622 941 689 974 nisi
707 948 739 974 te
759 941 978 985 puniremus.

198 990 273 1028 ,⁶285
296 995 393 1026 Dem.
420 991 514 1023 Male
532 991 697 1035 perieris;
720 1004 793 1024 non
812 992 920 1024 timeo
938 998 1037 1024 tuum
1056 989 1181 1034 Argos.

250 1043 341 1075 Hinc
360 1054 443 1074 vero
460 1054 644 1087 nunquam
663 1055 719 1075 me
737 1043 933 1086 ignominia
954 1042 1121 1081 afficiens,

249 1093 292 1125 Vi
310 1094 461 1126 abduces
476 1090 552 1127 hos.
608 1092 691 1126 Non
707 1094 801 1126 enim
817 1094 1033 1137 Argivorum
1052 1092 1132 1126 urbi

250 1145 435 1178 Subditam
453 1142 563 1184 hanc,
589 1145 650 1177 sed
670 1145 819 1177 liberam
838 1143 965 1179 habeo,

251 1198 347 1230 (Ἴτυν.
386 1195 545 1240 Tempus
570 1201 620 1228 est
647 1197 870 1240 prospicere,
903 1197 1111 1241 priusquam
1141 1195 1182 1227 ad

609 1254 751 1282 nostros
768 1249 854 1281 fines
871 1247 1139 1292 appropinquet

199 1297 273 1332 290
299 1297 482 1330 Exercitus
509 1297 744 1341 Argivorum;
769 1301 963 1332 admodum
987 1311 1066 1332 acer
1089 1298 1186 1330 Mars

610 1355 662 1383 est

250 1399 526 1444 Mycenaeorum
539 1428 547 1441 ,
563 1408 597 1434 et
614 1401 651 1432 in
670 1402 737 1434 isto
755 1401 898 1445 negotio
916 1401 1028 1445 magis
1043 1400 1186 1434 festina-

600 1452 689 1484 bunt
707 1464 814 1496 quam
833 1459 955 1489 antem

251 1499 371 1539 „Nam
391 1501 505 1533 solent
520 1513 714 1545 praecones
733 1515 856 1537 omnes

251 1550 343 1589 „Bis
375 1558 513 1585 tantum
544 1554 760 1597 amplificare
781 1566 856 1587 rem
870 1581 878 1594 ‚
915 1565 1021 1599 quam
1053 1553 1182 1585 factum

614 1611 664 1638 est
674 1604 730 1651 21).

200 1651 273 1687 295
297 1653 415 1697 Quam
434 1655 581 1698 grandia
601 1667 696 1689 nunc
715 1656 891 1689 dicturum
909 1655 981 1688 re⁰i
1007 1652 1134 1699 putas?

252 1704 360 1748 Quod
375 1704 420 1738 sit
436 1706 569 1738 atrocia
588 1718 728 1749 passus,
753 1714 784 1739 et
802 1719 913 1751 paene

251 1755 416 1795 Venerit,
440 1764 478 1789 ut
493 1757 610 1790 anima
632 1758 662 1790 ei
681 1759 902 1791 evelleretur.

251 1808 312 1839 Iol.
338 1807 450 1846 „Non
470 1815 520 1841 est
538 1809 651 1842 maius
670 1810 878 1842 beneficium
898 1808 1026 1853 pueris,

250 1857 398 1902 „Quam
418 1866 521 1892 natos
539 1872 579 1892 ex
596 1861 789 1903 praestanti
807 1867 920 1905 patre,

199 1908 273 1941 300
298 1908 366 1948 „Et
383 1911 510 1943 ducere
530 1923 656 1944 uxores
672 1924 712 1944 ex
730 1912 844 1945 bonis.
874 1911 945 1956 Qui
969 1921 1052 1941 vero
1073 1907 1186 1940 victus

610 1962 757 1995 libidine

251 2010 475 2050 „Coniunxit
518 2025 553 2046 se
585 2026 663 2046 cum
710 2014 832 2053 malis,
874 2012 973 2044 illum
1012 2022 1075 2052 ego
1112 2022 1183 2042 non

606 2064 728 2104 laudo,

251 2139 272 2151 η
284 2112 389 2157 Quod
417 2114 589 2160 relinquit
609 2116 730 2149 liberis
748 2116 897 2149 dedecus
920 2119 1067 2157 propter
1086 2111 1184 2144 wlu-

611 2173 757 2210 ptatem.

251 2214 453 2253 „Homines
467 2218 628 2261 generosi
648 2230 751 2262 opem
768 2218 887 2249 serunt
905 2213 1120 2247 calamitosis

248 2266 393 2310 „Magis
417 2280 523 2313 quam
545 2281 619 2301 non
651 2270 726 2302 nati
751 2270 847 2303 bono
881 2265 1084 2310 genere²²);
1118 2276 1182 2296 nos

604 2332 699 2353 enim

231 2467 277 2499 19)
295 2465 447 2497 adducens]
473 2466 513 2489 sic
537 2467 620 2492 Editt.
643 2469 733 2493 1558..
759 2470 858 2498 Barn.,
885 2470 1007 2498 Musgr.;
1035 2466 1083 2489 Ed.
1108 2465 1182 2489 1562.

266 2502 351 2525 male:
371 2501 518 2524 abducens.

225 2544 336 2603 ²⁰)1'53t2]
359 2544 400 2602 3Ῑο
419 2545 466 2600 (ίΞ
486 2544 579 2573 Eusil‘-
598 2544 658 2571 καὶ)
679 2546 761 2571 Editt.
784 2546 857 2570 1558.
879 2546 905 2569 et
926 2545 1058 2572 recentt.;
1085 2543 1111 2566 in
1131 2543 1178 2567 Ed.

279 2587 296 2603 ο
333 2598 339 2604 .
377 2584 423 2602 ees
439 2595 445 2601 .

227 2621 274 2653 21)
301 2622 333 2646 Η.
358 2622 376 2646 1.
401 2621 430 2644 iu
452 2620 536 2644 Editt.
564 2621 656 2651 1558„
683 2623 756 2647 1562.
782 2624 848 2647 nota
871 2627 975 2652 marg:

261 2655 410 2680 mendacia.

225 2698 272 2729 22)
292 2699 324 2723 Η.
346 2699 364 2722 l.
381 2697 442 2721 ibid.
462 2698 527 2721 nota
545 2701 646 2727 marg:
666 2697 732 2721 Boni
751 2699 859 2722 natales
880 2698 940 2728 quid
959 2699 1108 2727 praestent.

1010 2620 1177 2644 Praecouum

1050 87 1219 125 scau-vr

1220 90 1251 124 A
1285 88 1620 124 PHILOLOGICA.

2141 83 2216 117 916

1235 175 1310 212 305
1332 176 1420 211 Cum
1444 174 1673 209 inciderimus
1699 171 1736 205 in
1760 177 1915 205 extrema
1941 171 2054 211 mala,
2078 171 2216 204 inveni-

1641 236 1720 257 mus
1737 223 1870 257 amicos

1284 279 1329 313 Et
1344 283 1529 323 cognatos,
1552 275 1626 321 qui,
1645 287 1723 308 cum
1740 281 1837 308 tanta
1857 274 1902 308 sit
1919 273 2080 312 Graecia,
2098 279 2215 305 tamen

1644 326 1711 360 soli
1729 326 1924 359 defendunt
1939 323 2015 360 hos.

1284 381 1375 414 Date
1395 392 1458 412 vos
1470 405 1478 418 ,
1505 377 1626 423 pueri,
1654 378 1703 411 eis
1720 378 1880 410 dextram
1898 389 2065 416 manum,
2087 378 2166 409 date.

1285 433 1330 465 Et
1345 444 1408 465 vos
1424 430 1504 463 filiis
1515 456 1524 470 ‚
1549 436 1583 462 et
1599 441 1714 473 prope
1733 429 1898 468 accedite,

1235 484 1308 518 310
1336 483 1368 516 Ο
1391 482 1471 519 filii;
1498 481 1682 514 veniamus
1708 481 1745 513 in
1761 487 1923 514 mutuam
1949 479 2115 512 notitiam
2132 479 2219 512 ami—

1646 544 1780 565 corum.

1286 585 1322 618 Si
1347 585 1492 630 quando
1520 583 1701 627 continget
1729 583 1833 616 nobis
1843 582 1889 628 23)
1922 582 2055 616 reditus
2089 581 2126 614 in
2159 592 2219 625 pa-

1648 634 1767 675 triam,

1284 686 1329 719 Et
1346 687 1472 720 domos
1489 685 1685 719 habueritis
1697 712 1706 725 ,
1730 691 1764 718 et
1779 683 1934 720 honores
1951 684 2074 729 patris.

1285 738 1413 771 Putate
1429 750 1568 782 semper
1586 735 1650 771 hos
1668 749 1740 770 esse
1755 743 1954 770 servatores
1973 742 2007 768 et
2024 736 2170 774 amicos,

1285 788 1330 822 Et
1349 801 1535 835 nunquam
1553 789 1588 822 in
1613 787 1705 821 hanc
1729 794 1863 821 terram
1887 787 2037 831 cogitate
2060 799 2133 821 esse
2154 785 2221 818 tol-

1645 840 1788 872 lendam
1807 837 1946 872 hastam
1971 836 2151 877 hostilem,

1235 888 1309 924 315
1324 891 1502 925 Memores
1520 889 1625 924 huius
1641 891 1766 929 officii;
1784 892 1844 925 sed
1859 889 2020 923 omnium
2037 890 2220 924 civitatum

1649 942 1753 975 nobis
1773 941 2024 975 amicissimam

1286 993 1426 1026 Putate.
1480 993 1656 1026 Convenit
1675 993 1768 1026 enim
1781 1020 1790 1033 ,
1811 1000 1850 1027 ut
1869 992 1991 1026 colatis
2007 993 2104 1032 istos,

1287 1043 1358 1088 Qui
1377 1050 1513 1076 tantam
1531 1051 1663 1077 terram
1684 1051 1717 1077 et
1727 1045 1772 1090 ⁸²³)
1792 1045 1945 1089 Argivos

1287 1095 1505 1128 Averterunt
1521 1107 1538 1127 a
1555 1095 1658 1128 nobis
1669 1122 1677 1135 ‚
1702 1101 1741 1128 ut
1758 1094 1933 1129 haberent
1949 1107 2009 1130 eos
2026 1093 2144 1129 hostes

1287 1144 1466 1179 Intuentes
1484 1146 1664 1179 mendicos
1676 1173 1685 1185 ,
1712 1158 1875 1185 errones;
1898 1147 1958 1180 sed
1976 1155 2097 1181 tamen

1238 1196 1312 1232 320
1346 1196 1429 1231 Non
1452 1197 1684 1236 dediderunt,
1716 1209 1832 1242 neque
1860 1198 2072 1242 expulerunt
2094 1210 2160 1232 nos
2181 1210 2222 1232 ex

1645 1259 1708 1281 sua
1728 1254 1834 1282 terra.

1287 1298 1363 1342 Ego
1382 1298 1504 1332 vivens
1522 1305 1556 1331 et
1571 1305 1734 1332 mortuus
1746 1326 1754 1339 ,
1771 1301 2058 1347 quandocunque
2075 1301 2223 1341 moriar,

1289 1350 1322 1383 O
1340 1350 1469 1390 amice,
1493 1350 1630 1393 magnis
1652 1350 1816 1384 laudibus
1831 1353 2016 1398 aequalem
2032 1349 2172 1385 Theseo

1288 1401 1459 1434 Attollam
1476 1407 1527 1440 te,
1552 1407 1585 1433 et
1601 1399 1688 1433 haec
1704 1401 1824 1435 dicens
1840 1405 2019 1446 gaudebo:

1239 1450 1312 1487 325
1345 1452 1451 1497 Quod
1487 1452 1662 1496 exceperis
1692 1463 1778 1492 nos,
1818 1459 1851 1485 et
1881 1454 2000 1487 liberis
2024 1451 2044 1469 ²*
2060 1451 2221 1484 Herculis

1652 1502 1775 1536 tuleris
1792 1515 1908 1547 opem.

1289 1553 1346 1586 Tu
1362 1553 1490 1587 nobilis
1508 1566 1571 1598 per
1588 1560 1698 1586 totam
1719 1554 1920 1595 Graeciam,

1289 1605 1416 1638 Servas
1447 1611 1630 1648 paternam
1668 1605 1832 1648 gloriam.
1897 1605 1981 1647 „Ex
2009 1605 2113 1639 bonis
2144 1617 2222 1639 cum

1651 1662 1754 1689 natus
1775 1656 1833 1696 sis,

1290 1706 1401 1745 „Non
1420 1719 1454 1739 es
1473 1706 1628 1739 deterior
1647 1713 1761 1750 patre,

1290 1758 1410 1797 „Cum
1438 1758 1558 1801 paucis
1582 1758 1669 1790 aliis.
1723 1758 1845 1791 Unum
1864 1759 1958 1792 enim
1983 1759 2075 1791 inter
2093 1759 2224 1792 multos

1656 1809 1748 1842 forte

1291 1859 1502 1900 „Invenias,
1529 1859 1590 1905 qui
1607 1872 1681 1892 non
1699 1860 1743 1893 sit
1761 1860 1918 1894 deterior
1934 1867 2034 1907 patre
2045 1860 2103 1907 ²5).

1239 1913 1313 1946 330
1337 1913 1432 1947 Char.
1457 1912 1604 1956 Semper
1620 1909 1706 1944 haec
1725 1918 1818 1945 terra
1838 1913 2053 1947 calamitosis

1287 1962 1327 1996 In
1343 1976 1445 1997 causa
1463 1964 1553 1997 insta
1572 1963 1646 1996 vult
1665 1975 1769 2007 opem
1785 1964 1890 1998 ferre.

1288 2013 1499 2048 Innumeros
1517 2015 1610 2048 enim
1632 2014 1771 2047 labores
1787 2027 1853 2059 pro
1872 2015 1994 2048 amicis

1288 2065 1361 2098 Iam
1380 2067 1463 2107 tuli,
1486 2074 1519 2100 et
1539 2079 1634 2100 nunc
1652 2066 1755 2098 video
1771 2078 1905 2099 nomm
1925 2066 2027 2099 nobis
2045 2070 2223 2097 certamen

1644 2116 1862 2161 impendere.

1287 2171 1383 2202 Dem.
1424 2168 1532 2201 Recte
1556 2168 1692 2205 dixisti;
1730 2181 1833 2213 spero
1866 2167 1995 2201 horum
2026 2165 2223 2209 negotium,

1651 2231 1670 2251 o
1687 2231 1803 2258 senex,

1237 2269 1311 2304 335
1339 2270 1426 2303 Tale
1443 2271 1538 2309 sore,
1563 2270 1630 2302 erit
1646 2270 1819 2303 memoria
1839 2267 1944 2302 huius
1963 2267 2110 2312 gratiae.

1286 2321 1363 2365 Ego
1381 2321 1526 2367 quidem
1544 2321 1673 2354 civium
1693 2327 1907 2355 conventum
1928 2319 2097 2358 indicam,

1269 2473 1317 2502 23)
1338 2471 1428 2504 nobis]
1460 2472 1500 2495 sic
1523 2472 1606 2495 Editt.
1629 2472 1720 2496 1558..
1748 2471 1822 2495 1562.
1849 2470 1895 2501 (=
1914 2471 1998 2494 Editt.
2022 2468 2106 2492 Basil.
2135 2467 2221 2491 1551..

1302 2510 1407 2547 {lusgn
1428 2503 1526 2538 ἡμῐι’);
1546 2507 1629 2529 Editt.
1651 2508 1768 2530 reeent.:
1789 2507 1868 2530 vobis
1887 2505 1935 2537 (Σ
1948 2505 2032 2528 Editt.
2052 2504 2143 2528 Earn..
2163 2501 2219 2525 Fu.

1301 2549 1370 2565 ‘vnn'
1387 2560 1392 2565 .

1265 2541 1382 2613 24)¹et])
1400 2583 1440 2606 sic
1458 2585 1506 2611 (=
1525 2583 1618 2612 Eurip.
1638 2581 1699 2611 καὶ)
1720 2583 1802 2607 Editt.
1825 2583 1899 2607 1558.
1919 2584 1945 2605 et
1964 2582 2096 2610 recentt.;
2120 2579 2148 2602 in
2168 2577 2217 2602 Ed.

1301 2619 1376 2643 1562.
1394 2618 1481 2641 deest.

1264 2661 1312 2693 25)
1333 2662 1364 2685 Η.
1383 2661 1402 2685 l.
1421 2660 1449 2683 in
1468 2660 1551 2683 Editt.
1572 2661 1664 2690 1558,
1685 2660 1761 2685 1562.
1780 2660 1846 2684 nota
1865 2665 1968 2689 marg-z

1299 2695 1422 2719 rentibus
1441 2694 1558 2725 peiores.

2000 2658 2062 2683 Filii
2086 2658 2147 2681 sere
2164 2662 2214 2687 pa-

2312 746 2319 756 ·
2312 670 2321 737 ,-,.,.
