2373 2980
191 119 286 155 1123

240 203 406 237 Coniunx
424 199 535 239 lovis,
561 204 600 231 ut
619 196 784 241 perirem.

241 255 435 298 Postquam
457 262 540 283 vero
557 248 672 282 carnis
689 247 856 280 amictum
876 248 1024 291 adeptus
1040 260 1118 281 sum

195 305 293 341 1270
320 305 594 339 Pubescentem,
621 299 773 338 labores,
801 311 890 343 quos
906 298 1049 342 pertuli,
1077 310 1184 344 quor-

610 362 688 384 sum
708 349 833 383 attinet
850 362 906 382 me
922 347 1080 383 referre?

247 406 377 450 Quales
395 411 455 437 aut
472 404 611 441 leones,
639 407 699 434 aut
715 401 931 446 tricorpores

247 455 440 501 'syphones
453 482 461 494 ‚
491 461 550 487 ant
568 453 756 495 Gigantes,
786 459 846 486 aut
864 450 1138 498 quadrupedes?

249 510 306 541 An
322 519 395 540 non
415 505 548 539 confeci
566 503 698 537 bellum
715 502 901 537 Centauris
919 501 1119 548 repletum?

249 558 294 591 Et
309 558 477 602 utrinque
496 555 685 590 habentem
704 556 840 600 capita,
867 561 900 588 et
916 554 1189 599 repullulantem
1215 545 1218 595 ζ

614 617 737 638 canem

206 658 302 696 1275
330 659 488 704 Hydram
513 655 696 690 interfeci?
737 662 771 688 et
791 655 1012 689 infinitorum
1041 656 1191 688 aliorum

609 708 774 741 laborum

256 763 388 805 Greges
405 759 564 806 pervasi,
592 766 626 792 et
643 760 687 791 ad
706 758 837 790 inferos
855 758 1020 801 perveni,

256 813 388 847 Canem
406 812 584 846 custodem
607 810 738 843 inferni
755 808 944 852 tricipitem
965 809 1002 841 in
1022 807 1135 840 lucem
1158 812 1194 838 ul

617 862 780 895 ducerem
798 859 895 893 iussu
910 856 1165 904 Eurystheiss).

260 916 446 949 Postremo
464 912 556 947 hanc
572 914 714 946 caedem
730 912 843 943 facere
859 923 936 943 sum
956 921 1060 943 ausus
1071 935 1079 948 ,

214 968 310 1002 1280
339 966 543 1000 Occidendo
560 976 656 997 meos
672 963 802 995 liberos
813 987 822 1000 ,
849 968 889 994 ut
903 961 1120 1005 fastigiarem
1137 958 1199 990 do—

619 1026 718 1047 mum
737 1012 852 1045 malis.

765 110 886 146 PHIL.
922 111 1034 146 MEL.
1070 111 1271 146 SCRIPTA
1307 112 1641 146 PHILOLOGICA.

262 1067 375 1101 Venio
400 1073 517 1100 autem
542 1066 580 1098 in
602 1063 695 1098 hanc
717 1062 984 1102 necessitatem,
1022 1072 1137 1106 neque
1163 1059 1202 1091 in

619 1115 707 1149 meis
725 1114 841 1148 charis

262 1167 395 1202 Thebis
417 1166 579 1201 habitare
596 1168 646 1201 fas
663 1173 732 1205 est;
759 1166 788 1200 si
803 1177 888 1198 vero
903 1175 1031 1196 manco
1043 1189 1052 1202 ‚

261 1222 317 1253 Aa
334 1221 431 1266 quod
450 1232 588 1253 sacrum
606 1225 667 1252 aut
686 1224 826 1251 coetum
844 1215 1042 1249 amicorum

262 1270 426 1306 Vadam?
447 1283 562 1316 neque
579 1271 672 1303 enim
689 1269 809 1302 faciles
827 1268 936 1301 affatu
953 1264 1068 1299 habeo
1083 1274 1204 1296 noxas.

216 1321 313 1358 1285
342 1323 408 1356 Sed
426 1321 564 1366 Argos?
593 1322 796 1367 quomodo,
817 1320 845 1353 si
861 1318 956 1362 fugio
976 1313 1154 1362 patriam?

264 1376 338 1418 Age
376 1385 460 1406 vero
495 1374 532 1405 in
568 1374 675 1405 aliam
713 1372 869 1417 aliquam
905 1369 1085 1403 civitatem
1123 1377 1206 1410 pro-

622 1422 782 1458 ficisear?

265 1475 309 1508 Et
330 1475 455 1508 deinde
474 1475 604 1508 erimus
624 1474 776 1519 suspecti
790 1480 962 1517 tanquam
983 1468 1135 1515 cogniti,

265 1526 392 1559 Vexati
409 1526 542 1559 acerbis
563 1526 692 1559 aculeis
711 1526 870 1569 linguae:

268 1578 362 1611 Num
383 1577 468 1622 quid
486 1576 542 1610 hic
556 1578 647 1611 filius
665 1584 715 1610 est
732 1575 843 1615 Iovis,
877 1572 939 1619 qui
954 1570 1130 1605 interfecit
1146 1569 1208 1602 ali-

622 1629 766 1673 quando
784 1627 916 1659 liberos
927 1651 936 1663 ‚

223 1679 318 1714 1290
347 1678 391 1712 Et
407 1677 581 1712 uxorem?
611 1692 655 1712 an
673 1692 744 1712 non
762 1678 904 1711 tolletur
923 1688 961 1707 ex
978 1672 1044 1706 hac
1066 1669 1184 1705 terra?

255 1799 299 1831 11)
319 1799 403 1823 Herc.
429 1797 499 1821 Audi
517 1811 550 1816 —
569 1797 726 1827 Eurysthei.
760 1795 815 1827 (vs.
841 1794 949 1818 1255—
966 1791 1071 1819 1278.)]
1096 1789 1136 1813 sie
1160 1789 1209 1812 Ed.

291 1833 383 1862 ¹562.;
409 1832 458 1856 Ed.
477 1832 568 1855 1558:

324 1868 408 1892 Herc.
428 1866 497 1889 Audi
515 1866 566 1888 iam
586 1871 674 1895 nuuc,
699 1864 729 1887 ut
747 1863 910 1887 contendam
930 1860 1010 1884 dictis

325 1902 429 1925 Contra
447 1899 646 1923 admonitiones
665 1900 744 1928 tuas;
769 1897 909 1927 explicabo
928 1901 995 1918 vero
1015 1893 1079 1921 tihi,

325 1936 433 1959 Nullam
452 1934 562 1957 vivendi
582 1934 715 1957 rationem
736 1932 813 1956 nobis
834 1933 860 1955 et
879 1936 949 1954 nuuc
970 1932 996 1953 et
1015 1930 1097 1952 antea
1117 1933 1187 1950 esse.

326 1969 445 1992 Primum
465 1969 568 1997 quidem
589 1975 620 1990 ex
640 1969 690 1991 hoc
709 1968 791 1990 natus
812 1973 887 1992 sum,
913 1964 957 1994 qui
976 1970 1035 1987 cum
1054 1962 1194 1985 interfecit

325 2003 424 2026 Matris
443 2009 535 2026 senem
556 2004 675 2031 patrem,
695 2002 830 2023 scelestus
850 2000 973 2023 existens

327 2037 443 2062 Genuit„
470 2042 538 2065 quae
557 2036 661 2065 peperit
679 2036 836 2058 Alcmenam
858 2040 907 2056 me.

329 2071 421 2101 „Cum
441 2070 511 2093 euim
531 2070 734 2092 fundamentum
755 2074 808 2090 non
827 2068 926 2090 iactum
946 2065 1028 2088 suerit
1047 2064 1158 2095 generis

328 2105 456 2133 „Recta
482 2111 596 2127 necesse
615 2106 659 2126 est
679 2103 802 2125 infelices
822 2108 886 2124 esse
905 2102 1039 2129 posteros

327 2139 428 2168 Iupiter
447 2138 560 2167 deinde,
586 2138 735 2167 quicunque
752 2137 799 2159 ille
818 2136 855 2159 sit
873 2134 992 2164 Iupiter,
1018 2133 1151 2156 inimicum
1172 2139 1213 2156 me

636 2172 728 2199 genuit

328 2206 432 2230 Iunoni.
469 2207 507 2229 Tu
526 2207 601 2229 certe
619 2206 685 2228 nihil
706 2205 817 2235 doleas,
845 2209 859 2226 o
880 2208 979 2230 senex-3

329 2241 438 2264 Patrem
457 2240 526 2263 euim
547 2246 595 2270 pro
616 2241 679 2263 love
697 2239 824 2263 existimo
843 2239 870 2260 te
885 2242 945 2267 ego.

329 2275 421 2298 Adhuc
440 2274 467 2297 in
485 2275 557 2298 lacte
577 2274 722 2300 existenti,
747 2272 896 2296 horrendos
917 2271 1060 2299 serpentes

330 2309 407 2333 Clam
426 2309 535 2332 immisit
554 2309 580 2332 in
602 2309 734 2331 cunabula
753 2312 813 2330 mea

330 2343 381 2366 Illa
398 2343 471 2366 lovis
493 2349 576 2370 uxor,
602 2344 631 2366 ut
651 2343 810 2371 periremus.

331 2377 398 2400 Cum
418 2382 483 2400 vero
502 2378 593 2400 carnis
613 2377 728 2400 amictus
750 2378 846 2399 nactus
865 2380 940 2399 sum,

330 2411 514 2434 Pubescentes
531 2411 658 2439 labores,
693 2416 760 2440 quos
784 2408 902 2439 protuli,
939 2406 1001 2437 quid
1020 2406 1128 2436 oportet
1147 2410 1213 2428 nai·-

638 2442 724 2468 rare?

333 2478 499 2507 Qualesuam
518 2482 563 2503 aut
582 2481 692 2503 leoneS.
716 2480 762 2502 aut
780 2478 949 2506 tricorpores

332 2513 493 2542 Typhones,
513 2515 560 2536 aut
578 2514 731 2544 Gigantes,
756 2514 803 2536 aut
822 2506 1032 2541 quadrupedes?

333 2546 480 2569 Centauris
499 2549 631 2576 repletum
651 2548 748 2571 bellum
767 2553 801 2570 an
821 2552 874 2569 non
896 2540 1022 2568 confeci?

334 2581 369 2603 Et
387 2580 520 2610 bicipitem
540 2584 566 2604 et
584 2582 792 2611 repullulantem
811 2585 906 2603 canem

334 2615 457 2643 Hydram
476 2613 627 2639 occidens?
651 2616 869 2644 infinitorumque
888 2613 1003 2637 aliorum
1022 2612 1145 2636 laborum

334 2648 451 2672 Perveni
469 2651 612 2681 catervaS,
639 2652 665 2673 et
683 2650 717 2673 ad
735 2651 858 2674 mortuos
877 2647 1021 2671 descendi.

335 2682 459 2706 Plutonis
477 2683 620 2708 ianitorem
638 2690 731 2708 canem
750 2682 895 2713 tricipitem
914 2682 939 2704 in
962 2682 1048 2704 lucem

333 2717 367 2739 Ut
387 2717 546 2743 deducerem
563 2718 717 2749 praeceptis
736 2716 896 2748 Eurysthei.

2130 117 2225 152 1124

1287 198 1359 239 „Ei
1376 210 1461 231 vero
1474 225 1483 238 ‚
1511 199 1573 243 qui
1589 198 1782 243 aliquando
1799 198 1982 233 dicebatur
2000 201 2124 235 beatus
2135 229 2144 242 ,

1288 277 1309 290 „
1320 250 1454 282 Acerba
1475 255 1525 282 est
1541 249 1710 287 mutati03
1740 256 1775 282 at
1791 250 1846 283 cui
1862 263 2002 295 semper
2016 252 2108 285 male

1289 300 1399 341 ‚‚Est‚
1426 298 1515 333 nibil
1532 300 1627 332 dolet
1647 312 1783 340 eorum,
1812 313 1902 346 quae
1920 303 1952 335 ei
1969 310 2117 348 cognata
2135 309 2228 342 suut,

1649 364 1726 384 cum
1745 352 1789 384 sit
1811 352 1944 388 infelix.

1289 402 1344 435 Ad
1367 401 1458 435 hanc
1481 402 1717 435 calamitatem
1743 410 1932 437 venturum
1957 417 2013 438 me
2036 405 2229 450 aliquando

1652 460 1750 497 puto.

1245 502 1341 539 1295
1362 503 1504 536 Etenim
1525 511 1619 538 terra
1633 505 1749 537 mittet
1761 516 1882 537 vocem
1902 506 2114 539 interdicens
2132 504 2232 545 mihi,

1294 556 1346 589 Ne
1369 555 1538 599 attingam
1558 562 1689 589 terram
1702 583 1710 595 ‚
1739 563 1772 588 et
1788 569 1885 589 mare
1898 583 1906 596 ,
1934 569 1978 589 ne
1995 557 2190 596 traiiciam,

1294 606 1340 639 Et
1358 608 1470 640 fontes
1486 607 1690 645 fluminnm;
1720 613 1753 639 et
1769 619 1847 639 eum
1861 634 1869 647 ‚
1898 608 1958 653 qui
1975 614 2132 647 rotatur,

1295 656 1453 690 Ixionem
1475 658 1512 690 in
1529 659 1677 692 vinculis
1693 658 1872 692 imitabor.

1296 708 1342 741 Et
1360 706 1427 742 hoc
1445 716 1495 743 est
1519 711 1692 754 optimum
1705 737 1713 749 ,
1748 716 1788 742 ut
1809 721 1916 742 nemo
1933 709 2153 743 Graecorum
2179 722 2235 742 me

1659 761 1796 800 videat,

1252 811 1347 844 1300
1375 809 1470 844 Inter
1499 825 1586 857 qnos
1614 813 1709 845 bona
1744 813 1888 845 fortuna
1924 818 2062 846 utentes
2097 823 2237 845 eramus

1659 863 1765 897 beati.
2092 886 2095 889 -

1301 913 1396 958 Quid
1415 913 1522 957 igitur
1540 927 1627 958 opus
1645 922 1695 948 est
1722 927 1776 947 nie
1802 913 1945 947 vivere?
1980 913 2087 959 quod*
2101 913 2239 948 lucrum

1662 964 1871 999 habebimus
1884 992 1892 1005 ‚

1304 1014 1340 1047 Si
1356 1014 1464 1047 vitain
1482 1015 1639 1048 inutilem
1660 1023 1694 1049 et
1709 1018 1882 1061 pollutam
1900 1014 2077 1049 habeam?
2095 1039 2098 1042 .

1304 1065 1493 1109 Tripudiet
1510 1067 1638 1111 inclyta
1658 1080 1747 1100 uxor
1763 1067 1855 1101 Iovis
1867 1094 1875 1105 ‚

1305 1116 1455 1149 Pulsans
1475 1119 1598 1161 pedem
1616 1116 1709 1152 Iovis
1726 1118 1886 1163 Olympii
1896 1117 1943 1162 12)
1957 1117 2065 1151 solea.

1259 1166 1354 1202 1305
1381 1168 1479 1201 Fecit
1495 1169 1588 1202 enim
1605 1169 1660 1209 id,
1687 1170 1782 1215 quod
1802 1168 1933 1207 voluit,

1306 1218 1432 1252 Virum
1450 1220 1605 1264 primum
1623 1221 1660 1253 in
1677 1221 1825 1254 Graecia
1843 1232 1884 1253 ex
1902 1218 1986 1263 ipsis
2005 1215 2245 1250 fundamentis

1308 1271 1453 1304 Sursum
1475 1278 1579 1316 atque
1597 1273 1761 1306 deorsum
1779 1278 1950 1305 evertens.
1990 1269 2116 1301 Talem
2132 1267 2245 1301 Deam

1309 1322 1397 1366 Quis
1416 1323 1603 1356 adoraret?
1631 1336 1721 1368 quae
1741 1330 1888 1368 propter
1907 1320 2094 1355 mulierem

1310 1372 1473 1407 invidens
1490 1372 1649 1407 thalamo
1665 1374 1757 1409 Iovis
1768 1402 1777 1415 ,
1808 1374 2050 1408 benefactores

1263 1424 1358 1458 1310
1382 1425 1551 1459 Graeciae
1567 1427 1733 1470 perdidit,
1749 1426 1811 1471 qui
1827 1432 1924 1459 extra
1943 1424 2083 1468 culpam
2101 1420 2249 1466 summ).

1297 1580 1342 1607 ¹2)
1362 1577 1498 1608 Olympii]
1528 1577 1567 1601 sic
1592 1577 1675 1602 Editt.
1698 1577 1788 1606 ¹558,
2106 1572 2156 1597 Ed.
2176 1571 2251 1595 1562.

1330 1613 1449 1643 Olympi.

1820 1577 1901 1600 Barn.
1910 1592 1918 1605 ,
1948 1575 2069 1604 Musgr.;

1298 1673 1340 1704 ¹3)
1362 1673 1503 1696 Postremo
1521 1683 1554 1687 -
1572 1671 1679 1700 culpam
1703 1672 1774 1695 suut.
1803 1669 1857 1702 (vs.
1878 1670 1944 1694 1279
1959 1681 1989 1685 —
2008 1668 2112 1697 1³10.)]
2139 1667 2178 1690 sic
2203 1666 2252 1689 Ed.

1332 1708 1422 1735 1562.;
1449 1706 1498 1730 Ed.
1520 1705 1610 1729 1558.:

1365 1758 1536 1781 Postremum
1556 1762 1622 1779 vero
1642 1757 1709 1779 hanc
1728 1756 1835 1785 patravi
1855 1756 1964 1779 caedem

1365 1792 1452 1815 Filios
1473 1791 1633 1819 occidendo,
1659 1791 1763 1813 demum
1784 1793 1811 1813 ut
1833 1790 2031 1813 accumularent
2052 1787 2142 1812 malis.

1367 1826 1454 1849 Venio
1474 1831 1540 1848 vero
1560 1825 1754 1848 necessitatem
1775 1825 1808 1848 ad
1827 1825 1913 1855 hanc,
1939 1829 2026 1853 neque
2044 1822 2109 1845 mihi
2128 1821 2217 1846 charis

1367 1861 1396 1884 ln
1416 1859 1513 1883 Thebis
1531 1860 1656 1882 hahitare
1675 1860 1755 1888 licet3
1781 1859 1851 1889 quod
1871 1859 1894 1881 si
1913 1862 2058 1886 mansero,

1366 1895 1408 1917 Ad
1428 1894 1561 1924 quodnam
1579 1895 1721 1923 templum,
1746 1896 1793 1916 aut
1810 1895 1915 1916 coetum
1933 1892 2080 1916 amicorum

1369 1926 1435 1952 Ibo?
1462 1934 1514 1951 nou
1530 1929 1599 1951 enim
1615 1934 1701 1952 noxas
1713 1945 1719 1953 .
1738 1934 1785 1958 per
1801 1933 1868 1957 quas
1882 1934 1923 1950 me
1937 1926 2037 1956 alloqui
2051 1926 2140 1949 liceat.
2162 1926 2250 1947 haheo.

1369 1964 1422 1987 Sed
1440 1964 1532 1992 Argos
1551 1959 1616 1986 ibo?
1641 1959 1797 1992 quomodo?
1822 1962 1884 1992 quin
1904 1961 1980 1991 fugio
2002 1958 2140 1990 patriam?

1368 1999 1445 2027 Age.
1465 1997 1513 2019 sed
1533 1997 1567 2020 ad
1585 1997 1668 2020 aliam
1687 1997 1821 2026 quandam
1840 1996 1882 2020 ibo
1901 1996 2055 2020 civitatem.

1368 2033 1403 2055 Et
1423 2031 1520 2054 deinde
1539 2033 1619 2054 torve
1636 2031 1834 2060 adspiciemur,
1853 2032 1883 2054 ut
1901 2029 2003 2060 cogniti
2022 2026 2168 2050 fuerimus.

1368 2066 1492 2096 Linguae
1510 2066 1615 2089 amaris
1633 2065 1752 2088 stimulis
1773 2065 1876 2089 notati:

1368 2101 1411 2123 An
1430 2106 1482 2123 non
1502 2100 1544 2123 hic
1563 2100 1652 2129 lovis,
1678 2100 1721 2129 qui
1741 2100 1812 2123 filios
1832 2098 1968 2122 interfecit
1987 2096 2048 2119 olim

1368 2136 1403 2158 Et
1421 2131 1556 2158 uxorem?
1583 2140 1638 2157 nou
1657 2135 1690 2157 ah
1709 2135 1757 2157 hac
1778 2136 1854 2157 terra
1873 2133 1965 2156 statim
1984 2125 2086 2154 abibit?

1369 2169 1477 2200 „Dicto
1498 2169 1569 2191 enim
1588 2169 1648 2191 viro
1667 2169 1740 2191 felic-i
1760 2169 1838 2193 olim.

1368 2203 1615 2233 „Permutationes
1635 2209 1680 2225 res
1699 2203 1806 2229 tristis:
1835 2202 1878 2225 cui
1897 2206 1963 2223 vcro
1982 2202 2088 2226 semper
2108 2196 2177 2218 male

1369 2238 1462 2266 „Est,
1492 2238 1528 2259 nil
1548 2238 1638 2261 dolet.
1663 2243 1695 2260 ex
1715 2236 1910 2260 consuetudine
1930 2231 2023 2255 infelix
2041 2230 2174 2253 existens.

1369 2271 1411 2294 Ad
1430 2272 1478 2293 hoc
1497 2274 1639 2294 venturum
1659 2278 1700 2293 me
1718 2269 1883 2294 calamitatis
1902 2268 1963 2296 puto
1982 2265 2063 2291 oliuu

1369 2306 1471 2328 Vocem
1491 2305 1562 2328 enim
1581 2305 1643 2328 edet
1663 2305 1762 2328 tellus.
1787 2302 1953 2326 interdicens
1974 2299 2036 2323 mihi

1369 2340 1427 2363 Non
1446 2340 1583 2369 attingere
1601 2341 1718 2362 terram:
1748 2339 1774 2361 et
1792 2343 1881 2361 mare,
1908 2341 1959 2357 non
1981 2333 2116 2363 transire,

1369 2374 1524 2402 Fontesque
1543 2373 1694 2398 fluminum,
1722 2373 1747 2395 et
1765 2371 1867 2401 ipsum.
1896 2369 1939 2399 qui
1959 2370 2082 2398 rotatur}

1369 2408 1488 2431 Ixionem
1508 2408 1535 2430 in
1555 2407 1671 2430 vinculis
1688 2407 1822 2430 imitabor.

1370 2443 1404 2465 Et
1422 2442 1481 2464 ideo
1500 2442 1627 2470 optimum
1647 2442 1705 2465 est,
1735 2441 1835 2463 nullum
1851 2440 2017 2463 Graecorum
2036 2443 2077 2460 me
2095 2434 2250 2464 adspicere:

1370 2477 1398 2499 In
1419 2476 1513 2505 quibus
1532 2476 1639 2498 utentes
1659 2475 1727 2498 hona
1747 2475 1856 2497 fortuna
1875 2479 1984 2497 eramus
2002 2472 2102 2495 felices.

1371 2510 1503 2539 Quidnam
1529 2515 1568 2532 me
1594 2509 1688 2532 vivere
1711 2505 1860 2532 convenit?v
1895 2513 1972 2538 quam
1998 2504 2140 2528 utilitatem
2166 2503 2248 2525 liabe-

1678 2543 1762 2566 bimus
1774 2560 1781 2571 ,

1371 2578 1461 2601 Vitam
1484 2577 1606 2601 inutilem
1625 2579 1651 2600 et
1670 2578 1774 2607 impiam
1795 2582 1854 2599 cum
1873 2569 2039 2598 habeamus?

1370 2611 1509 2641 Tripudiet
1527 2617 1594 2635 vero
1614 2612 1685 2634 lovis
1704 2612 1753 2634 illa
1771 2611 1875 2640 inclyta
1894 2614 1977 2638 uxor,

1370 2646 1488 2669 Pulsans
1509 2645 1629 2675 Olympii
1647 2646 1720 2669 Iovis
1738 2645 1816 2669 solea
1834 2643 1937 2673 pedem.

1369 2680 1489 2704 Perfecit
1505 2680 1575 2703 enim
1593 2680 1756 2707 consilium,
1782 2678 1851 2708 quod
1871 2676 1983 2700 statuit:

1369 2714 1465 2737 Virum
1485 2715 1618 2739 Graeciae
1637 2713 1793 2744 primarium
1811 2718 1870 2736 cum
1889 2711 1956 2741 ipsis
1976 2705 2156 2733 fundamentis
