2373 2980
256 116 305 150 ss
829 113 952 149 prm„
988 112 1099 147 MEL.
1136 110 1339 147 SCRIPTA
1371 112 1710 151 mammem.-
1951 93 1955 97 ⁴
2239 117 2289 154 84

359 201 532 234 Saturnus
563 201 656 233 enim
690 199 877 242 praecipue
899 204 1038 243 praeest
1062 198 1139 231 auri
1164 199 1245 231 dex-

257 257 351 289 trae,
381 251 534 289 vesicae,
562 249 691 294 spleni„
723 249 871 293 pituitae
899 256 931 283 et
958 250 1112 287 ossibus;
1151 248 1246 293 lupi-

257 308 310 334 ter
336 302 464 338 tactui,
500 301 682 345 pulmoni,
724 300 862 333 arteriis
894 307 928 334 et
959 301 1104 337 semiui;
1149 300 1246 333 Mars

257 352 333 385 auri
361 353 542 390 sinistrae,
575 351 739 390 renibus,
783 351 900 390 venis,
945 352 1113 384 membris
1138 351 1246 383 virili-

256 403 339 436 bus:
373 403 432 435 Sol
452 402 581 441 oculis,
615 402 780 440 cerebro,
815 403 932 442 cordi,
967 402 1086 436 nervis
1108 408 1142 435 et
1166 403 1247 435 dex-

257 460 330 486 trae
357 452 447 496 parti
472 453 677 490 universae;
710 452 831 486 Venus
856 453 1021 492 olfactui,
1056 451 1246 497 hepziti”)‚

256 503 370 537 carni:
405 502 603 537 Mercurius
623 504 799 544 orationi,
833 504 962 544 menti,
995 504 1158 548 linguae,
1185 503 1248 536 bili

256 560 286 587 et
304 554 395 590 sedi;
431 553 532 587 Luna
550 554 688 599 gustui,
716 555 839 598 gulae,
874 553 1080 595 stomacho,
1115 554 1249 588 ventri-

256 605 334 638 cnlo
346 631 354 643 ‚
382 605 521 638 matrici
539 611 573 638 et
591 605 755 639 sinistrae
776 606 868 649 parti
885 605 1084 639 universae.

357 662 547 698 Laesiones
567 670 685 698 autem
701 664 913 709 generaliter
930 665 1141 709 plerumque
1161 664 1250 696 acci-

255 715 364 753 dunt,
392 727 471 747 cum
487 715 668 748 maleficae
685 716 823 754 stellae,
860 727 951 760 quae
978 727 1119 748 causam
1147 727 1250 759 prae-

255 766 358 805 bent,
385 771 467 798 sunt
487 766 687 799 orientales.
726 765 845 798 Morbi
864 778 948 798 vero
967 765 1132 799 accidunt
1146 778 1251 798 econ-

257 823 310 849 tra
325 842 333 854 ,
363 828 441 849 cum
461 828 586 850 causae
601 823 684 850 sunt
701 816 948 850 occidentales.

359 874 537 908 Differunt
557 875 650 908 enim
668 873 754 908 baec
772 875 864 908 inter
882 887 930 910 se.
990 873 1117 909 Laesio
1142 876 1251 908 semel

257 926 456 970 corrumpit
477 926 676 958 membrum
699 926 866 972 aliquod,
901 938 966 959 nec
989 926 1104 959 adfert
1128 932 1249 970 postea

257 977 431 1010 cruciatus
447 976 703 1014 intensionem;
738 978 885 1011 morbus
906 989 991 1010 vero
1015 983 1077 1010 aut
1101 977 1252 1018 assidue,

256 1034 317 1061 aut
335 1040 398 1072 per
413 1027 621 1068 intervalla,
649 1034 832 1073 correptos
850 1028 1039 1062 excruciat.

358 1087 427 1120 Sed
454 1088 498 1120 ad
524 1087 776 1131 particularem
808 1088 1049 1121 coniecturam
1075 1088 1251 1133 quaedam

257 1139 446 1183 requirunt
479 1138 766 1172 observationem
800 1139 1044 1183 singularem,
1097 1150 1251 1184 quorum

257 1189 502 1222 membrorum
520 1196 554 1222 et
573 1190 687 1235 qualis
704 1190 813 1224 laesio
830 1191 947 1223 sutura
966 1190 1030 1230 sit,
1058 1196 1120 1222 aut
1138 1189 1253 1234 qualis

257 1241 422 1279 morbus;
462 1247 660 1286 sequuntur
689 1241 783 1274 enim
817 1240 1011 1274 accidentia
1042 1240 1253 1286 plerumque

257 1291 391 1326 similes
408 1292 544 1336 positus
562 1292 759 1326 stellarum.

361 1350 521 1385 Caecitas
543 1350 687 1385 alterius
711 1350 804 1385 oculi
828 1351 886 1391 fit,
921 1363 999 1384 cum
1026 1349 1128 1383 Luna
1158 1350 1254 1383 edito

258 1407 365 1446 partu
383 1408 434 1436 est
452 1402 490 1434 in
507 1402 618 1435 altero
636 1402 836 1442 cardinum,
859 1408 919 1435 aut
936 1402 972 1434 in
989 1400 1255 1440 coniunctione,

260 1459 323 1486 aut
348 1453 386 1486 in
413 1453 658 1497 oppositione;
692 1466 754 1487 seu
779 1453 924 1499 quando
948 1459 999 1486 est
1020 1452 1058 1485 in
1082 1452 1254 1485 alterutro

259 1503 360 1544 loco,
408 1504 471 1537 uhi
496 1503 614 1537 Solem
649 1504 818 1548 adspectu
849 1503 970 1549 aliquo
1005 1503 1172 1547 adspicit,
1223 1508 1255 1535 et

261 1555 406 1600 quando
424 1555 587 1600 copulata
605 1561 657 1588 est
673 1555 778 1588 alicui
796 1555 1050 1588 nebulosarum
1071 1554 1254 1588 stellarum

261 1605 299 1638 in
317 1606 472 1639 Zodiaco
485 1633 494 1646 ,
522 1612 562 1640 ut
578 1605 705 1640 Cancri
717 1633 726 1646 ‚
753 1612 815 1639 aut
830 1606 1015 1639 Pleiadum
1027 1632 1037 1645 ,
1064 1611 1125 1639 aut
1142 1604 1256 1648 cuspi-

262 1657 316 1691 dis
327 1657 530 1702 Sagittarii,
558 1664 620 1691 aut
633 1657 746 1690 aculei
757 1656 909 1701 Scorpii,
926 1663 988 1690 aut
1010 1669 1133 1689 comae
1148 1656 1256 1689 Bere-

262 1709 379 1749 nices,
412 1721 519 1753 supra
542 1707 722 1748 Leonem,
765 1714 827 1741 aut
849 1720 961 1741 urnae
983 1707 1146 1753 Aquarii.
1212 1706 1258 1739 Et

264 1761 409 1806 quando
434 1760 533 1794 Mars
565 1766 626 1794 aut
648 1759 843 1799 Saturnus,
883 1758 985 1792 Luna
1017 1759 1186 1792 existente
1220 1757 1258 1790 in

264 1811 409 1844 cardine
440 1823 480 1844 ac
510 1811 731 1844 infortunata
759 1811 970 1850 succedunt,
1017 1816 1080 1843 aut
1112 1809 1257 1855 quando

266 1868 348 1895 ante
374 1862 492 1895 Solem
527 1862 594 1906 ipsi
626 1862 663 1894 in
691 1861 834 1894 cardine
858 1862 1071 1899 ascendunt;
1113 1861 1258 1906 quando

265 1925 351 1946 vero
369 1913 512 1958 utrique
528 1913 676 1953 lumini,
701 1913 757 1945 vel
774 1913 811 1945 in
828 1913 952 1945 eodem
972 1912 1093 1955 signo,
1121 1911 1177 1944 vel
1197 1923 1259 1955 op-

264 1964 409 2009 positis,
436 1970 519 1997 sunt
541 1964 733 1997 familiares
756 1963 923 1996 matutini
939 1963 1032 2002 Soli,
1067 1962 1259 2008 vespertini

264 2014 410 2055 Lunae,
437 2015 579 2060 utrique
596 2015 698 2048 oculo
713 2014 906 2058 perniciem
926 2014 1104 2047 adferunt.
1162 2013 1260 2047 Mars

266 2067 310 2099 ab
345 2066 436 2105 ictu,
480 2072 541 2099 aut
575 2065 796 2110 pulsatione,
839 2071 900 2098 aut
928 2078 947 2098 a
971 2066 1088 2104 ferro,
1130 2070 1189 2097 aut
1215 2065 1259 2096 ab

266 2118 425 2157 ustione,
467 2129 545 2150 cum
569 2116 748 2150 Mercurio
775 2116 914 2149 iunctus
941 2122 1046 2148 nocet
1077 2115 1113 2147 in
1142 2115 1260 2160 palae-

267 2169 369 2209 stris,
396 2175 456 2201 aut
473 2168 686 2212 gymnasiis,
713 2174 774 2200 aut
797 2167 932 2200 insidiis
953 2167 1146 2200 latronum.
1200 2166 1261 2199 Sa-

268 2227 394 2253 turnus
411 2231 496 2252 vero
516 2231 579 2263 per
595 2219 805 2252 suffusiones
817 2245 825 2258 ,
853 2225 913 2251 aut
930 2218 1060 2262 frigus,
1084 2223 1145 2250 aut
1162 2217 1261 2250 albu-

268 2271 385 2315 ginem
398 2297 407 2310 ,
433 2277 494 2303 aut
509 2270 651 2304 similia.

372 2330 509 2364 Rursus
536 2331 680 2375 qnando
702 2329 823 2363 Venus
846 2335 897 2362 est
919 2329 955 2361 in
981 2328 1182 2360 cardinibus
1210 2328 1261 2359 di-

271 2381 352 2421 ctis,
382 2381 532 2414 maxime
553 2383 586 2413 in
615 2381 815 2420 occidente,
853 2381 969 2413 iuncta
990 2379 1165 2417 Saturno,
1202 2386 1262 2412 aut

271 2444 352 2465 eum
380 2432 593 2475 adspiciens,
631 2439 691 2464 aut
717 2431 896 2464 domicilia
921 2437 1125 2468 mutarnnt3
1166 2430 1262 2463 Mus

270 2496 356 2515 vero
372 2496 476 2526 super
494 2496 570 2515 earn
590 2483 763 2522 elevatur,
799 2489 859 2515 aut
882 2482 1065 2526 oppositus
1092 2487 1157 2514 est:
1194 2481 1260 2513 viri

273 2541 377 2568 erunt
392 2535 545 2573 steriles,
574 2535 738 2567 mulieres
757 2546 841 2566 vcro
860 2535 964 2566 edent
980 2534 1124 2565 abortus
1141 2538 1173 2564 et
1191 2533 1261 2564 soe-

272 2592 327 2619 tus
345 2586 554 2618 immaturos
567 2612 575 2625 ,
603 2591 663 2618 aut
679 2587 830 2618 secando
849 2586 962 2618 soetus
979 2597 1020 2617 ex
1043 2590 1145 2618 utero
1170 2585 1261 2627 peri-

308 2710 358 2743 24)
377 2711 480 2742 hepati]
499 2710 547 2736 Ed.
565 2710 639 2735 1553.
659 2709 739 2740 epati.

1299 199 1536 241 ditabuntur,
1571 199 1725 233 maxime
1752 198 1790 231 in
1809 198 1968 241 Cancro,
2002 199 2149 245 Virgine
2177 207 2212 235 et
2227 202 2292 237 Ca-

1299 250 1482 293 pricorno.
1534 249 1580 283 Et
1597 250 1716 283 iuncta
1734 249 1914 284 nebulosis
1929 250 2030 283 Luna
2046 278 2055 292 ,
2085 252 2207 287 oculos
2221 254 2292 287 lae—

1300 302 1359 334 det
1373 308 1407 334 et
1425 313 1504 334 cum
1522 300 1623 334 Luna
1641 300 1678 332 in
1697 305 1777 333 ortu
1794 299 1905 333 Marti
1923 301 2041 335 iuncta
2057 309 2120 337 est.

1400 351 1463 386 Sin
1489 358 1607 385 antem
1634 349 1805 394 adspiciet
1822 350 2040 385 Mercurium
2066 354 2192 387 eodem
2213 355 2293 389 loco

1301 414 1379 435 cum
1405 401 1582 442 Saturno,
1621 407 1655 434 et
1680 400 1778 435 Mars
1802 401 1870 435 erit
1892 402 2047 437 elevatus
2071 416 2178 449 super
2202 417 2294 447 eam,

1302 459 1364 486 aut
1378 453 1583 497 oppositus,
1618 453 1794 496 spadones
1818 459 1942 493 erunt,
1975 459 2037 486 aut
2058 451 2294 500 hermaphro-

1301 503 1387 544 diti,
1414 510 1476 537 aut
1493 503 1682 537 obstructis
1698 503 1872 537 meatibus
1890 503 2111 547 genitalium.

1404 553 1468 588 His
1486 554 1534 587 sic
1550 566 1586 587 se
1602 551 1836 595 habentibus,
1864 567 1941 588 cum
1956 555 2074 588 Solem
2092 554 2200 589 etiam
2219 568 2295 589 cae-

1305 604 1370 637 teri
1395 605 1559 649 planetae
1586 605 1805 649 adspiciunt,
1841 611 1875 638 et
1898 606 2088 639 luminaria
2116 618 2157 639 ac
2173 606 2295 641 Venus

1303 656 1440 689 suntin
1456 655 1565 699 signis
1583 656 1768 696 masculis,
1795 655 1898 689 Luna
1924 669 2007 689 vero
2032 663 2082 691 est
2108 657 2147 690 in
2169 669 2295 692 occasu

1304 713 1338 739 et
1353 707 1501 740 malefici
1520 707 1681 751 planetae
1696 713 1777 740 sunt
1792 707 1828 739 in
1840 707 2007 750 gradibus
2017 709 2295 749 succedentibus,

1304 758 1419 790 virilia
1445 757 1696 803 praecidentur
1714 758 1817 798 viris,
1852 764 1885 790 et
1902 764 2007 791 erunt
2023 758 2060 791 in
2077 759 2126 792 eis
2141 759 2295 803 insignes

1303 808 1496 848 laesiones,
1523 808 1674 842 maxime
1691 808 1718 842 si
1737 808 1772 842 in
1788 809 1907 842 Ariete
1928 815 1989 842 aut
2003 809 2166 854 Aquario
2175 809 2296 843 Venus

1303 860 1367 893 sita
1385 865 1447 893 est.
1499 859 1667 893 Mulieres
1692 872 1776 892 veto
1801 866 1906 893 erunt
1927 859 2080 900 steriles,
2114 860 2296 894 interdum

1305 916 1339 943 et
1364 910 1399 943 in
1424 909 1512 943 facie
1536 911 1732 944 laedentur.
1792 909 1839 943 Et
1862 917 1967 944 erunt
1990 910 2086 943 balbi
2109 917 2172 944 aut
2194 911 2296 952 muti,

1305 961 1365 1007 qui
1390 961 1583 994 Saturnum
1610 968 1643 995 et
1667 961 1885 994 Mercurium
1919 962 1955 994 in
1987 961 2191 996 cardinibus
2216 974 2295 996 cum

1305 1012 1386 1045 Sole
1410 1011 1618 1046 coniunctos
1641 1010 1793 1052 habent,
1834 1012 2022 1057 praecipue
2046 1012 2076 1046 si
2097 1011 2297 1046 Mercurius

1305 1063 1349 1097 sit
1364 1063 1603 1103 occidentalis,
1623 1069 1657 1096 et
1674 1063 1779 1095 ambo
1790 1062 1929 1096 Lunam
1948 1062 2158 1107 adspiciant.
2199 1062 2297 1097 Mars

1306 1125 1391 1147 vero
1416 1113 1622 1153 adiunctus,
1664 1113 1876 1159 plerumque
1898 1115 2039 1159 linguae
2063 1113 2298 1158 impedimen-

1306 1171 1380 1197 tum
1397 1164 1513 1197 solvit.
1827 1177 1832 1183 ·

1410 1214 1516 1259 Quod
1540 1214 1568 1247 si
1585 1213 1687 1246 Luna
1713 1214 1867 1247 occurrit
1885 1214 2015 1254 Marti,
2046 1221 2081 1248 et
2103 1213 2297 1249 luminaria

1307 1267 1499 1300 succedunt
1516 1264 1683 1298 maleficis
1700 1264 1903 1298 tenentibus
1921 1265 2102 1304 cardines;
2137 1271 2199 1299 aut
2225 1277 2299 1297 ma-

1307 1316 1397 1350 lefici
1413 1322 1495 1349 sunt
1514 1315 1668 1360 oppositi
1685 1315 1941 1356 luminaribus,
1974 1315 2128 1350 maxime
2152 1315 2182 1350 si
2195 1315 2299 1349 Luna

1307 1367 1402 1401 sitin
1421 1368 1525 1400 nodis
1542 1373 1603 1399 aut
1625 1366 1793 1406 flexibus,
1830 1372 1863 1398 et
1887 1366 1925 1398 in
1949 1366 2058 1410 signis
2079 1366 2214 1407 noxiis,
2239 1370 2301 1399 aut

1308 1418 1448 1458 Ariete,
1483 1417 1626 1457 Tauro,
1662 1416 1821 1457 Canem,
1858 1416 2029 1460 Scorpio,
2060 1416 2299 1461 Capricorno:

1308 1470 1397 1503 fiunt
1419 1466 1533 1512 gibbi,
1558 1474 1620 1500 aut
1641 1466 1904 1507 mutilationes,
1939 1473 2001 1500 aut
2024 1467 2300 1501 claudicationes

1309 1526 1369 1554 aut
1383 1519 1574 1564 paralyses.
1628 1519 1678 1551 Ac
1695 1518 1724 1551 si
1741 1530 1820 1551 cum
1840 1518 2035 1552 luminibus
2057 1517 2129 1552 sint
2150 1516 2302 1550 malefici

1309 1572 1492 1616 planetae,
1529 1569 1648 1603 statim
1681 1580 1700 1601 a
1733 1569 1919 1602 nativitate
1953 1566 2018 1603 has
2044 1568 2219 1603 laesiones
2240 1569 2300 1601 ad-

1308 1624 1438 1656 serunt.

1412 1672 1474 1705 Sin
1490 1677 1608 1704 autem
1635 1670 1705 1704 sint
1728 1669 1878 1703 malefici
1902 1669 1939 1702 in
1964 1669 2084 1702 medio
2109 1668 2218 1710 coeli,
2245 1682 2301 1703 su-

1310 1735 1374 1768 pra
1404 1722 1617 1762 luminaria,
1662 1727 1697 1754 et
1725 1721 1947 1764 longitudine
1971 1719 2065 1753 inter
2088 1732 2124 1754 se
2151 1720 2300 1753 distent:

1312 1775 1471 1807 accident
1485 1772 1660 1806 laesiones
1677 1784 1694 1804 a
1716 1772 1853 1816 magnis
1876 1770 2043 1816 periculis
2069 1771 2235 1814 lapsuum
2261 1783 2302 1804 ex

1312 1826 1403 1865 alto,
1431 1830 1491 1857 aut
1506 1823 1720 1863 latrociniis,
1747 1829 1808 1856 aut
1824 1823 1979 1855 serarum
1998 1822 2187 1857 morsibus.

1413 1876 1504 1910 Nam
1525 1887 1603 1908 cum
1621 1873 1717 1908 Mars
1733 1873 1961 1913 dominatur,
1993 1873 2154 1906 accident
2176 1872 2302 1906 laesio-

1312 1940 1373 1961 nes
1390 1939 1454 1971 per
1471 1926 1587 1970 ignem
1600 1952 1609 1965 ,
1640 1931 1700 1957 aut
1718 1925 1803 1957 fient
1819 1925 1964 1957 vulnera
1984 1923 2020 1956 in
2038 1924 2123 1957 rixis
2135 1950 2144 1964 ,
2172 1930 2234 1957 aut
2249 1923 2302 1955 in-

1313 1986 1365 2012 ter
1397 1979 1564 2010 latrones.
1632 1974 1720 2008 Cum
1747 1975 1921 2008 Saturnus
1951 1974 2178 2016 dominatur,
2218 1974 2303 2007 fient

1313 2031 1452 2074 lapsus,
1478 2025 1682 2069 naufragia,
1709 2025 1852 2070 spasmi.

1413 2079 1629 2122 Plerumque
1654 2088 1738 2109 vero
1765 2077 1854 2109 fiunt
1875 2075 2070 2115 laesiones,
2103 2087 2182 2108 cum
2199 2074 2301 2109 Luna

1315 2137 1366 2164 est
1390 2131 1427 2163 in
1453 2128 1558 2173 signis
1583 2127 1746 2171 tropicis,
1787 2133 1848 2160 aut
1870 2126 2200 2171 aequinoctialibus.
2263 2125 2303 2159 In

1315 2194 1396 2215 vere
1414 2179 1548 2223 vitiligo
1561 2205 1570 2217 ,
1598 2178 1635 2210 in
1653 2184 1783 2211 aestate
1802 2177 2044 2221 impetigines,
2072 2177 2109 2209 in
2131 2183 2303 2211 autumno

1315 2234 1437 2277 lepra,
1470 2228 1636 2262 inhieme
1654 2228 1855 2262 lenticulae.

1416 2282 1511 2315 Haec
1530 2280 1713 2320 accidunt,
1741 2292 1820 2312 cuin
1841 2279 1875 2311 in
1894 2279 1988 2312 dicto
2013 2278 2132 2323 positu
2153 2278 2304 2311 malefici

1316 2333 1514 2378 adspiciunt
1537 2331 1716 2364 contrario
1744 2332 1929 2374 adspectu,
1962 2330 2156 2375 vespertini
2172 2329 2303 2370 Solem,

1317 2383 1481 2418 matutini
1498 2382 1651 2415 Lunam.

1414 2435 1460 2469 Et
1477 2432 1722 2467 universaliter
1738 2432 1912 2465 Saturnus
1928 2437 2067 2464 ventres
2084 2431 2231 2474 frigidos
2254 2430 2304 2462 fa-

1316 2488 1381 2526 cit,
1410 2493 1440 2519 et
1466 2491 1570 2529 anget
1594 2483 1758 2528 pituitam
1784 2495 1823 2515 ac
1847 2483 1979 2521 fluxus,
2014 2488 2047 2515 et
2071 2482 2176 2514 efficit
2196 2481 2304 2514 maci-

1316 2540 1448 2577 lentos,
1476 2542 1510 2569 et
1527 2535 1733 2573 imbecilles,
1763 2533 1934 2566 obnoxios
1953 2533 2181 2578 dysenteriis,
2205 2532 2304 2571 tussi,

1315 2589 1501 2622 difficulter
1518 2592 1735 2631 exspuentes,
1753 2585 1935 2617 doloribus
1951 2584 2132 2618 crassioris
2147 2582 2303 2616 intestini

1317 2641 1576 2678 conflictantes,
1605 2636 1837 2681 elephantiasi
1862 2636 2080 2675 laborantes;
2116 2636 2151 2668 in
2178 2634 2302 2668 mulie-

1318 2692 1413 2725 ribus
1431 2703 1536 2730 vero,
1563 2688 1719 2722 matricis
1735 2688 1902 2732 pericula.

2358 1460 2360 1479 i

2358 1561 2360 1582 l

2358 1617 2361 1648 l
