2373 2980
124 109 198 143 609
535 105 628 140 LXI.

173 194 206 226 A
223 193 300 226 Deo
317 191 503 237 petemus?
530 192 628 226 cuius
647 204 752 227 causa
769 192 868 226 venis
878 193 893 225 ’Β

172 244 239 279 Iste
255 244 359 278 dixit:
391 241 540 277 Phoebo
561 256 627 288 pro
644 244 765 289 priore
791 249 936 289 peccato

171 297 312 329 Poenas
329 295 414 328 dare
432 295 615 333 volumus;
643 296 822 340 postulavi
843 295 938 329 enim

170 348 225 380 Ab
246 347 323 391 ipso
339 346 554 392 aliquando,
582 353 621 380 ut
639 348 741 381 daret
766 359 918 392 poenam
944 357 1008 390 pro
1036 357 1115 378 san-

537 398 642 442 guine
660 399 782 443 patris.

123 450 222 484 1110
249 448 294 481 Et
312 449 359 482 ibi
378 448 514 483 Orestis
531 450 708 482 calumnia
727 450 878 483 multum
899 449 1018 481 valens

169 500 370 546 Apparuit,
398 501 496 546 quod
511 500 724 535 mentiretur
741 514 840 535 meus
859 501 1046 538 dominus,

170 552 325 585 Veniens
340 553 383 585 de
400 551 497 596 turpi
514 564 631 586 causa.
684 552 791 586 Venit
808 559 924 586 autem
944 550 1066 594 templi

168 603 264 637 Intra
279 602 459 647 fastigium
472 629 482 643 ,
508 609 548 636 ut
565 610 647 637 ante
673 604 858 638 oraculum

169 655 382 688 Precaretur
403 652 612 695 Phoebum,
648 662 682 688 et
706 657 764 689 det
789 666 935 699 operam
964 653 1113 686 incensis

532 706 711 740 sacrificiis
723 706 766 752 ¹⁸).

119 755 216 790 1115
242 755 342 802 Istiss)
362 757 511 790 aderant
527 758 732 802 manipulus
749 761 909 790 armatus

168 808 297 841 Tectus
314 808 415 841 lauro
428 835 436 848 ‚
463 808 557 842 inter
574 821 663 854 quos
679 809 980 854 Clytaemnestrae
998 807 1088 841 filius

167 858 255 892 Erat
272 871 383 898 unus,
412 866 517 892 autor
534 860 694 893 omnium
714 861 876 893 istorum.

165 910 211 943 Et
227 910 284 943 ille
302 911 419 954 palam
438 916 536 945 stans
555 917 720 955 precatur
738 911 873 947 Deum;

164 960 225 994 Isti
241 961 353 995 acutis
370 961 511 995 ensibus
530 962 659 994 armati

116 1013 214 1049 1120
241 1013 413 1057 Pungunt
430 1012 603 1046 inermem
623 1014 733 1047 filium
752 1010 900 1046 Achillis
918 1013 1020 1046 clam.

164 1064 275 1097 Retro
293 1064 404 1104 cedit,
431 1076 504 1097 non
523 1065 616 1097 euim
633 1065 786 1098 letaliter
804 1064 1009 1097 vulneratus

164 1114 272 1155 Erat,
300 1122 335 1148 et
356 1113 512 1149 detrahit
531 1128 549 1149 a
570 1117 737 1149 columna

23 1179 26 1198 ι
164 1166 340 1211 Suspensa
358 1178 457 1199 arma
477 1179 495 1200 a
516 1167 629 1207 clavo,

164 1218 312 1263 Statque
331 1219 375 1250 ad
397 1230 496 1251 aram
517 1218 686 1251 terribilis
703 1217 856 1250 bellator
875 1218 1062 1260 adspectu,

119 1266 215 1303 1125
243 1268 288 1301 Et
304 1269 453 1309 clamat,
481 1267 675 1313 Delphicos
694 1269 778 1301 istos
797 1267 1039 1311 interrogans:

166 1320 287 1364 Quare
304 1332 360 1352 me
381 1320 539 1353 occiditis
553 1347 561 1360 ‚
589 1321 684 1364 piam
705 1319 800 1351 viam

163 1369 374 1403 Venientem
386 1397 395 1409 ,
419 1377 567 1415 propter
585 1383 692 1416 quam
713 1382 856 1402 causam
875 1382 981 1413 pereo
995 1370 1008 1402 ’ἒ

162 1420 316 1455 Istorum
335 1433 415 1455 cum
431 1433 544 1466 prope
564 1428 679 1455 essent
696 1420 994 1460 innumerabiles,
1022 1419 1110 1454 nihil

524 1472 713 1518 quisquam

163 1521 281 1561 Dixit,
309 1524 370 1556 sed
386 1522 563 1557 iaciebant
578 1524 714 1568 lapides
733 1534 775 1556 ex
789 1522 967 1557 manibus.

115 1574 212 1607 1130
238 1572 398 1608 Obrutus
416 1581 534 1608 autem
550 1576 709 1620 undique
727 1574 835 1608 densa
855 1575 1048 1618 grandine,

162 1625 365 1658 Obiiciebat
383 1638 481 1658 arma
496 1653 504 1666 ,
533 1632 566 1659 et
585 1626 732 1659 cavebat
745 1625 834 1659 ictus
845 1651 853 1665 ‚

163 1676 241 1709 Huc
258 1682 292 1709 et
310 1677 391 1709 illuc
410 1689 520 1710 manu
539 1677 708 1710 obiiciens
728 1676 888 1721 clypeum
903 1690 909 1709 ι

162 1727 231 1761 Sed
248 1725 339 1761 nihil
357 1728 523 1769 iuvabat,
550 1729 659 1762 multa
677 1727 836 1772 undique
854 1727 920 1760 tela
934 1755 942 1766 ,

161 1778 334 1822 Sagittae,
360 1779 474 1813 iacula
494 1779 619 1813 emissa
639 1778 827 1823 ancipitia,

116 1829 212 1863 1135
238 1829 320 1864 Lati
334 1843 434 1865 enses
451 1831 663 1865 decidebant
673 1836 755 1864 ante
773 1830 889 1874 pedes.

161 1881 317 1916 Vidisses
332 1883 514 1917 mirabiles
530 1883 737 1917 saltationes
755 1881 910 1913 caventis

162 1932 251 1965 Tela
269 1933 350 1970 filii;
378 1940 568 1980 postquam
587 1940 704 1968 autem
723 1932 881 1977 undique

160 1982 202 2015 ln
220 1984 342 2016 orbem
362 1986 557 2029 urgebant,
585 1997 660 2018 non
679 1986 803 2018 dantes
820 1982 1106 2027 respirationem,

162 2033 310 2068 Tollens
321 2035 364 2068 ab
380 2048 439 2068 ara
452 2036 584 2076 focum,
600 2036 637 2069 in
649 2049 720 2082 quo
731 2035 931 2068 offeruntur
942 2034 1106 2078 pecudes,

113 2085 210 2119 1140
239 2085 378 2120 Saltans
393 2087 543 2131 pedibus
558 2087 758 2121 Troianum
776 2086 903 2120 saltum
916 2112 924 2125 ,

160 2136 268 2170 Vadit
285 2144 407 2171 contra
427 2151 498 2173 eos.
551 2137 631 2179 Isti,
657 2138 747 2172 sicut
766 2138 950 2171 columbae

159 2187 329 2223 Videntes
345 2189 563 2234 accipitrem,
590 2191 635 2223 ad
652 2190 773 2234 fugam
791 2195 888 2232 terga
909 2193 1103 2221 verterunt.

158 2239 266 2274 Multi
285 2241 458 2275 cadebant
474 2241 604 2286 passim
623 2254 664 2275 ex
680 2240 886 2275 vulneribus
897 2267 905 2280 ,

158 2291 204 2325 Et
219 2292 286 2337 ipsi
305 2305 340 2326 se
356 2293 632 2338 comprimentes
649 2293 687 2326 in
705 2298 855 2337 angusto
876 2290 982 2325 exitu.

112 2340 208 2377 1145
234 2344 499 2379 Abominabilis
516 2345 651 2378 clamor
667 2344 705 2377 in
721 2356 819 2378 sacra
838 2344 947 2376 domo

154 2394 329 2430 Resonuit
341 2408 382 2429 ex
389 2396 481 2430 saxis
493 2410 499 2435 ;
511 2403 701 2442 postquam
712 2402 787 2430 erat
797 2393 1101 2440 tranquillitasffi),

141 2495 171 2525 2)
192 2496 219 2518 et
238 2495 284 2518 det
302 2501 344 2525 op.
364 2495 380 2519 ι’.
398 2496 435 2524 s.]
457 2495 496 2519 sic
513 2495 562 2518 Ed.
580 2495 670 2520 t562.:
691 2496 739 2519 Ed.
758 2495 829 2519 1553,
852 2498 878 2518 et
899 2495 944 2518 dat
963 2500 1005 2524 op.
1028 2494 1045 2518 i.
1065 2501 1104 2521 s.;
1126 2483 1130 2535 1

175 2529 259 2567 juditt.
276 2532 399 2568 recent&
432 2531 500 2554 Erat
519 2532 608 2553 autem
630 2528 716 2561 [Fix.:
747 2531 875 2559 eratque]
899 2530 1056 2559 occupatus
1077 2529 1102 2552 in

177 2569 299 2587 incausts
318 2564 446 2588 victimis.

141 2604 171 2635 3)
191 2605 254 2635 Isti]
272 2607 312 2629 sie
331 2607 413 2632 Editt,
431 2607 518 2636 1558.,
538 2607 630 2636 1562.;
654 2608 773 2639 Musgr.,
800 2607 874 2631 Fix.:
896 2607 981 2637 fluit-3
1009 2607 1103 2630 [ἴω-ιω

178 2640 234 2663 Hoc
253 2642 344 2664 autem
363 2642 395 2666 in
415 2642 476 2666 loco
496 2641 603 2673 (Eun-ip.
624 2639 722 2674 Τῲδε).

142 2682 189 2714 aa)
210 2684 633 2715 postquamerattranquillitas]
651 2684 983 2715 sicEdittv15-38.,1562.;
1003 2685 1102 2709 Barn.:

176 2723 225 2741 ceu
245 2719 335 2742 autem
354 2718 557 2749 tranquillitas

110 2758 287 2788 amin-w.
307 2759 412 2790 open.
444 2760 529 2790 Vot.
547 2760 668 2790 xvm.

688 105 1085 141 INTERPRETATIO
1112 103 1478 141 ANDROMACHES
1503 101 1754 138 EURIPIDIS.

1127 2729 1130 2745 1

2094 111 2168 145 610

1222 191 1326 225 Stetit
1342 191 1508 225 dominus
1524 191 1644 224 lucens
1660 190 1697 222 in
1713 190 1908 235 splendidis
1926 193 2046 233 armis,

1221 242 1435 288 Priusquam
1454 242 1582 289 aliquis
1599 241 1720 275 sonuit
1737 254 1777 275 ex
1792 243 1917 276 mediis
1935 245 2053 289 adytis

1221 294 1448 327 Terribiliter
1483 301 1517 327 et
1550 292 1770 327 horribiliter
1782 320 1790 334 ,
1832 300 1866 327 et
1894 295 2033 339 impulit
2072 310 2168 331 exer—

1577 351 1684 378 citum

1173 394 1269 429 1150
1298 395 1518 429 Convertens
1539 396 1582 427 ad
1603 408 1772 439 pugnam.
1807 395 1857 428 11ιί
1875 398 1967 430 cadit
1983 398 2130 434 Achillis

1220 446 1351 487 Filius,
1378 446 1584 479 vulneratus
1600 446 1637 478 in
1656 447 1767 480 latere
1786 454 1888 480 acuto
1905 450 2021 491 gladio

1219 497 1250 530 A
1265 497 1342 530 viro
1358 495 1532 541 Delphico
1546 524 1553 535 ,
1583 498 1643 541 qui
1661 510 1740 529 eum
1762 499 1916 541 perdidit

1221 549 1310 582 Cum
1329 549 1450 582 multis
1469 548 1557 582 aliis.
1612 548 1807 592 Postquam
1829 551 1871 581 ad
1891 557 2020 585 terram
2039 555 2143 593 cadit,

1221 601 1310 644 Quis
1330 612 1404 633 non
1421 600 1554 632 ferrum
1576 598 1718 643 adegit?
1746 600 1824 644 quis
1843 612 1915 633 non
1935 615 2057 637 saxum

1171 651 1268 686 1155
1296 650 1450 689 laciens,
1483 650 1640 684 seriens?
1691 649 1950 695 Consumptum
1976 661 2024 687 est
2050 663 2162 690 totum

1581 713 1710 745 corpus

1219 751 1414 787 Pulchrum
1431 765 1449 786 a
1466 753 1603 796 magnis
1623 753 1841 788 vulneribus,

1218 806 1335 839 Porro
1353 806 1507 838 cadaver
1524 805 1644 838 iacens
1661 810 1743 837 ante
1763 805 1874 838 altare
1887 832 1895 845 ,

1216 856 1408 890 Eiecerunt
1425 862 1520 889 extra
1539 868 1679 889 sacrum
1698 856 1883 901 templum.

1218 909 1293 943 Nos
1310 909 1510 941 auferentes
1527 907 1709 940 celerrime
1726 908 1911 945 manibus,

1137 980 1146 1000 ιι
1171 959 1268 994 1160
1296 959 1487 992 Portamus
1503 971 1582 992 eum
1601 958 1664 991 tibi
1684 959 1887 992 deflendum
1904 957 2098 1006 lachrymis
2111 991 2118 1001 ,

1218 1011 1263 1044 lit
1277 1011 1470 1054 lugendum
1483 1037 1492 1049 ,
1519 1022 1624 1044 senex
1636 1037 1644 1050 ‚
1672 1017 1706 1043 et
1721 1012 1924 1044 ornandum
1944 1013 2136 1056 sepultura.

1218 1062 1321 1095 Talia
1341 1062 1491 1106 Apollo,
1521 1061 1580 1106 qui
1601 1061 1815 1095 vaticinatur
1832 1062 1930 1102 aliis,

1218 1113 1263 1146 Et
1280 1120 1330 1147 est
1347 1113 1450 1146 iudex
1466 1112 1621 1146 iustitiae
1640 1113 1805 1147 omnibus
1822 1111 2029 1149 hominibus
2041 1143 2049 1155 ,

1218 1165 1315 1198 Fecit
1331 1164 1402 1197 silio
1420 1162 1567 1197 Achillis
1584 1164 1682 1196 danti
1702 1176 1853 1208 poenas;

1171 1217 1266 1250 1165
1293 1215 1339 1248 Et
1356 1216 1563 1249 recordatus
1580 1221 1650 1255 est,
1678 1215 1768 1249 sicut
1786 1217 1902 1250 malus
1920 1214 2029 1250 homo
2042 1245 2050 1257 ,

1217 1267 1343 1300 Vetera
1364 1268 1495 1311 iurgia:
1525 1268 1708 1311 quomodo
1728 1274 1815 1301 esset
1832 1267 1996 1312 sapiens?

1218 1321 1313 1353 (Ἰιον.
1342 1319 1452 1364 Atqui
1474 1319 1547 1361 ipse
1565 1330 1625 1350 rex
1647 1325 1803 1362 gestatur

1216 1369 1267 1402 Ex
1287 1376 1379 1402 terra
1399 1366 1569 1413 Delphica
1588 1370 1748 1403 domum.

1216 1421 1343 1460 Miser,
1371 1421 1425 1454 cui
1444 1420 1593 1460 accidit,
1622 1421 1728 1454 miser
1746 1434 1851 1454 senex

1167 1472 1263 1506 1170
1290 1471 1335 1504 Et
1356 1478 1410 1509 tu;
1440 1471 1569 1515 recipis
1588 1472 1683 1504 enim
1701 1470 1898 1506 Achilleum

1212 1523 1354 1556 Pullum
1376 1522 1413 1555 in
1432 1524 1555 1562 aedes,
1582 1534 1655 1555 non
1674 1529 1713 1557 ut
1728 1529 1766 1556 tu
1785 1525 1847 1559 vis.

1213 1573 1289 1618 lpse
1306 1574 1430 1607 incidit
1450 1575 1485 1607 in
1504 1574 1595 1606 mala
1615 1575 1766 1613 damna,

1214 1625 1271 1659 Tu
1289 1625 1442 1659 incidisti
1460 1626 1495 1657 iu
1514 1625 1606 1658 idem
1624 1626 1748 1659 satum.

1214 1678 1283 1710 Pel.
1313 1676 1391 1710 Heu
1408 1674 1517 1716 mihi,
1545 1677 1649 1722 quale
1669 1678 1802 1709 malum
1825 1678 1926 1712 video

1164 1727 1261 1763 1175
1290 1727 1385 1768 Hoc,
1415 1734 1447 1760 et
1465 1727 1598 1771 reprio
1617 1741 1724 1761 mann
1746 1728 1783 1760 in
1801 1730 1904 1764 aedes
1923 1734 2044 1766 meas?

1213 1779 1290 1812 Heu
1310 1777 1417 1819 mihi,
1444 1777 1489 1812 ali
1508 1777 1569 1811 ah!

1211 1831 1243 1863 Ο
1260 1831 1343 1864 urbs
1360 1828 1562 1864 Thessalica
1577 1855 1586 1870 ,
1613 1830 1804 1874 periimus,

1212 1882 1408 1922 l'eriimus,
1433 1894 1507 1915 non
1525 1882 1678 1924 amplius
1695 1879 1784 1915 mihi
1800 1882 1902 1915 liberi
1921 1895 1961 1916 ex
1980 1898 2107 1929 genere

1211 1934 1410 1978 Supersunt
1426 1933 1463 1966 in
1481 1933 1625 1966 aedibus
1638 1960 1646 1971 ,

1163 1986 1260 2019 1180
1289 1985 1322 2018 O
1341 1997 1404 2028 ego
1422 1985 1546 2017 acerba
1567 1996 1710 2029 passus,
1738 1984 1776 2017 in
1795 1997 1899 2030 quem

1210 2036 1373 2069 Amicum
1394 2036 1515 2070 oculos
1533 2035 1725 2069 coniiciens
1742 2036 1970 2070 delectabor?

1210 2087 1242 2120 O
1259 2085 1406 2121 charum
1428 2100 1486 2128 os,
1515 2093 1549 2120 et
1567 2099 1677 2131 genae
1696 2093 1730 2119 et
1750 2100 1877 2122 manus
1890 2115 1898 2128 ,

1210 2138 1358 2172 Utinam
1376 2145 1409 2172 te
1428 2140 1473 2171 ad
1489 2137 1593 2172 Ilium
1612 2138 1845 2173 interfecisset
1861 2140 1975 2173 fatum

1208 2190 1264 2223 Ad
1280 2190 1377 2224 littus
1396 2189 1600 2226 Simoentis.

1160 2239 1256 2276 1185
1285 2243 1383 2277 Chor.
1418 2240 1485 2276 Iste
1516 2241 1640 2276 fuisset
1669 2239 1806 2276 honore
1839 2243 1984 2276 affectus
1996 2268 2004 2281 ,
2048 2255 2067 2275 o
2103 2255 2154 2277 se-

1563 2305 1651 2333 nex,
1679 2300 1763 2327 tunc

1206 2343 1394 2385 Mortuus,
1424 2351 1457 2378 et
1483 2345 1579 2390 quod
1603 2345 1646 2377 ad
1673 2351 1706 2377 te
1729 2343 1874 2385 attinet,
1910 2350 1998 2378 esset
2025 2345 2153 2378 tolera-

1567 2395 1684 2429 bilius.

1205 2447 1277 2480 Pel.
1305 2446 1337 2479 O
1357 2446 1522 2491 nuptiae,
1550 2458 1570 2479 o
1587 2446 1755 2490 nuptiae,

1206 2497 1307 2542 Quae
1326 2495 1390 2531 has
1407 2499 1509 2532 aedes
1526 2503 1559 2530 et
1578 2510 1695 2531 meam
1717 2497 1841 2531 urbem

1206 2549 1434 2588 perdidistis,
1463 2547 1508 2582 ah
1532 2546 1596 2589 ah,
1625 2547 1670 2582 ah
1699 2546 1764 2588 ah,
1793 2561 1813 2582 o
1833 2548 1881 2582 fili
1894 2576 1901 2585 ,

1158 2600 1254 2634 1190
1282 2600 1475 2646 Nunquam
1495 2601 1653 2635 infelices
1670 2600 1813 2645 nuptias
1830 2607 1907 2634 tuas

1208 2651 1339 2684 Debuit
1356 2651 1392 2684 iu
1410 2664 1528 2686 meum
1546 2664 1656 2696 genus
1673 2659 1707 2686 et
1722 2652 1813 2685 filios
1833 2659 1867 2685 et
1886 2654 2032 2685 domum

1206 2703 1379 2747 Recipere

1517 2755 1566 2788 39
