2373 2980
101 70 180 106 957
579 70 684 105 LXX.

441 132 668 203 {strophe
699 155 757 205 1.]

153 225 321 265 Amicam,
348 223 460 258 libens
478 224 596 269 recepi
614 237 732 259 meum
750 225 918 259 maritum
931 253 939 266 ,

153 275 345 320 Implicans
363 275 516 308 amicam
534 288 683 309 manum

102 327 178 365 635
203 327 243 360 In
260 327 366 371 longa
383 326 526 359 flamma
544 327 673 361 lucida.

151 380 248 413 Men.
276 377 323 412 Et
341 390 405 422 ego
423 384 476 418 te,
503 376 638 412 habens
654 379 785 412 multos
803 391 987 412 sermones

152 429 191 463 ln
209 430 328 463 medio
353 429 569 474 propositos.

151 481 298 522 Nescio,
323 482 417 515 unde
435 480 592 525 primurn
611 492 706 514 nunc
724 480 907 525 incipiam.

446 554 659 603 [Strophe
687 555 753 604 2.]

149 624 224 658 Hel.
254 624 420 661 Gaudeo3
450 635 569 657 comas
586 623 623 656 in
642 624 756 669 capite
775 625 969 668 pendentes

150 675 310 709 Demitto
329 681 369 709 ut
385 675 477 715 alas,
506 681 541 708 et
556 675 650 709 stillo
667 673 879 720 lachrymas.

99 726 174 761 640
203 726 302 760 Circa
324 727 485 760 membra
503 739 631 760 manus
654 727 738 767 ieci,

153 778 200 812 Ut
220 779 441 822 voluptatem
462 778 612 821 capiam.

149 829 182 862 O
201 830 348 869 marite,
378 841 397 862 ο
420 829 704 862 amantissimum
725 829 941 871 adspectum.

449 903 661 952 [strophe
689 901 751 951 3.]

149 974 246 1007 Men.
275 972 359 1006 Non
378 969 614 1017 reprehendo.

148 1023 272 1057 Habeo
291 1023 478 1068 coniugem
496 1022 606 1056 filiam
623 1020 716 1056 Iovis
734 1029 767 1055 et
785 1021 902 1053 Ledae
914 1049 922 1059 ,

97 1073 172 1109 645
197 1075 315 1120 Quam
329 1101 339 1114 ‚
367 1076 462 1120 quod
483 1075 527 1107 ad
546 1074 690 1117 nuptias
709 1073 784 1106 eius
803 1073 948 1111 attinet,
976 1073 1037 1104 filii

144 1126 291 1172 Equites
321 1126 448 1160 fratres
483 1127 654 1164 bearunt,
695 1125 794 1168 prius
826 1130 944 1157 autem
971 1124 1030 1156 Dii
1056 1136 1095 1156 ex

507 1175 654 1208 aedibus
677 1175 910 1208 abstulerunt.

145 1227 242 1261 Deus
259 1227 355 1261 ducit
381 1233 414 1260 te
439 1228 484 1259 ad
509 1227 616 1259 aliam
644 1226 880 1259 calamitatem
909 1226 1092 1259 meliorem

507 1277 580 1311 illa.

146 1328 235 1362 Illud
261 1330 396 1363 malum
424 1331 513 1361 bene
547 1330 690 1367 cecidit,
736 1329 975 1373 coniunxitffl)
1003 1335 1034 1359 te
1062 1336 1090 1359 et

513 1392 568 1412 me
584 1386 752 1411 maritum

94 1429 169 1464 650
197 1431 301 1468 Sex-m
327 1432 386 1464 sed
407 1436 526 1463 tamen
546 1431 708 1463 fruamur
723 1428 787 1463 hac
807 1431 963 1463 fortuna.

143 1482 219 1515 Hel.
246 1481 393 1515 Fruaris
409 1493 514 1521 sane,
543 1494 607 1526 ego
623 1482 716 1514 idem
737 1488 833 1525 opto.

144 1533 235 1567 Nam
254 1545 332 1566 cum
352 1534 423 1566 duo
444 1534 572 1573 simus,
599 1545 674 1565 non
691 1539 809 1576 potest
826 1532 899 1565 fieri
913 1560 920 1570 ,
948 1539 982 1565 ut
1002 1545 1091 1565 unus
1118 1533 1119 1543 ³

514 1583 558 1617 sit
576 1584 702 1623 miser,
731 1585 819 1617 alter
835 1596 920 1617 non.

440 1658 654 1707 [strophe
682 1659 742 1707 4.]

143 1728 291 1762 Amicae
305 1754 314 1768 ,
340 1728 462 1772 priora

143 1779 224 1813 Non
244 1779 396 1823 amplius
414 1779 587 1823 gemimus
600 1806 609 1818 ,
639 1791 754 1824 neque
774 1778 896 1815 doleo;

93 1829 166 1865 655
195 1830 318 1864 Habeo
337 1843 455 1864 meum
476 1830 666 1870 maritum,

143 1882 258 1927 Quem
278 1882 460 1926 expectavi
479 1894 520 1915 ex
536 1881 646 1914 Troia

142 1934 229 1966 Post
245 1934 378 1967 multos
402 1945 515 1966 annos
533 1940 737 1966 venturum.

141 1987 238 2020 Men.
266 1984 402 2024 Habes,
429 1990 464 2017 et
478 1996 542 2028 ego
560 1990 610 2022 te;
638 1989 719 2028 post
735 1983 866 2016 multos
884 1983 985 2016 soles.

141 2035 209 2069 Vix
226 2036 370 2070 veniens
387 2036 432 2068 ad
452 2042 505 2075 te,
533 2035 627 2069 sensi
642 2034 811 2068 beneficia
831 2033 939 2067 Deae.

439 2110 651 2159 [Strophe
681 2108 743 2157 5.]

89 2181 164 2216 660
191 2179 281 2214 Istae
300 2192 399 2213 meae
419 2177 622 2225 lachrymae
638 2185 786 2223 propter
803 2178 971 2222 gaudium

139 2232 225 2266 Plus
242 2229 376 2265 habent
391 2231 527 2275 gratiae
546 2243 653 2276 quam
675 2230 850 2264 tristitiae.

139 2284 214 2318 Hel.
231 2282 328 2328 Quid
345 2282 484 2316 dicam?
508 2282 586 2328 quis
601 2279 788 2315 hominum
806 2279 894 2314 haec
911 2280 1085 2326 sperarit?
1110 2279 1112 2328 j

138 2335 288 2368 Praeter
304 2333 511 2378 opinionem
530 2332 645 2367 habeo
662 2340 696 2366 te
713 2334 757 2366 ad
778 2339 910 2378 pectus.

138 2387 235 2420 Men.
279 2384 326 2418 Et
356 2397 421 2428 ego
454 2391 508 2425 te,
550 2397 642 2431 quae
664 2384 842 2418 videbaris
875 2385 918 2417 ad
941 2382 1081 2416 Idaeam

502 2436 625 2469 urbem
638 2463 646 2476 ‚

87 2486 162 2522 665
189 2487 235 2521 Et
252 2488 399 2521 miseras
417 2494 531 2521 turres
548 2486 602 2520 Ilii
619 2487 735 2521 ivisse.

137 2539 330 2585 Quomodo
351 2553 367 2572 a
385 2539 462 2572 Diis
485 2538 588 2572 missa
608 2552 643 2572 es
661 2552 702 2572 ex
722 2551 796 2571 mea
813 2538 946 2570 domo?

120 2647 169 2676 43)
187 2647 340 2676 coniunxit]
360 2647 400 2671 sic
419 2649 467 2676 (=
486 2646 570 2677 Eurip
598 2644 750 2678 συνάγαγε)
780 2646 863 2671 Editt.
884 2647 956 2670 1558.
983 2649 1009 2670 et
1034 2652 1078 2670 re-
1104 2672 1105 2675 Ἰ

156 2684 255 2713 centt.;
274 2682 322 2707 Ed.
338 2682 411 2707 1562.
431 2682 559 2707 coniunx.

747 70 1145 107 lNrL‘RPRETATlO
1181 75 1406 109 HELENAE
1440 75 1690 110 EURIPIDIS.

2083 79 2154 114 958

1501 161 1714 210 [Strophe
1743 162 1805 210 6.]

1205 224 1280 256 Hel.
1312 222 1387 255 Heu
1408 221 1495 262 heu,
1522 223 1616 255 redis
1634 223 1675 255 ad
1697 223 1862 256 acerbum
1882 224 2110 269 principium.

1206 274 1283 306 lleu
1304 272 1391 313 heu,
1421 275 1584 307 acerbam
1606 274 1737 306 faniam
1757 275 1910 319 quaeris.
2074 304 2077 308 .

1205 326 1302 358 Men.
1331 325 1415 365 Dic,
1445 325 1526 371 quia
1547 325 1666 357 onmia
1685 325 1844 358 Deorum
1863 327 1956 359 dona
1982 334 2063 360 sunt
2087 340 2147 360 au—

1127 413 1128 421 }
1571 377 1711 410 dienda.

1156 424 1229 458 670
1258 427 1330 459 Hel.
1360 427 1560 459 Abominor
1577 425 1671 460 hunc
1689 441 1912 470 sermonem,
1942 430 2081 475 qualem
2102 430 2150 462 as-

1563 480 1685 513 serani.

1205 528 1300 561 Men.
1328 529 1640 568 Aita1m111dici10;
1677 532 1777 565 dulce
1801 539 1851 565 est
1876 533 2077 566 meminisse
2101 533 2149 565 la—

1571 582 1711 616 borum.

1497 645 1710 693 [Strophe
1747 648 1808 696 7.]

1201 704 1276 736 Hel.
1305 703 1387 737 Non
1404 706 1447 737 ad
1466 703 1663 739 thalamum
1679 709 1824 742 barbari
1844 710 2074 743 adolescentis

1206 754 1386 788 Volitante
1404 758 1508 789 venio
1526 769 1646 797 remo,

1203 805 1269 838 Sed
1289 807 1460 840 volitante
1474 820 1596 841 amore
1614 815 1647 841 et
1665 810 1801 844 miseris
1819 812 1951 856 nuptiis
1960 812 2018 858 ²¹¹¹).

1152 854 1225 890 675
1252 859 1346 891 Men.
1382 858 1470 903 Quis
1496 859 1591 893 Deus
1615 867 1673 893 aut
1700 863 1795 906 quod
1824 864 1935 896 satum
1961 863 2089 907 spoliat
2115 870 2146 895 te

1564 910 1708 955 patria?

1490 975 1706 1023 [Strophe
1735 977 1795 1025 8.]

1200 1034 1274 1067 Hel.
1304 1033 1413 1068 Filius
1432 1033 1524 1069 lovis
1538 1062 1546 1076 ‚
1575 1049 1594 1069 ο
1613 1037 1759 1077 marite,

1197 1084 1254 1117 Me
1274 1086 1434 1119 admovit
1452 1086 1548 1120 Nilo.

1199 1137 1296 1171 Men.
1323 1136 1488 1171 Miranda
1509 1140 1551 1172 de
1567 1139 1749 1180 mittente,
1779 1153 1799 1173 ο
1819 1141 1927 1175 miros
1945 1142 2143 1175 sermones!

1494 1205 1704 1254 [Strophe
1731 1207 1793 1256 9.]

1198 1266 1272 1298 Hel.
1301 1264 1374 1299 lam
1394 1265 1597 1313 lachrymo,
1627 1275 1660 1301 et
1676 1269 1864 1313 palpebras
1883 1267 2049 1303 humecto

1148 1315 1221 1349 680
1247 1316 1475 1362 Lachryinis;
1504 1320 1659 1352 coniunx
1677 1319 1769 1354 lovis
1790 1334 1845 1354 me
1864 1321 2017 1365 perdidit

1200 1366 1297 1401 luno.
1352 1371 1445 1403 Illen.
1475 1370 1576 1414 Quae
1594 1372 1686 1404 mala
1706 1373 1828 1406 volens
1847 1372 2001 1407 addere?

1482 1436 1696 1484 [Strophe
1726 1439 1811 1489 10.]

1199 1494 1352 1542 Ilel.³'⁴a)
1381 1495 1446 1529 Hei
1465 1510 1541 1530 mea
1560 1499 1651 1531 mala
1669 1499 1809 1533 lavacra
1828 1508 1860 1534 et
1878 1501 1993 1535 fontes
2010 1500 2087 1535 illos
2100 1529 2108 1541 ,

1199 1546 1267 1579 Ubi
1287 1546 1384 1580 Deae
1403 1548 1555 1582 formam
1575 1558 1771 1592 ornarunt,

1196 1597 1299 1631 Unde
1317 1598 1486 1633 iudicium
1505 1601 1613 1634 venit.

1145 1647 1218 1681 685
1245 1651 1340 1683 Men.
1369 1650 1424 1683 An
1442 1650 1529 1684 luno
1548 1650 1633 1685 llaec
1654 1654 1743 1687 mala
1772 1655 1835 1687 tibi
1862 1655 1897 1687 in
1924 1655 1983 1687 illo
2010 1653 2140 1687 iudicio

1555 1703 1660 1737 fecit?

1475 1769 1690 1818 [Strophe
1720 1772 1805 1821 11.]

1191 1829 1266 1862 Hel.
1294 1828 1432 1869 Venus,
1463 1838 1499 1863 ut
1519 1831 1584 1865 sibi
1602 1833 1883 1880 aluluceretflb).
1913 1836 2009 1870 Men.
2038 1837 2137 1881 Quo-

1554 1883 1688 1919 modo?
1715 1886 1781 1919 dic.

1191 1931 1265 1964 Hel.
1285 1931 1541 1980 Paridq11>14⁴c)‚
1570 1935 1624 1968 cui
1645 1938 1943 1982 megpromiserat.
1991 1939 2087 1973 Men.
2105 1939 2137 1972 O

1552 1999 1693 2021 nnsera.

1191 2034 1266 2067 Hel.
1295 2034 1425 2068 Misera
1448 2048 1511 2080 ego
1528 2037 1576 2070 sic
1594 2039 1716 2082 appuli
1733 2039 1767 2071 in
1786 2040 1999 2085 Aegyptum.

1191 2085 1287 2119 Men.
1315 2085 1453 2120 Deinde
1470 2089 1568 2121 dedit
1586 2102 1650 2133 pro
1671 2096 1702 2122 te
1726 2090 2000 2131 simulachrum,
2035 2099 2073 2124 ut
2096 2104 2135 2124 ex

1549 2146 1582 2173 te
1608 2142 1727 2175 audio.

1468 2205 1683 2254 [Stroplze
1714 2208 1800 2258 12]

1139 2261 1213 2295 690
1240 2265 1314 2298 Hel.
1342 2263 1415 2299 Iam
1437 2267 1529 2300 mala
1547 2267 1584 2301 in
1603 2269 1768 2311 aedibus,

1187 2311 1244 2347 Ah
1263 2323 1388 2350 mater.
1440 2320 1537 2352 Men.
1567 2319 1661 2364 Quid
1682 2320 1759 2356 ais?

1187 2367 1259 2400 Hel.
1280 2366 1396 2401 Mater
1412 2375 1461 2402 est
1479 2377 1632 2405 mortua.
1650 2371 1835 2419 Laqueum
1852 2375 2131 2419 strangulantem

1168 2475 1215 2501 44)
1236 2475 1263 2497 et
1281 2474 1393 2498 miseris
1414 2474 1539 2507 nuptiis]
1559 2476 1599 2500 sie
1616 2478 1697 2501 Editt.
1717 2479 1803 2506 1553..
1825 2480 1915 2509 1562.;
1936 2482 2032 2512 ωιτη,
2053 2483 2128 2504 Mus-

1202 2514 1279 2538 grav.
1301 2508 1349 2539 (Ξ
1366 2512 1430 2533 text.
1450 2512 1506 2540 gr.)
1526 2511 1690 2536 miserarum
1710 2514 1873 2543 nuptiarum.

1168 2541 1237 2572 44³)
1257 2543 1335 2572 Hel]
1362 2545 1402 2566 sic
1423 2545 1503 2569 ΕΔΜ.
1529 2549 1633 2571 recent.

1199 2577 1226 2600 in
1246 2578 1329 2603 Editt.
1351 2579 1441 2603 1558..
1464 2580 1536 2603 1562.
1556 2581 1643 2605 deest.

1167 2608 1238 2650 4⁴1³)
1260 2612 1373 2642 Venus,
1410 2615 1440 2636 ut
1464 2614 1516 2637 sihi
1539 2615 1709 2647 abduceret]
1741 2617 1781 2641 sic
1808 2619 1890 2642 Emit.
1911 2619 2002 2650 1558„
2037 2621 2129 2650 1562.;

1201 2646 1278 2671 Fur:
1305 2647 1340 2670 Ut
1358 2648 1497 2672 nimirum
1515 2656 1558 2674 me
1578 2651 1680 2674 veneri
1700 2653 1832 2677 auferret.

1164 2681 1232 2706 44⁴³)
1251 2681 1391 2711 Paridem]
1411 2683 1452 2707 sie
1467 2683 1652 2716 mitti-558„
1675 2687 1767 2717 ¹562.;
1787 2687 1869 2711 Editt.
1885 2690 2005 2713 recent*
2028 2689 2129 2717 Paridi,

1663 2550 1763 2578 (aeque
1789 2555 1820 2572 ac
1845 2550 1892 2573 Ed.
1914 2549 1997 2574 Basii.
2025 2551 2131 2578 1551.)2
