2373 2980
109 87 182 126 325

160 173 375 208 Convivium
416 171 573 204 immane
617 178 897 218 montanamque
936 172 1102 206 abiectio-

521 235 602 256 nem
614 246 624 263 ,

157 273 459 309 Ubi-consistam?
494 286 565 319 quo
582 274 746 308 flectam?
779 287 850 320 quo
867 273 1024 308 vadam?

110 327 208 361 1080
234 325 343 359 Navis
362 325 667 370 quemadmodum
686 326 833 360 marinis
849 326 992 360 funibus

156 376 210 410 Ex
226 376 320 415 linea
336 377 406 409 tela
424 377 542 410 velum
559 376 703 410 mittens
716 403 725 417 ,

154 427 212 460 Ad
229 427 324 460 istud
342 426 520 460 coniectus
537 439 616 461 sum

155 477 352 511 Librorum
367 490 530 515 meorum
555 484 672 511 custos
682 503 691 517 ‚

155 528 307 562 Exitiale
327 529 465 562 cubile.'
526 555 527 559 ,

105 579 205 615 1085
234 581 330 615 Chor.
356 579 388 613 O
412 578 551 618 infelix,
589 590 698 623 quam
723 577 788 610 tibi
815 577 852 610 in
875 584 908 611 te
933 577 1101 610 intolera-

221 628 224 630 ’
514 629 598 662 bilia
616 634 819 673 perpetrata
839 635 921 661 sunt
940 629 1049 661 mala!

154 680 345 721 „Facienti
361 692 445 713 vero
462 680 579 724 turpia
602 692 724 713 saevas
746 691 879 723 poenas

155 731 284 771 „Deus
299 732 417 771 dedit,
445 731 649 776 quicunque
667 736 718 764 est
734 730 799 762 tibi
816 731 983 764 infensus.

153 783 226 815 Pol.
252 780 308 814 Ab
331 779 388 815 ah.
441 780 478 814 Io
495 779 672 814 Thraciae

152 832 331 866 Hastisera
354 838 491 864 armata

104 883 203 919 1090
230 883 414 927 Equestris
434 883 600 915 bellicosa
627 894 723 926 gens.

154 933 190 967 lo
208 932 362 974 Achaei,
389 934 423 967 io
441 934 599 966 Atridae.

153 985 377 1025 Clamorem,
403 985 595 1017 clamorem
622 984 736 1016 clamo
756 984 948 1016 clamorem
961 1009 970 1022 ‚

152 1034 222 1075 Ite,
248 1035 316 1075 ite,
344 1036 459 1068 venite
484 1048 546 1079 per
562 1035 669 1068 Deos.

151 1086 263 1120 Audit
279 1086 381 1131 quis?
422 1087 480 1120 An
496 1098 602 1118 nemo
622 1098 727 1130 opem
744 1085 835 1119 sert?
878 1084 939 1130 qui
955 1090 1098 1118 cuncta-

515 1136 631 1169 mini?

103 1186 202 1223 1095
231 1187 402 1220 Mulieres
419 1188 655 1230 perdiderunt
677 1199 733 1219 me

152 1238 322 1271 MuIIeres
342 1238 514 1281 captivae.

151 1288 368 1328 Horribilia‚
394 1285 582 1320 horribilia
604 1287 699 1331 passi
717 1300 849 1321 sumus.

151 1340 185 1373 O
203 1337 293 1372 mihi
311 1339 356 1371 ob
374 1351 493 1372 meum
515 1338 676 1371 exitium!

151 1391 235 1435 Quo
253 1388 397 1422 vertar?
425 1401 496 1434 quo
522 1388 607 1421 ibo?

101 1441 201 1475 1100
230 1441 360 1473 Aerem
385 1451 431 1472 an
450 1439 576 1473 volans
600 1439 786 1473 coelestem

149 1491 270 1523 Altam
289 1491 327 1522 in
348 1491 516 1529 domum,
543 1490 661 1523 Orion

149 1543 223 1575 Aut
239 1540 351 1574 Sirius
365 1541 427 1584 ubi
441 1540 532 1584 iguis
553 1541 738 1574 flammeos
748 1540 794 1587 5⁰)

149 1592 295 1636 Spargit
311 1592 355 1625 ab
375 1592 485 1625 oculis
500 1591 645 1625 radios?

100 1641 199 1678 1105
226 1643 299 1676 Aut
319 1643 364 1676 ad
379 1642 540 1676 Platonis
559 1649 678 1676 atrum

148 1693 266 1728 Littus
283 1693 420 1727 saltabo
445 1692 578 1726 miser?

150 1747 249 1780 Ghor.
279 1743 569 1789 „Ignoscendum
589 1750 656 1784 est,
685 1744 829 1790 quando
849 1744 926 1789 quis
946 1745 1096 1786 maiora,

514 1806 623 1840 quam
642 1802 683 1828 ut
696 1797 788 1829 ferre
804 1795 935 1839 possit,
963 1798 1056 1830 mala

147 1845 339 1886 ‚‚Patitur‚
365 1845 533 1879 miseram
550 1847 647 1891 quod
670 1846 789 1891 cupiat
805 1854 945 1880 mutare
963 1849 1085 1882 vitam.

148 1899 270 1940 Ayam.
308 1896 474 1930 Clamore
498 1897 622 1930 audito
646 1898 746 1936 veni;
782 1910 857 1930 non
879 1899 974 1931 enim
1000 1906 1098 1933 tran-

534 1948 621 1982 uilla

99 1997 198 2032 1110
226 1996 339 2041 Rupis
378 1961 571 2032 montaiiae
604 1999 676 2032 filia
710 1999 870 2033 insonuit
900 2013 964 2045 per
1000 2014 1098 2035 exer-

504 2050 636 2090 citum,

148 2096 246 2131 Echo
266 2099 442 2143 praebens
466 2101 671 2135 tumultum.
725 2101 762 2135 Si
783 2114 868 2135 vero
891 2115 966 2136 non
983 2102 1097 2150 Phry-

513 2164 596 2195 gum

148 2200 284 2234 Turres
311 2202 417 2246 ⁴quod
449 2202 656 2236 cecidissent
687 2203 909 2238 scivissemus
941 2205 1097 2239 Graeco-

511 2266 591 2287 rum
610 2252 712 2287 hasta
723 2280 733 2294 ‚

148 2301 339 2335 Terrorem
353 2304 574 2347 praebuisset
583 2317 657 2338 non
672 2304 888 2338 mediocrem
905 2303 963 2339 hic
977 2319 1096 2342 sonus.

150 2353 221 2385 Pol.
251 2352 283 2386 Ο
302 2352 524 2396 charissime!
553 2356 655 2390 Sensi
671 2356 787 2397 enim‚⁷
802 2357 1095 2401 oAgamemnou,

508 2413 569 2440 tua

136 2533 184 2564 50)
205 2535 295 2559 Altam
312 2548 346 2554 —-
364 2539 517 2569 flammeos]
543 2539 570 2564 hi
589 2539 641 2565 duo
664 2545 709 2565 VS.
738 2540 766 2564 in
785 2541 835 2566 Ed.
852 2542 935 2566 Bai-n.
967 2542 1096 2567 disiuncti

172 2570 237 2592 sunt
256 2569 283 2593 iu
303 2571 352 2595 hos
371 2573 445 2597 tres:

308 2613 399 2638 Altam
416 2615 444 2639 in
464 2616 587 2647 domum,

309 2647 412 2679 Orion,
439 2651 487 2674 aut
504 2651 611 2682 Sirius,

312 2681 363 2705 Ubi
380 2682 453 2714 iguis
471 2685 610 2710 flammeos

598 86 672 121 LV.
725 85 1122 121 INTERPRETATIO
1150 87 1375 121 HECUBAE
1408 87 1658 124 EURIPIDIS.

2074 93 2148 131 326

1158 173 1256 207 1115
1284 174 1381 207 Voce
1400 175 1532 210 audita.
1585 175 1713 216 Vides,
1742 188 1832 222 quae
1850 177 2033 221 patimur?

1207 228 1328 269 Ayam.
1356 227 1428 269 Age
1440 253 1448 266 ‚
1476 227 1702 271 Polymestor
1720 239 1740 260 o
1757 228 1897 267 infelix,
1926 231 2004 275 quis
2021 236 2053 263 te
2071 242 2149 274 per-

1568 278 1683 310 didit'?

1207 325 1296 369 Quis
1314 327 1455 359 oculum
1471 328 1553 360 fecit
1571 340 1711 361 caecum
1733 337 1923 364 cruentans
1942 332 2113 376 pupulas,

1209 375 1390 422 Filiosque
1408 375 1472 411 hos
1491 378 1689 411 interfecit?
1719 387 1810 413 certe
1828 394 1994 425 magnam
2013 382 2102 415 iram

1208 426 1406 461 Adversum
1435 434 1469 461 te
1493 434 1526 461 et
1547 429 1636 462 filios
1659 427 1801 470 habuit,
1846 433 2049 479 quicunque
2075 441 2151 467 erat

1576 491 1671 513 sane.

1159 528 1256 563 1120
1284 530 1357 562 Pol.
1386 529 1529 562 Hecuba
1546 543 1602 563 me
1623 543 1701 563 cum
1718 532 1924 567 mulieribus
1943 536 2090 579 captivis

1206 579 1380 613 Perdidit.
1433 580 1514 614 Non
1532 582 1706 625 perdidit,
1731 583 1790 615 sed
1808 584 1972 627 amplius.

1206 633 1328 674 Ayam.
1361 631 1456 675 Quid
1481 632 1589 666 dicis?
1634 633 1691 666 Tu
1724 631 1791 667 hoc
1824 646 1912 679 opus
1946 637 2075 676 fecisti,
2112 645 2151 671 ut

1573 683 1681 716 dicit?

1207 731 1263 764 Tu
1285 732 1484 773 audaciam,
1502 746 1522 767 o
1538 733 1694 774 Hecuba,
1716 736 1898 779 suscepisti
1915 737 2151 772 immensam?

1207 783 1280 816 Pol.
1314 783 1381 816 Hei
1406 783 1510 818 mihi!
1552 786 1636 830 quid
1661 786 1772 819 dicis?
1814 788 1916 821 Anne
1940 801 2052 834 prope
2078 789 2151 823 est?

1571 836 1657 869 ubi?

1520 887 1605 925 Dic,
1640 887 1700 920 ubi
1728 888 1802 922 est?
1847 896 1884 923 ut
1907 891 2050 935 rapiens
2078 905 2151 925 ma-

1569 939 1672 972 nibus

1207 985 1416 1030 Discerpam
1436 994 1470 1020 et
1490 996 1669 1022 eruentem
1691 1002 1830 1035 corpus.
1848 986 1850 988 V

1205 1039 1326 1080 Ayam.
1355 1037 1451 1072 Heus
1472 1040 1557 1084 quid
1579 1040 1735 1084 pateris?

1205 1089 1277 1121 Pol.
1304 1088 1374 1122 Per
1389 1089 1504 1123 Deum
1523 1098 1555 1124 te
1571 1103 1699 1135 precor
1710 1118 1718 1133 ‚

1205 1139 1287 1171 Sine
1304 1152 1360 1172 me
1379 1140 1572 1175 immittere
1589 1141 1670 1176 huic
1685 1144 1861 1176 furentem
1880 1158 2039 1180 manum.

1203 1192 1324 1233 Ayum.
1354 1191 1506 1226 Contine
1524 1200 1570 1233 te,
1599 1194 1741 1227 eiiciens
1759 1207 1868 1239 porro
1890 1208 1907 1229 e
1924 1200 2029 1232 corde
2047 1197 2149 1232 istam

1566 1245 1781 1280 barbariem.

1155 1291 1253 1325 1130
1281 1291 1348 1325 Dic
1361 1319 1369 1332 ‚
1399 1300 1437 1327 ut
1456 1296 1602 1330 audiens
1623 1303 1655 1329 et
1674 1304 1705 1330 te
1724 1295 1887 1343 hancque
1906 1313 1970 1344 per
1990 1301 2098 1341 vices,

1203 1341 1405 1377 Diiudicem
1424 1346 1532 1387 iuste,
1560 1359 1626 1391 pro
1647 1360 1718 1393 quo
1739 1351 1870 1392 pateriS
1887 1349 1985 1386 haec.

1204 1394 1276 1426 Pol.
1305 1394 1432 1429 Dicam
1450 1410 1545 1432 sane.
1580 1398 1670 1432 Erat
1687 1401 1863 1444 quispiam
1882 1402 2151 1438 Priamidarum

1571 1461 1760 1491 minimus,

1202 1494 1417 1541 Polydorus,
1446 1498 1611 1533 Hecubae
1628 1500 1731 1541 filius,
1761 1515 1865 1547 quem
1885 1515 1925 1536 ex
1935 1504 2045 1539 Troia
2062 1504 2151 1539 mihi

1202 1545 1310 1579 Pater
1327 1549 1565 1585 datPriamus
1584 1551 1620 1584 in
1640 1552 1806 1587 domibus
1823 1555 1867 1587 ad
1887 1557 2116 1592 nutriendum
2129 1585 2137 1599 ‚

1154 1595 1252 1630 1135
1279 1597 1353 1631 Iam
1371 1601 1554 1644 suspicans
1571 1604 1614 1635 de
1633 1602 1766 1637 Troiae
1789 1605 1936 1640 excidio.

1203 1648 1307 1682 Hunc
1339 1650 1518 1691 interseci;
1569 1655 1802 1699 quamobrem
1837 1663 1955 1691 autem
1991 1661 2150 1696 interfeci

1560 1704 1677 1748 ipsum
1689 1731 1698 1745 ,

1202 1751 1317 1791 Audi,
1347 1765 1454 1797 quam
1472 1754 1561 1788 hene
1581 1762 1614 1788 et
1632 1757 1785 1800 sapienti
1800 1760 2038 1802 providentia.

1203 1802 1315 1836 Metui
1327 1830 1336 1847 ,
1364 1816 1408 1837 ne
1425 1804 1488 1837 tibi
1507 1803 1617 1840 hostis
1636 1808 1779 1842 relictus
1796 1807 1852 1843 hic
1870 1824 1959 1855 puer

1202 1853 1354 1886 Troiam
1371 1855 1551 1900 colligeret
1568 1865 1601 1890 et
1618 1856 1795 1894 habitaret
1815 1861 1918 1901 olim3

1153 1905 1251 1940 1140
1296 1906 1385 1939 Cum
1415 1909 1664 1952 cognovissent
1692 1923 1777 1944 vero
1807 1912 1936 1947 Graeci
1965 1915 2150 1951 viventem

1563 1960 1832 1996 Priamidarum
1855 1965 2009 2010 aliquem
2023 1994 2031 2007 ‚

1203 2005 1388 2052 Phrygum
1417 2009 1459 2041 ad
1493 2016 1625 2044 terram
1656 2025 1779 2048 rursus
1812 2015 1978 2050 tollerent
2008 2020 2149 2063 expedi-

1567 2063 1701 2096 tionem
1713 2091 1721 2103 ‚

1202 2110 1248 2143 Et
1266 2111 1394 2144 deinde
1410 2109 1585 2147 Thracios
1605 2126 1750 2159 campos
1765 2123 1947 2151 vastarent
1966 2117 2031 2152 hos

1200 2162 1422 2206 Populantes
1434 2189 1442 2202 ,
1471 2163 1596 2198 vicinis
1614 2178 1698 2199 vero
1716 2173 1805 2200 esset
1821 2169 1955 2201 malum

1203 2213 1465 2253 Troianorum,
1493 2223 1643 2259 propter
1666 2218 1763 2262 quod
1787 2230 1902 2258 nunc,
1939 2232 1959 2251 o
1982 2233 2062 2261 rex,
2100 2222 2148 2254 la-

1562 2267 1781 2302 boravimus.

1154 2312 1252 2347 1145
1286 2314 1429 2348 Hecuba
1465 2328 1550 2349 vero
1583 2318 1646 2350 filii
1681 2331 1760 2351 cum
1794 2321 2019 2364 cognovisset
2046 2323 2147 2357 letale

1568 2369 1681 2402 fatum
1694 2395 1703 2409 ‚

1201 2416 1295 2449 Dolo
1315 2430 1371 2450 me
1387 2416 1594 2452 huiusmodi
1612 2420 1731 2461 duxit,
1760 2428 1932 2469 tanquam
1953 2426 2086 2458 occulte¹

1200 2468 1440 2512 Receptacula
1464 2469 1600 2503 dictura
1619 2469 1843 2507 Priamidtim
1861 2476 1924 2508 sub
1940 2474 2005 2509 Ilio

1199 2519 1301 2553 Auri.
1354 2519 1478 2553 Solum
1496 2533 1581 2554 vero
1599 2534 1678 2555 cum
1696 2523 1816 2558 liberis
1833 2538 1888 2559 me
1906 2526 2043 2560 inducit

1201 2568 1242 2602 In
1259 2571 1406 2611 domos,
1433 2578 1472 2604 ut
1490 2572 1578 2606 alius
1594 2585 1639 2606 ne
1657 2574 1762 2608 sciret
1778 2574 1877 2611 haec.

1152 2619 1251 2656 1150
1275 2621 1388 2656 Sedeo
1405 2635 1490 2656 vero
1506 2623 1650 2657 culcitra
1667 2624 1706 2658 in
1724 2627 1840 2660 media
1858 2640 2008 2662 curvans
2025 2641 2128 2672 genu.

1200 2672 1336 2707 Multae
1354 2686 1439 2708 vero
1459 2686 1603 2716 manus,
1628 2675 1709 2710 illae
1726 2678 1869 2723 quidem
1889 2680 1934 2712 ad
1950 2679 2143 2720 sinistram,

1438 2726 1485 2761 21
1509 2724 1529 2742 *²

1159 885 1175 918 1
1184 883 1256 918 125
1285 885 1461 929 Significa.
