2373 2980
215 107 291 143 403

218 191 291 227 150
326 195 426 228 Paed.
458 193 520 227 Est
553 193 634 226 dux.
713 193 796 225 Ant.
833 192 977 236 Quanta
1014 193 1206 228 multitudo

627 243 743 286 ipsum
768 255 918 288 sequens

266 295 414 328 Armata
437 292 658 327 circumdat?

267 348 369 380 Paed.
395 345 459 377 llic
482 351 533 378 est
557 341 1078 388 Parthenopaeus,Atalantae
1100 346 1203 380 fiIIus.

564 410 772 459 [Strophe
806 410 862 460 8.]

266 474 349 505 Ant.
381 471 448 504 Sed
475 483 554 504 eum
583 484 646 516 per
669 478 808 505 montes
836 484 914 505 cum
942 478 1056 506 matre

264 523 469 566 Properans
494 522 630 563 Diana,
656 522 733 556 telis
760 524 911 556 domans

216 572 289 608 155
313 574 464 612 Perdat,
483 574 542 619 qui
561 573 659 607 venit
676 586 791 606 meam
811 574 933 607 urbem
953 579 1205 617 expugnatum.

265 627 369 659 Paed.
402 624 511 665 „Fiat
534 625 603 665 ita,
636 636 656 656 o
682 625 770 663 silia;
805 625 881 658 iure
909 630 1027 657 autem
1057 625 1206 657 veniunt

629 675 666 707 in
693 673 786 709 hauc
812 682 957 709 terram.

269 725 425 767 „Idcirco
442 726 548 759 etiam
565 732 687 759 metuo
700 753 710 767 ‚
733 739 777 760 ne
795 733 888 760 recte
905 739 964 760 eos
981 724 1207 759 considerent

625 776 698 811 Dii.

563 834 770 883 [Strophe
804 833 860 882 9.]

265 898 346 930 Ani.
371 895 443 929 Ubi
460 895 521 929 ubi
548 902 600 929 est
627 896 705 935 ille,
730 895 790 940 qui
813 902 918 929 natus
944 901 995 929 est
1011 907 1148 928 mecum
1167 906 1208 927 ex

626 958 696 979 una
726 952 853 986 matre,

215 997 288 1033 160
319 996 539 1029 Laboriosus
563 996 638 1028 salo
664 996 866 1040 Polynices,

264 1048 297 1081 O
320 1046 524 1080 charissime
545 1045 674 1079 senex?

265 1101 366 1132 Paed.
397 1097 458 1130 llle
484 1110 594 1141 prope
616 1094 844 1141 sepulchrum
870 1101 1003 1140 septem
1024 1095 1205 1139 virginum

263 1150 416 1188 Niobes,
441 1155 510 1181 stat
535 1160 648 1192 prope
669 1148 873 1181 Adrastum.
927 1145 1061 1179 Vides?

266 1202 348 1235 Ant.
373 1200 508 1239 Video,
533 1200 593 1233 sed
614 1211 688 1232 non
714 1199 798 1232 satis
822 1199 934 1238 clare,
959 1198 1063 1231 video
1083 1196 1205 1241 aliquo

629 1250 739 1283 modo

217 1300 291 1336 165
322 1299 585 1335 simulachrum
610 1302 748 1334 formae
772 1299 902 1344 ipsius,
935 1305 969 1333 et
993 1304 1116 1343 pectus
1143 1298 1205 1330 ad-

625 1353 846 1385 umbratum.

551 1410 757 1459 [Strophe
793 1408 871 1457 1o.]

264 1470 415 1503 Utinam
446 1483 585 1515 possem
619 1472 736 1503 facere
767 1482 907 1503 cursum
941 1469 1053 1503 instar
1081 1469 1204 1502 celeris

628 1521 745 1560 nubis,

263 1572 334 1605 Per
357 1584 473 1604 aerem
499 1573 544 1604 ad
568 1584 687 1605 meum
713 1570 880 1604 fratrem!

266 1623 532 1656 Circumdarem
559 1621 705 1655 brachia

216 1675 289 1708 170
322 1673 547 1707 Amicissimo
583 1674 673 1706 collo
698 1672 819 1705 miseri
849 1671 959 1705 exulis
982 1671 1090 1715 longo
1116 1678 1204 1704 tem-

625 1736 726 1768 pore.

266 1775 384 1820 Quam
409 1775 557 1808 decorus
583 1782 633 1808 est
657 1776 693 1807 in
719 1773 826 1806 armis
852 1772 986 1812 aureis,
1010 1786 1029 1806 o
1055 1786 1173 1813 senex,

265 1826 365 1859 Sicut
388 1826 554 1859 matutini
578 1826 726 1872 radii‘25)
755 1824 838 1858 solis
858 1822 1060 1867 “fulgurans

266 1879 371 1911 Paed.
403 1877 533 1910 Veniat
555 1878 599 1909 ad
626 1875 718 1910 hanc
741 1876 908 1914 domum,
942 1881 982 1907 ut
1008 1876 1121 1919 possis
1148 1887 1205 1908 ex-

625 1928 723 1972 plere
753 1925 820 1959 hoc
843 1926 1026 1970 gaudium.

218 1976 291 2013 175
332 1981 413 2013 Ant.
442 1978 509 2012 Iste
532 1991 637 2018 vero,
677 1991 697 2011 ο
726 1990 852 2017 senex,
894 1977 972 2021 quis
997 1977 1071 2011 est?
1110 1978 1205 2011 unde

631 2027 808 2062 occurrit?

267 2080 338 2124 Qui
362 2092 505 2113 currum
533 2080 724 2113 candidum
751 2079 943 2122 gubernat,
969 2079 1023 2111 cui
1051 2078 1205 2111 insidet?

268 2133 370 2164 Paed.
399 2130 463 2164 Est
484 2137 580 2164 vates
602 2129 863 2175 Amphiaraus,
889 2140 909 2160 o
936 2129 1104 2168 domina,
1130 2127 1204 2167 hic3

266 2182 440 2215 Victimae
480 2194 559 2214 cum
599 2194 660 2221 eo,
697 2188 731 2214 et
770 2179 959 2213 libationes
987 2180 1203 2223 sanguineae

627 2233 776 2265 fluentes
802 2231 839 2263 in
866 2237 1011 2266 terram.

554 2297 760 2346 [Strophe
789 2296 868 2345 11.]

269 2359 352 2392 Ani.
380 2358 412 2391 O
435 2358 557 2399 Luna,
582 2360 731 2393 formosi
757 2358 828 2390 filia

221 2410 294 2443 180
319 2409 430 2449 Solis,
454 2422 599 2443 aureum
626 2411 795 2443 circulum
822 2407 956 2441 habens

269 2459 452 2499 Luminis,
475 2474 581 2506 quam
607 2462 746 2505 quietos
770 2460 933 2494 stimulos

270 2510 317 2544 Et
340 2512 518 2545 modestos
534 2512 633 2557 equis
655 2513 825 2551 inserens,
850 2511 1025 2554 gubernat
1045 2508 1206 2542 currum!

257 2654 304 2686 25)
325 2654 402 2677 Sicut
419 2653 543 2677 matutini
563 2651 645 2684 radii]
673 2653 713 2675 sio
736 2652 821 2677 Editt.
842 2652 936 2679 1552„
961 2653 1060 2680 Barm,
1085 2652 1204 2679 Musei-4

293 2689 342 2712 Ed.
363 2689 438 2714 1558,
463 2688 567 2711 snmllia
586 2687 726 2710 matutinis
749 2687 833 2709 radiis
853 2686 1110 2751 (xisti-gimmssms
1129 2685 1207 2715 pari—-

292 2726 336 2747 ter
350 2741 355 2746 .
372 2742 376 2746 .
395 2723 496 2753 radiis,
514 2723 607 2752 Eurip.
627 2719 704 2754 ἑῴαις
723 2718 806 2752 ὅμοια
822 2738 828 2744 .

794 105 918 141 PHIL.
951 106 1065 141 MEL.
1099 106 1302 142 SCRIPTA
1334 107 1671 144 PHILOLOGICA.

2172 113 2250 150 404

1263 193 1336 229 185
1367 195 1439 229 Ubi
1465 202 1534 235 est,
1561 195 1621 240 qui
1649 194 1783 228 atrocia
1806 195 1964 230 minatur
1990 195 2072 231 huic
2094 199 2188 239 urbi,

1314 246 1525 290 Capaneus?

1313 300 1416 331 Paed.
1442 296 1508 330 lste
1530 297 1731 330 considerat
1754 297 1924 345 aditusw)
1948 305 2081 343 septem

1313 349 1507 387 Turrium,
1530 359 1669 381 sursum
1693 360 1732 380 ac
1759 349 1924 382 deorsum
1944 363 2066 384 muros
2088 349 2248 384 metiens.

1595 414 1803 463 [Strophe
1839 415 1917 464 12]

1264 475 1336 510 190
1360 478 1442 509 Ant.
1467 474 1504 508 Io
1523 475 1703 516 Nemesis,
1727 482 1760 508 et
1778 476 1936 510 tonitrua
1951 476 2045 512 Iovis
2062 476 2249 523 *graviter

1677 527 1856 567 sonantia,
2195 527 2200 531 ’

1311 575 1358 609 Et
1384 576 1474 620 ignis
1499 577 1659 611 fulminis
1681 577 1884 621 caliginose,

1312 627 1370 660 Tu
1395 628 1598 672 superbiam
1624 628 1855 661 immodicam

1313 678 1464 716 Sedato;
1490 677 1547 712 hic
1575 685 1644 719 est,
1669 679 1731 724 qui
1753 679 1910 723 captivas

1313 730 1513 773 Pugnando
1541 728 1733 763 Thebanas
1756 730 1922 763 mulieres
1947 730 1991 762 ad
2015 729 2184 775 Mycenas

1264 779 1336 816 195
1366 781 1498 821 Ducet,
1525 787 1558 813 et
1579 780 1777 814 Lernaeam
1807 781 2011 820 tridentem,

1312 833 1367 864 Ad
1392 844 1521 877 aquam
1546 832 1763 876 Neptuniam
1787 832 2021 877 Amymones,

1315 883 1518 916 Coniiciens
1543 896 1601 917 eas
1626 885 1663 915 in
1690 882 1923 916 servitutem?
1975 881 2184 927 Nunquam,
2210 920 2216 924 .

1313 933 1530 980 Nunquam,
1556 947 1576 967 o
1599 935 1799 968 veneranda
1825 933 1963 973 Diana,
1989 944 2077 967 auro
2103 932 2251 978 capillos

1674 991 1844 1019 revincta.

1261 1035 1338 1070 200
1363 1035 1396 1068 Ο
1412 1034 1506 1069 Iovis
1524 1036 1608 1077 filia,
1624 1033 1644 1052 '¹‘
1661 1036 1854 1070 sustineam
1871 1035 2076 1069 servitutem
2085 1034 2147 1082 ⁴²⁷).

1313 1088 1416 1120 Paed.
1442 1086 1630 1131 Ingredere
1654 1088 1691 1120 in
1710 1088 1855 1120 domum
1868 1113 1877 1127 ‚
1907 1099 1926 1119 o
1943 1087 2013 1119 filia
2026 1112 2035 1126 ,
2062 1091 2098 1119 et
2111 1086 2149 1118 in
2166 1096 2249 1133 con-

1680 1137 1878 1181 lignatione

1310 1186 1350 1220 In
1367 1200 1544 1233 gynaeceo
1562 1200 1706 1221 maneas
1721 1195 1804 1227 tuo,
1826 1194 2017 1232 postquam
2032 1187 2077 1225 ad
2099 1186 2250 1236 delecta-¹

1667 1238 1803 1271 tionem
2240 1239 2251 1243 ⁷*

1309 1288 1486 1322 Desiderii
1505 1297 1542 1323 tu
1559 1289 1687 1323 venisti
1711 1301 1855 1329 eorum,
1881 1300 1971 1334 quae
1988 1285 2249 1332 postulabas²⁸)

1676 1340 1807 1374 videre.

1310 1390 1439 1423 Coetus
1455 1391 1549 1424 enim
1566 1391 1773 1436 (postquam
1788 1390 1960 1423 tumultus
1974 1389 2099 1422 urbem
2116 1389 2249 1432 ingres-

1669 1454 1727 1475 sus
1754 1441 1821 1487 est)

1263 1488 1338 1526 205
1369 1491 1561 1524 Mulierum
1585 1491 1683 1525 venit
1707 1492 1752 1524 ad
1778 1492 1925 1524 domum
1947 1487 2188 1534 tyrannicam.

1313 1542 1543 1586 „Querulum
1569 1543 1663 1574 enim
1688 1548 1738 1575 est
1760 1541 1933 1574 muliebre
1959 1551 2082 1582 genus,

1312 1592 1387 1631 „Et
1403 1606 1481 1625 cum
1500 1605 1628 1636 parvas
1645 1593 1848 1625 occasiones
1865 1590 2040 1624 sermonis
2059 1588 2250 1633 accipiunt,

1312 1643 1470 1683 „Plures
1498 1644 1646 1677 addunt.
1700 1642 1876 1687 Voluptas
1901 1653 1986 1674 vero
2014 1641 2190 1686 quaedam

1314 1693 1549 1733 „Muneribus
1569 1700 1631 1734 est,
1646 1700 1685 1727 ut
1701 1691 1792 1726 nihil
1811 1693 1890 1727 sani
1907 1692 2000 1725 inter
2016 1704 2051 1726 se
2061 1688 2248 1736 dicantffl).

1640 1771 1875 1814 [stropha]

1259 1830 1334 1866 210
1361 1831 1456 1864 Chor.
1479 1829 1700 1874 Relinquens
1726 1829 1877 1873 Tyrium
1900 1840 2017 1869 mare,
2040 1828 2123 1861 veni

1312 1881 1378 1925 (Ut
1405 1893 1515 1914 essem
1541 1882 1676 1913 donum
1699 1879 1833 1912 Loxiae

1310 1930 1480 1971 Phoebo,
1503 1944 1520 1964 e
1544 1929 1738 1964 Phoenissa
1768 1930 1895 1969 insula,

1310 1982 1356 2015 Et
1378 1982 1539 2015 ministra
1561 1981 1680 2020 aulae,
1704 1987 1744 2013 ut
1769 1981 1833 2013 sub
1859 1979 1950 2022 iugis

1259 2031 1335 2068 215
1360 2032 1484 2067 Nivosi
1500 2030 1520 2048 ²*
1537 2031 1704 2064 Parnassi
1728 2030 1911 2075 degerem)

1309 2084 1490 2127 Navigans
1516 2095 1616 2115 remo
1641 2094 1705 2126 per
1729 2080 1870 2114 Ionium
1896 2091 1995 2112 mare

1310 2135 1424 2179 Super
1448 2133 1673 2167 circumfluos
1697 2132 1833 2167 steriles
1856 2142 2000 2175 campos
2024 2127 2231 2175 Sicfliae”)‚

1292 2268 1340 2299 26)
1360 2266 1464 2299 aditus]
1490 2267 1531 2291 sic
1558 2269 1607 2296 (z
1624 2266 1716 2297 Enrip.
1737 2263 1910 2298 προςβιέσεις)
1929 2262 2012 2287 Editt.
2037 2261 2130 2292 1562„
2153 2263 2247 2293 Bam„

1328 2304 1452 2343 M'usgr„
1477 2303 1552 2332 Fix.;
1576 2302 1626 2326 Ed.
1647 2302 1721 2325 1558.
1744 2306 1895 2331 processus
1924 2297 2018 2330 (quasi
2038 2297 2157 2328 legisset
2175 2303 2246 2328 προ-

1347 2344 1405 2360 ασει
1437 2356 1443 2361 .

1294 2338 1346 2411 Εἲς
1362 2335 1536 2410 saevitatem]
1571 2378 1611 2402 sic
1639 2379 1685 2406 (Ξ
1703 2377 1796 2408 Ειιι-ἰρ,
1822 2374 2008 2404 δουλοσύναν)
2046 2373 2132 2398 Editt.
2158 2373 2247 2404 1562,

1328 2415 1426 2444 Baru.,
1444 2415 1567 2444 Musgr„
1586 2413 1660 2442 Fix.;
1679 2413 1727 2437 Ed.
1749 2412 1823 2436 1558.
1843 2411 2006 2435 servitutem
2023 2409 2183 2439 puellarem.

1293 2457 1342 2485 28)
1363 2454 1535 2487 postulabas]
1561 2455 1602 2479 sic
1619 2455 1667 2478 Ed.
1688 2455 1783 2485 1558.;
1810 2454 1859 2478 Ed.
1878 2453 1951 2477 1562.
1978 2451 2066 2475 male:
2090 2449 2245 2481 postulabis

1330 2490 1443 2522 (Bam,
1462 2492 1567 2520 Musgr.
1585 2490 1712 2519 cupiebas
1733 2498 1765 2509 =
1783 2488 1877 2518 Eurip.
1895 2485 2011 2519 ἔχρῃζε).

1294 2533 1341 2565 29)
1364 2535 1395 2557 ll.
1415 2534 1432 2556 l.
1457 2534 1484 2556 in
1511 2533 1593 2557 Editt.
1619 2533 1712 2560 1558.,

1330 2568 1488 2598 loquacitas.

1295 2610 1343 2643 30)
1363 2609 1486 2642 Siciliae]
1516 2610 1557 2634 sic
1581 2612 1628 2638 (Ξ
1647 2610 1740 2639 Enrlp.
1765 2607 1903 2635 Σικελίας)
1927 2607 2011 2631 Editt.
2036 2606 2126 2636 1553„
2157 2604 2245 2636 1562,

1330 2647 1447 2675 Mus-giu,
1463 2646 1539 2675 Fix.;
1560 2645 1638 2667 llaru,
1655 2645 1680 2667 iu
1697 2646 1772 2667 textu
1786 2641 1909 2670 Σικελίας
1924 2642 2065 2671 exhibens,
2083 2639 2245 2669 adscripsit:

1329 2680 1473 2709 legendum
1493 2686 1557 2702 esse
1575 2678 1714 2709 Κιλικίας,
1736 2679 1907 2708 quamohrem
1925 2677 1953 2700 in
1972 2677 2018 2700 lat.
2034 2673 2177 2704 interpret.
2197 2677 2246 2696 re-

1332 2715 1418 2743 cepit:
1437 2714 1558 2738 Ciliciae.

1747 2532 1821 2556 1562.
1845 2531 1910 2554 nota
1933 2528 2067 2560 margiu.:
2100 2527 2246 2552 Mulierum
