2373 2980
227 96 298 134 231

332 194 364 216 v.
390 180 474 217 455.
502 181 620 229 (451.)
669 181 837 229 ‘Prywzov
859 183 933 232 γὰρ
957 186 1040 223 ἔπος
1070 182 1214 232 εἰπεῖν]

228 233 487 278 Negligentiam
513 240 545 266 et
569 233 744 267 inscitiam
770 237 983 269 rusticorum
1009 242 1124 276 taxat,
1153 236 1214 281 qui

229 298 302 319 non
330 285 573 323 considerant,
609 284 737 330 quibus
765 299 853 331 opus
887 285 1063 326 habeant,
1093 288 1152 320 sed
1178 287 1214 319 in

230 336 381 368 alienam
410 346 513 379 opem
536 347 675 380 semper
691 344 773 370 sunt
796 338 942 378 intenti,
970 339 1004 371 id
1028 339 1123 383 quod
1151 339 1215 371 mi-

230 387 415 420 serrimum
438 391 499 419 est.
552 385 615 420 Est
633 393 750 420 autem
778 388 970 422 iucundum
994 401 1071 422 cum
1092 389 1216 433 primis

229 437 266 469 in
292 434 359 469 hoc
381 436 555 475 carmine,
581 440 704 483 σχῆμα
725 438 1110 487 προκαταλήψεωςόε),
1144 452 1214 485 quo

231 488 389 521 confutat
406 500 528 520 eorum
546 489 742 530 rationein,
763 491 826 536 qui
854 492 1007 524 obiicere
1032 497 1214 535 poterant:

230 538 266 572 Si
293 538 378 583 quid
397 538 676 574 desiderabimus
694 540 730 573 in
747 553 784 574 re
799 542 967 575 familiari
987 548 1128 581 nostra,
1153 554 1216 586 po-

229 589 376 623 terimus
407 590 451 622 ab
489 590 558 622 alio
588 597 711 624 mutuo
743 599 873 636 petere.
948 593 994 626 Et
1026 594 1217 637 respondet

230 642 353 673 eadem
383 652 490 683 opera
518 653 620 685 posse
647 649 766 686 petere
795 650 836 676 et*
852 656 981 688 negare
1005 643 1172 689 aliquem.

332 703 364 724 v.
391 689 476 726 454.
502 690 625 738 (452.)
679 691 945 739 ἀπανήνασθαι
957 693 1022 743 59)]
1055 695 1110 727 Ab
1144 692 1216 729 ἀπὸ

230 747 264 774 et
287 739 489 786 α’ναίνομαι
513 744 750 787 compositum
781 743 1151 793 dnavijaOOac⁵⁹³)‚
1184 752 1217 778 et

229 792 403 836 significat
425 795 611 836 denegare.

330 856 363 878 v.
386 843 470 878 456.
494 842 614 889 (454.)
657 842 813 891 Νήπιος,
838 843 925 882 οὐδὲ
947 845 1024 896 τόγ’
1043 844 1110 882 οἶδ’
1131 845 1216 894 etc.]

227 892 266 927 Id
291 901 359 935 est,
397 895 557 939 ignorat,
581 896 723 944 quotffl)
757 898 861 941 lignis
885 910 974 942 opus
1007 898 1063 933 sit.
1122 898 1213 933 Nam

227 957 355 989 magna
380 947 543 990 congerie
568 948 747 981 bonorum
770 949 950 993 lignorum
979 962 1068 994 opus
1094 956 1146 984 est
1170 950 1214 982 ad

227 996 473 1030 fabricandum
502 1010 658 1033 currum.

330 1060 362 1080 V.
385 1046 470 1082 458.
489 1047 611 1095 (456.)
653 1045 740 1084 Efft'
758 1047 805 1084 ἄν
821 1048 921 1096 (mm)
940 1047 1113 1096 πρώτιστ’
1129 1049 1214 1098 etc.]

227 1097 340 1131 Totus
364 1098 421 1132 ille
453 1100 550 1133 locus
578 1102 623 1133 ad
656 1102 854 1134 arationem
890 1102 1063 1145 pertinet,
1098 1108 1132 1135 et
1164 1109 1215 1135 est

225 1146 448 1189 adhortatio,
476 1157 514 1183 ut
542 1151 659 1184 statim
690 1153 903 1185 admoveant
929 1164 1073 1185 manum
1101 1153 1213 1196 operi,

225 1212 300 1233 non
327 1207 465 1233 tantum
495 1202 640 1242 famuli,
679 1204 738 1236 sed
773 1209 806 1235 et
840 1204 914 1247 ipse
945 1204 1212 1247 paterfamilias.

223 1251 334 1285 Addit
354 1251 480 1284 deinde
499 1252 597 1295 sigua
616 1259 649 1286 et
668 1253 969 1294 circumstantias,
988 1255 1102 1300 qualis
1118 1261 1209 1288 terra

224 1301 269 1335 sit
294 1303 451 1343 aranda,
476 1303 564 1336 sicca
590 1304 722 1337 scilicet
747 1311 779 1337 et
799 1303 958 1339 humida.
1013 1305 1209 1339 Columella

224 1352 260 1384 in
277 1350 369 1386 hanc
393 1354 606 1387 sententiam
632 1355 763 1400 inquit:
789 1355 913 1402 Neque
931 1369 1034 1390 succo
1055 1364 1210 1397 careant,

222 1416 338 1449 neque
366 1405 548 1438 abundent
577 1405 775 1454 uliginem).
835 1407 886 1441 Ita
912 1408 1086 1442 Hesiodus
1113 1409 1210 1442 iubet

222 1454 350 1488 siccam
377 1462 410 1488 et
431 1453 616 1489 humidam
643 1470 763 1497 arare,
790 1458 824 1490 id
850 1465 920 1498 est,
948 1471 1021 1492 non
1044 1460 1210 1499 lutosam,

223 1512 256 1538 et
274 1512 394 1539 tamen
411 1508 657 1542 madefactam.
683 1508 926 1543 Meminerunt
943 1523 1085 1556 quoque
1104 1508 1209 1544 huius

221 1557 400 1601 praecepti
421 1558 558 1592 Plinius
585 1566 618 1592 et
641 1557 1002 1608 Theophrastus⁶²³).

324 1621 356 1642 v.
380 1608 464 1644 462.
489 1609 610 1657 (460.)
670 1611 843 1659 Εἴαριθῧ)
881 1614 1027 1653 πολεῖν,
1066 1610 1208 1659 θέρεος]

218 1659 453 1704 Praeceptum
479 1667 530 1695 est
555 1663 598 1694 de
621 1662 766 1708 reliquis
786 1664 1017 1698 arationibus.
1071 1664 1207 1707 Pingue

219 1711 332 1745 solum
362 1712 450 1745 solet
475 1719 601 1758 quater
631 1714 746 1754 arari,
776 1715 830 1748 bis
862 1716 971 1749 solem
996 1715 1049 1749 bis
1075 1715 1205 1758 frigora

219 1764 341 1803 sentit,
371 1764 460 1797 sicut
487 1771 537 1798 est
565 1765 679 1798 solum
711 1763 884 1800 Italicum.
938 1766 1011 1811 Qui
1042 1779 1128 1799 vero
1157 1772 1206 1798 te-

218 1815 324 1848 nuius
345 1816 469 1848 *solum
502 1813 655 1856 habent,
688 1823 741 1849 ter
767 1824 881 1851 arant.
932 1817 1055 1850 Prima
1091 1817 1205 1850 aratio

220 1872 271 1898 est
294 1866 493 1909 proscissio.
548 1867 710 1901 Secundo
735 1874 838 1901 arant
851 1880 972 1902 mense
996 1867 1097 1901 Iunio
1123 1874 1205 1901 ante

218 1917 427 1957 solstitium,
451 1917 571 1950 Latini
597 1918 843 1960 iterationem,
875 1931 940 1953 nos
963 1917 1119 1952 brachen
1143 1932 1204 1951 vo-

219 1979 350 2001 camus.
410 1968 597 2002 Postremo
629 1977 709 2003 ante
743 1977 937 2004 sementem
969 1977 1108 2010 aratur,
1138 1968 1205 2003 hoc

217 2017 335 2051 Latini
360 2019 601 2052 tertiationem
630 2027 768 2055 vocant.

321 2082 353 2103 v.
372 2069 456 2104 463.
482 2070 602 2116 (461.)
655 2071 765 2106 Νειόν
787 2069 827 2107 δὲ
853 2070 1014 2118 σπείρειν
1042 2071 1094 2106 ἔτί
1118 2070 1202 2119 etc.]

215 2119 354 2153 Adiecit
368 2129 595 2166 praeceptum
610 2149 618 2162 ,
635 2124 731 2168 quod
750 2123 934 2156 intervalla
953 2124 1024 2157 sint
1042 2123 1201 2170 facienda

249 2278 296 2305 58)
316 2275 563 2308 προκαταλὴψεως]
588 2278 627 2301 sic
649 2278 732 2301 Editt.
760 2278 821 2301 1601
837 2279 970 2309 -1662.;
1005 2279 1087 2304 Editt.
1116 2280 1202 2311 1532„

284 2313 377 2339 1541..
404 2312 590 2337 1562—1591.
614 2311 862 2344 προκατα).είψιος;
890 2314 940 2338 Ed.
962 2313 1035 2338 1557.
1060 2321 1202 2345 προκατα-

284 2345 398 2373 λείιᾴιεος.

247 2380 295 2408 59)
316 2380 392 2403 Hanc
412 2380 476 2405 fles.
497 2387 589 2404 vocem
609 2381 669 2404 huic
688 2381 792 2404 scholio
811 2381 872 2411 ipse
891 2381 1014 2411 praefixi.

247 2413 312 2441 5912)
333 2410 543 2446 ἀπανήνασθαι]
561 2415 600 2437 sic
614 2415 697 2438 Editt.
716 2416 844 2446 nrunck„
863 2416 978 2446 Goett1.,
996 2416 1098 2446 Diibn.;
1117 2416 1201 2440 Editt.

285 2447 461 2471 1532—1662.
481 2451 507 2471 et
527 2449 613 2473 Gaisf.
633 2447 840 2483 ἀπανῂιάσθαι.

246 2482 294 2510 60)
314 2480 390 2513 quot]
405 2482 444 2505 sic
457 2483 537 2506 Educ.
557 2483 641 2511 1532.,
659 2484 721 2507 1601
738 2501 745 2513 ,
767 2485 856 2513 1623.;
875 2485 986 2507 ceterae
1000 2484 1100 2507 Editt.:
1121 2486 1198 2514 quod.

246 2517 294 2544 61)
314 2514 479 2547 6r)]sici11ae
488 2517 590 2545 Editt.;
606 2518 688 2541 Editt.
700 2519 826 2548 Brunclt„
838 2518 936 2547 Gaisf„
945 2518 1152 2550 Goettt.‚niibn.
1162 2517 1198 2544 δὲ.

246 2551 294 2578 62)
315 2550 418 2574 Colum.
438 2550 471 2573 de
489 2557 520 2574 re
538 2553 607 2576 rust.
628 2552 660 2578 ΙΙ,
680 2554 704 2577 4.

246 2585 312 2612 62a)
331 2584 401 2607 Ptin.
415 2585 476 2608 Nat.
493 2585 562 2611 nist.
578 2586 678 2615 xvm,
699 2594 720 2609 c.
733 2587 774 2610 49.
790 2588 841 2616 (al.
855 2593 878 2611 c.
894 2587 957 2615 19.).
973 2599 1000 2603 —
1021 2587 1200 2617 Theophrast.

281 2619 360 2642 Eres.
379 2619 411 2641 de
430 2619 521 2642 causis
541 2620 655 2649 plantar.
675 2620 719 2649 111,
738 2621 779 2644 20.
801 2620 848 2652 (at.
870 2620 927 2652 25.)
949 2621 995 2646 Ed.
1015 2622 1172 2647 Schneider.

245 2653 293 2680 63)
313 2652 408 2684 Εἴαρι]
428 2653 469 2676 sie
489 2654 552 2677 ittae
572 2654 671 2684 Editt.;
700 2655 783 2680 Editt.
804 2656 938 2685 Brunck„
958 2656 1060 2686 Gaisf.‚
1085 2656 1198 2685 Goettl„

279 2687 366 2710 Dalm.
388 2686 456 2718 ἔαρι,

821 98 943 134 PHIL.
972 97 1084 133 MEL.
1111 97 1314 134 SCRIPTA
1340 99 1676 136 PHILOLOGICA.

2180 103 2256 141 232

1270 185 1374 229 agris,
1390 186 1518 231 quibus
1534 185 1766 230 interspirent
1788 192 1821 219 et
1838 186 2039 232 quiescant3
2064 193 2147 221 sunt
2160 189 2257 223 enim

1268 237 1380 270 multo
1404 237 1616 278 feraciores,
1642 237 1670 270 si
1689 238 1892 281 permiseris
1915 238 2123 278 intervalla,
2147 252 2256 285 quam

1269 288 1344 321 sine
1368 288 1576 322 intervallis.
1629 287 1763 334 Estque
1784 286 1841 321 hic
1868 289 1965 323 locus
1991 291 2255 325 commendatio

1268 339 1418 372 novalis.
1470 339 1563 373 Nam
1591 351 1669 372 cum
1698 346 1791 372 terra
1809 340 2001 384 quotannis
2015 341 2162 374 serendo
2181 353 2256 375 non

1269 389 1313 423 sit
1335 389 1546 432 defatigata,
1578 401 1643 423 nec
1668 390 1810 434 penitus
1834 388 2020 432 exhausta,
2045 392 2106 432 fit,
2138 398 2179 426 ut
2198 405 2256 426 co-

1270 440 1460 484 piosiorem
1492 441 1645 474 fructum
1679 442 1769 474 serat
1801 447 1835 473 et
1862 441 1997 485 gratior
2025 455 2168 488 quoque
2200 443 2256 478 sit.

1268 491 1331 524 Est
1368 497 1487 524 autem
1523 492 1651 525 novale
1682 491 1786 537 (teste
1815 492 1952 537 Plinio)
1984 494 2081 538 quod
2111 494 2256 528 alternis

1270 541 1372 575 annis
1402 542 1598 588 seriturffl).
1667 543 1808 588 Operae
1841 543 1994 587 pretium
2025 544 2159 578 faceret
2184 551 2257 579 stu-

1270 593 1389 626 diosus
1412 605 1520 636 puer,
1547 594 1593 634 si,
1617 606 1707 639 quae
1725 601 1807 628 sunt
1833 594 1869 627 in
1890 595 2008 639 primo
2024 594 2156 640 Georg.
2175 595 2256 629 Vir-

1273 643 1419 690 giliiffi),
1443 656 1523 677 cum
1548 642 1616 677 hoc
1641 645 1718 678 loco
1743 646 1951 685 contulerit,
1976 646 2024 678 ita
2049 646 2124 681 sine
2147 659 2256 691 nego-

1270 695 1320 728 tio
1344 695 1491 728 Hesiodi
1514 697 1725 732 sententiam
1752 697 1884 740 poterit
1907 696 2065 742 adsequi.

1383 758 1416 779 v.
1443 745 1528 780 464.
1553 746 1673 793 (462.)
1726 743 1917 793 ἀλεξιάρη]
1961 746 2000 780 ld
2022 753 2090 787 est,
2120 747 2255 791 pellens

1271 796 1552 835 execrationem;
1579 799 1695 832 solent
1719 798 1814 831 enim
1837 798 2013 842 agricolae
2031 798 2254 840 maledicere,

1270 848 1413 892 quando
1456 849 1589 882 fructus
1622 861 1663 882 ex
1704 849 1877 883 sententia
1912 861 1984 882 non
2026 849 2255 893 proveniunt.

1269 898 1325 931 Sic
1348 897 1518 934 Hercules
1544 898 1754 940 ἀλεξίκακος
1777 901 1890 934 dictus
1916 907 1967 934 est
1985 926 1995 940 ‚
2022 901 2119 946 quod
2145 901 2255 945 depu-

1268 949 1349 982 lerit
1382 950 1474 983 mala
1502 949 1728 992 hominibus,
1769 958 1802 985 et
1833 952 1940 985 fuerit
1967 950 2125 984 domitor
2152 963 2255 985 mon-

1268 1006 1437 1035 strorum.

1383 1065 1416 1086 v.
1437 1049 1523 1087 465.
1550 1051 1671 1099 (463.)
1724 1051 1926 1099 Εὕχεσθαι
1952 1049 2045 1096 (53⁶⁶)
2071 1050 2135 1089 Διὶ
2154 1052 2255 1098 χθο-

1267 1098 1336 1147 νίῳ
1361 1101 1446 1150 etc.]
1477 1104 1530 1136 De
1556 1104 1664 1138 sacris
1688 1105 1857 1139 faciendis
1881 1111 2128 1150 praeceptum:
2181 1104 2254 1137 Ad·

1267 1160 1390 1186 monet
1413 1166 1560 1198 superos
1587 1167 1658 1188 esse
1672 1158 1890 1200 precandos,
1914 1162 1954 1190 ut
1976 1153 2164 1188 hominum
2182 1160 2255 1189 stu-

1266 1202 1323 1235 dia
1350 1210 1384 1236 et
1407 1204 1548 1238 labores
1574 1206 1662 1239 bene
1687 1207 1882 1240 fortunent.
1942 1205 2038 1238 Idem
2065 1205 2151 1238 facit
2173 1205 2255 1238 Vir-

1266 1253 1368 1296 gilius
1398 1261 1431 1287 et
1457 1254 1658 1300 Xenophon
1684 1257 1868 1301 magnifice
1900 1256 1937 1289 in
1959 1256 2180 1290 Oeconomia
2194 1255 2253 1303 ⁶⁷).

1266 1304 1421 1348 Quidam
1462 1320 1526 1351 per
1561 1314 1741 1341 terrenum
1778 1307 1898 1341 Iovem
1938 1306 2088 1351 intelligi
2126 1313 2255 1352 putant

1263 1353 1428 1395 Plutum;
1455 1370 1519 1401 ego
1538 1370 1623 1391 vero
1643 1372 1723 1392 eum
1745 1366 1831 1403 puto
1844 1386 1853 1400 ,
1881 1360 1942 1404 qui
1959 1360 2135 1403 gubernat
2151 1364 2186 1392 et
2198 1369 2254 1391 re-

1264 1405 1369 1454 git⁶⁸)
1393 1414 1544 1442 terrena.

1368 1471 1400 1492 v.
1426 1458 1511 1493 466.
1535 1458 1655 1505 (464.)
1708 1457 1830 1506 ἱερὸν]
1861 1458 1899 1492 Id
1928 1467 1998 1500 est,
2027 1471 2139 1494 aram.
2191 1460 2254 1494 Al-

1262 1507 1352 1541 ludit
1389 1510 1483 1543 enim
1525 1512 1569 1543 ad
1605 1510 1784 1544 Eleusinia
1825 1510 1962 1544 Cereris
1997 1522 2119 1552 sacra,
2159 1523 2251 1556 quae

1261 1557 1411 1595 Athenis
1442 1562 1594 1601 fiebant,
1631 1568 1664 1594 et
1691 1562 1913 1594 vocabantur
1942 1562 2122 1607 mysteria.
2189 1561 2252 1595 Vi-

1262 1611 1392 1645 dentur
1416 1618 1533 1645 autem
1558 1610 1646 1645 mihi
1678 1613 1784 1646 fuisse
1816 1612 2100 1657 conspirationes
2123 1619 2157 1646 et
2177 1614 2252 1647 foe-

1261 1662 1365 1702 dera,
1396 1663 1524 1708 quibus
1551 1676 1586 1697 se
1612 1663 1876 1697 adstrinxerant
1905 1665 1950 1697 ad
1981 1664 2097 1697 civilia
2134 1664 2250 1698 officia

1261 1713 1373 1753 cives,
1411 1712 1627 1758 hoc'‘potest
1658 1715 1775 1758 colligi
1805 1727 1845 1747 ex
1877 1714 2067 1755 Cicerone,
2106 1715 2170 1748 uhi
2205 1716 2249 1749 de

1259 1763 1451 1798 Eleusiniis
1475 1766 1584 1800 sacris
1611 1764 1834 1812 disputatffl).
1892 1765 2151 1800 Erantvautem
2173 1778 2249 1799 ma—

1260 1815 1336 1847 iora
1371 1821 1405 1848 et
1435 1816 1577 1849 minora
1607 1828 1727 1856 sacra,
1759 1822 1794 1849 et
1824 1814 1912 1849 haec
1940 1817 2005 1849 sub
2036 1822 2249 1849 autumnum

1258 1866 1402 1900 fiebant.
1462 1867 1578 1901 Porro
1609 1867 1748 1911 fingunt
1773 1866 1958 1907 Cererem,
1994 1878 2073 1899 cum
2102 1878 2164 1910 per
2192 1879 2249 1900 or-

1258 1917 1338 1949 bem
1372 1925 1560 1962 quaereret
1591 1918 1721 1957 filiam,
1749 1915 1955 1951 humaniter
1983 1918 2027 1950 ab
2054 1915 2249 1951 Athenien—

1258 1968 1354 2001 sibus
1379 1976 1557 2013 receptam
1584 1981 1677 2009 esse‚
1709 1975 1743 2002 et
1770 1968 1851 2002 ideo
1882 1969 1950 2003 illis
1975 1966 2068 2002 hanc
2095 1968 2248 2013 gratiam

1258 2019 1463 2054 reddidisse.

1361 2083 1394 2104 v,
1413 2070 1498 2105 467.
1518 2069 1639 2117 (465.)
1669 2069 1890 2117 Ἀρχόμενος
1902 2068 1948 2104 τὰ
1964 2068 2084 2116 πρῶτ’
2096 2069 2142 2116 ⁷⁰)
2161 2068 2247 2118 etc.]

1258 2120 1528 2155 Circumstantia
1556 2129 1624 2163 est,
1654 2124 1837 2168 quomodo
1868 2121 1911 2155 sit
1935 2122 2131 2160 arandum;
2161 2133 2245 2155 nam

1256 2184 1363 2216 supra
1389 2172 1496 2213 dixit,
1525 2175 1670 2218 quando
1695 2180 1729 2207 et
1753 2173 1891 2217 quoties
1915 2172 1960 2205 sit
1981 2173 2169 2206 arandum.

1358 2235 1391 2256 v.
1409 2223 1494 2258 469.
1517 2224 1638 2271 (467.)
1681 2221 1885 2270 Ἔνδρυον]
1907 2223 2041 2267 lignum
2060 2223 2245 2269 significat,

1256 2274 1353 2318 quod
1378 2281 1429 2308 est
1456 2277 1658 2319 proximum
1686 2275 1840 2314 temoni,
1869 2274 2003 2320 alioqui
2021 2287 2083 2308 cor
2106 2275 2243 2310 arboris

1289 2381 1337 2410 64)
1355 2382 1424 2405 Ptin.
1443 2383 1503 2405 Nat.
1526 2382 1594 2405 Hist.
1617 2380 1717 2412 xvm,
1737 2386 1760 2405 c.
1781 2381 1822 2404 ⁴9.
1848 2380 1895 2404 Ed.
1916 2380 2017 2404 Franz.
2043 2383 2080 2409 (c.
2104 2381 2144 2405 19.
2168 2379 2242 2405 auti-

1323 2416 1408 2446 quior.
1430 2417 1537 2444 Edam.

1288 2450 1336 2477 65)
1358 2451 1435 2475 Cous.
1457 2451 1535 2480 virg.
1555 2450 1655 2479 Georg.
1676 2449 1697 2479 1,
1714 2449 1755 2474 71.

1288 2482 1497 2516 661E172m³m
1523 2481 1567 2512 δὲ]
1593 2484 1632 2506 sic
1660 2490 1754 2507 omnes
1778 2483 1877 2512 Eam„
1903 2484 2015 2512 excepta
2032 2483 2082 2508 Ed.
2105 2483 2179 2507 ¹54¹.
2199 2483 2240 2512 R,

1323 2525 1391 2549 quae
1406 2520 1430 2542 in
1446 2521 1521 2542 textu
1535 2516 1676 2546 Εὔξεσθω
1689 2515 1732 2545 δὲ,
1754 2519 1778 2541 in
1796 2519 1937 2542 comment.
1950 2515 2095 2548 Εὗχεσθαι
2107 2514 2140 2550 γὲ
2150 2518 2239 2542 habet.

1288 2553 1336 2580 67)
1356 2553 1478 2581 Xenoph.
1500 2553 1645 2576 oet-onom.
1663 2554 1689 2581 5,
1713 2554 1742 2575 19
1758 2566 1790 2570 —
1803 2553 1830 2580 6,
1853 2553 1874 2577 1.
1893 2552 1942 2576 Ed.
1963 2553 2080 2577 Tnieme.

1287 2588 1334 2613 68)
1352 2587 1437 2617 regit]
1458 2587 1506 2611 Ed.
1529 2587 1601 2610 1541.
1624 2588 1651 2612 Β,
1672 2593 1767 2611 errore
1786 2589 1916 2616 typogm
1936 2588 2025 2616 regat.

1285 2622 1333 2647 69)
1354 2621 1432 2646 Cous.
1453 2620 1506 2644 Cic.
1527 2621 1559 2644 de
1581 2622 1663 2651 Legg.
1686 2622 1719 2650 11,
1742 2624 1781 2649 1⁴,
1800 2621 1842 2645 36.

1285 2656 1334 2681 70)
1353 2653 1386 2678 πὶ
1399 2652 1496 2685 πρῶτ’]
1512 2655 1551 2678 sic
1565 2655 1629 2679 illae
1638 2656 1718 2679 Editt.
1733 2659 1759 2680 et
1767 2655 1896 2685 Brunck.,
1911 2655 1999 2679 Gaist'.
2010 2663 2018 2686 3
2031 2654 2231 2681 manantem.

1321 2691 1406 2715 huba.
1426 2687 1552 2719 umoah'.
