2373 2980
202 677 407 720 LXVIII.
461 677 643 719 PHIL.
678 678 836 719 MEL.
873 676 1456 720 INTERPRETATIO
1490 676 1838 720 CYCLOPIS
1868 677 2239 722 EURIPIDIS.

201 817 322 873 Huius
345 845 515 883 tragoediae
545 846 750 884 interpretatio
781 845 870 872 latina
895 844 1092 873 Melanthonis
1120 846 1148 872 in
1173 842 1353 883 Xylandri
1373 846 1462 874 Editt.
1481 846 1593 883 1558„
1618 846 1710 876 1562.
1743 853 1855 883 exstat,
1893 848 2064 885 quibuscum
2087 847 2238 875 Editiones

202 889 380 916 recentiores
403 886 583 923 Barnesffi
619 887 816 923 Musgravz·2·
835 892 864 913 et
889 884 989 914 Fe'xz‘i
1011 887 1130 916 contuli.
1154 903 1192 907 —
1238 888 1383 916 Versuum
1412 898 1548 917 numeros
1577 895 1606 917 et
1637 890 1821 927 stropharum
1854 890 2023 927 partitiones
2051 896 2139 928 atque
2167 889 2238 916 alias

203 931 342 967 quasdam
366 931 570 968 inscriptiones
594 940 631 959 ex
655 931 709 958 Ed.
733 929 866 956 Barnesii
890 929 1031 966 adscripsi
1054 930 1164 956 uncinis
1188 934 1311 958 notatas.

842 1153 1226 1190 EURIPIDIS
1277 1154 1597 1191 CYCLOPS

746 1221 980 1250 PH1L1PPO
1009 1221 1345 1250 MELANTHONE
1373 1222 1694 1251 INTERPRETE.

298 1314 394 1348 Haec
425 1314 609 1358 tragoedia
640 1321 690 1347 est
715 1313 836 1359 imago
867 1315 1013 1360 tyranni
1046 1315 1192 1349 alicuius

197 1374 443 1409 crudelissimi.
505 1373 642 1414 Credo,
679 1375 776 1419 quod
808 1374 963 1407 voluerit
994 1375 1192 1408 describere

196 1446 313 1478 regem
345 1434 401 1467 vel
430 1440 625 1479 tyrannum
659 1433 816 1480 aliquem
837 1434 1064 1479 Aegyptium.
1123 1434 1194 1468 Per

1078 1493 1193 1526 Habet

195 1553 313 1586 locum
333 1564 580 1593 communem,
605 1552 786 1586 neminem
805 1564 879 1587 esse
897 1553 1004 1587 fidum
1026 1559 1193 1599 tyranno,

196 1492 341 1538 Satyros
358 1492 524 1537 intelligit
540 1492 722 1526 moriones
739 1499 774 1526 et
790 1492 1016 1537 impostores.

198 1613 334 1647 etiamsi
361 1612 476 1646 obtem
483 1618 594 1657 peret.

1574 1317 1737 1360 Argum
1751 1322 1914 1349 entum.

1349 1366 1491 1411 Ulysses
1507 1367 1679 1411 navigans
1697 1379 1738 1400 ex
1756 1365 1819 1399 llio
1831 1393 1840 1406 ‚
1872 1368 1908 1400 in
1925 1366 2081 1400 Siciliam
2109 1367 2240 1402 eiectus

1246 1422 1316 1456 est,
1342 1417 1403 1450 ubi
1418 1415 1603 1450 habitabat
1619 1415 1873 1462 Polyphemus.
1926 1416 2115 1451 Inveniens
2132 1419 2239 1451 etiam

1247 1467 1438 1502 servientes
1468 1468 1538 1501 illic
1562 1468 1726 1514 Satyros,
1767 1469 1854 1501 dans
1877 1468 1924 1502 eis
1946 1469 2092 1508 vinum,
2125 1469 2241 1502 voluit

1248 1530 1364 1552 emere
1381 1531 1463 1553 oves
1480 1525 1513 1553 et
1527 1520 1581 1553 lac
1600 1520 1643 1552 ab
1659 1519 1754 1563 ipsis,
1794 1521 1982 1563 Apparens
1996 1517 2240 1564 Polyphemus

1247 1570 1387 1615 quaerit
1404 1582 1525 1604 causas
1540 1571 1764 1604 abductionis
1781 1571 1835 1604 sui
1858 1571 1990 1614 gregis;
2016 1570 2156 1605 Silenus
2179 1583 2240 1604 au-

1247 1627 1317 1653 tem
1334 1619 1510 1666 hospitem
1526 1623 1759 1666 praedantem
1778 1621 1951 1666 accepisse
1969 1621 2017 1655 ait
2026 1621 2069 1668 ¹).

1046 1740 1398 1775 Personae.

606 1814 748 1848 Silenus

602 1863 742 1900 Chorus
759 1864 971 1910 Satyrorum

1451 1817 1595 1863 Ulysses

1453 1868 1614 1914 Cyclops.

1060 1933 1211 1968 Orditur
1237 1933 1388 1969 Silenus.

1083 2053 1351 2083 CYCLOPS.

353 2143 574 2194 [Silenus‚
606 2147 786 2186 Chorus,
825 2143 1036 2193 Ulysses]

621 2223 772 2257 Silenus.

249 2291 281 2326 O
304 2290 463 2333 Baccho,
508 2298 656 2337 propter
684 2298 718 2325 te
743 2292 818 2325 fero
841 2291 1121 2326 innumerabiles
1141 2293 1191 2326 la-

609 2344 714 2376 bores

246 2393 370 2435 Nunc,
397 2401 430 2428 et
455 2396 598 2440 quando
625 2396 662 2427 in
690 2394 873 2427 iuventute
895 2406 1015 2428 meum
1042 2394 1191 2429 florebat

609 2458 754 2489 corpus:

247 2496 411 2531 Primum
439 2496 602 2541 quidem,
639 2497 784 2542 quando
809 2502 846 2529 tu
868 2496 969 2530 furiis
994 2497 1145 2541 agitatus
1171 2511 1189 2532 a

605 2546 763 2589 Iunone,

248 2597 435 2644 Nymphas
449 2605 638 2633 montanas
652 2600 858 2644 relinquens
874 2599 1011 2634 abieras
1024 2600 1189 2634 nutrices.

225 2649 248 2685 5
273 2651 412 2684 Deinde
430 2651 466 2682 in
484 2650 620 2694 proelio
635 2650 719 2684 belli
737 2650 922 2694 Gigantei,

248 2704 303 2736 Ad
322 2704 481 2736 dextrum
501 2702 626 2745 pedem
644 2708 745 2736 tuum
763 2701 952 2735 auxiliator
970 2714 1050 2736 cum
1067 2714 1189 2742 essem,

1295 2137 1514 2174 Enceladum
1526 2167 1536 2181 ,
1576 2141 1737 2186 clypeum
1773 2141 1809 2173 in
1839 2140 1994 2173 medium
2026 2139 2239 2183 percutiens,

1661 2191 1761 2226 hasta

1294 2239 1469 2276 Interfeci.
1521 2242 1595 2287 Age
1613 2243 1772 2281 videam,
1800 2240 1913 2274 hocne
1932 2241 2112 2275 somnium
2132 2241 2237 2275 dico?

1294 2291 1376 2326 Non
1393 2305 1457 2336 per
1473 2291 1613 2333 Iovem;
1641 2306 1724 2326 nam
1741 2299 1774 2326 et
1789 2292 1899 2337 spolia
1927 2293 2065 2326 ostendi
2080 2291 2236 2334 Baccho,

1246 2342 1292 2376 10
1319 2342 1364 2376 Et
1381 2356 1475 2378 nunc
1493 2344 1561 2378 illis
1577 2345 1749 2378 maiorem
1769 2342 1896 2377 haurio
1919 2344 2092 2378 laborem.

1292 2395 1488 2441 Postquam
1503 2396 1597 2429 enim
1616 2395 1703 2430 Iuno
1722 2396 1784 2429 tibi
1802 2407 1911 2440 genus
1927 2393 2157 2441 Tyrrhenum

1280 2511 1308 2543 1)
1327 2512 1401 2535 Haec
1419 2511 1522 2535 veteris
1542 2512 1712 2543 argumenti,
1741 2512 1812 2543 quod
1831 2517 1931 2543 graece
1949 2511 1976 2534 in
1996 2510 2090 2541 Eurip.
2109 2510 2158 2534 Ed.
2179 2510 2234 2534 Ba-

1313 2547 1357 2571 sil.
1381 2546 1455 2569 1551.
1482 2547 1597 2577 legitur.
1624 2547 1813 2577 interpretatio
1833 2546 2015 2570 Melanthonis
2042 2545 2182 2569 invenitur
2205 2544 2233 2568 in

1313 2580 1396 2605 Editt.
1411 2581 1497 2605 1558..
1521 2577 1637 2606 1562—
1656 2582 1818 2607 Barnesius,
1838 2581 1882 2611 qui
1898 2586 1956 2603 eam
1970 2586 2028 2603 cum
2043 2582 2117 2603 textu
2131 2584 2233 2609 graeco

1313 2615 1437 2644 repetiit,
1466 2616 1491 2638 in
1511 2616 1563 2638 fine
1581 2617 1647 2639 haec
1667 2621 1766 2645 graece
1786 2619 1812 2638 et
1833 2615 1915 2639 latine
1934 2615 2052 2638 addidit:
2085 2614 2233 2645 „Caetera

1314 2655 1344 2672 se
1368 2649 1483 2678 habent,
1515 2650 1587 2673 sicut
1611 2652 1644 2672 ab
1666 2651 1783 2673 Homero
1811 2652 1873 2672 sunt
1898 2647 2018 2680 dictast,
2055 2649 2132 2679 eique
2157 2647 2231 2670 aliud

1312 2683 1392 2706 etiam
1411 2684 1532 2706 adiunxit
1550 2685 1738 2714 argumentum
1756 2684 1935 2707 acrostichum
1954 2688 1972 2706 a
1986 2681 2231 2714 Q.septimioF1o-

1310 2719 1388 2741 rente
1406 2717 1564 2742 Christiano
1582 2724 1681 2748 graece
1701 2723 1726 2742 et
1747 2719 1830 2742 latine
1848 2719 1987 2747 scriptum.

2339 1455 2346 1651 ἶ
