2373 2980
206 101 281 136 487
778 100 898 134 PfflL.
932 100 1044 135 MEL.
1080 99 1280 134 SCRIPTA
1318 99 1654 134 PHILOLOGICA.
2163 101 2238 136 488

263 190 358 221 Puer.
387 188 456 220 Per
474 186 568 219 Deos
581 213 588 225 ‚
617 187 702 218 sorte
722 198 843 229 opem;
875 192 925 219 est
942 186 1035 218 enim
1056 198 1143 230 opus
1156 214 1164 227 ,
1300 186 1373 220 Hos
1388 187 1518 220 liberos
1541 185 1762 224 interfectos,
1790 191 1822 218 et
1839 192 1878 219 ut
1894 186 1989 218 illam
2008 186 2168 230 puniam.

258 240 349 283 Quia
369 251 488 272 sumus
506 249 616 281 prope
637 236 866 269 circumventi
883 237 1012 280 gladio.
1301 239 1394 272 Med.
1424 238 1543 282 Quare
1560 248 1762 269 commoves
1782 242 1815 268 et
1830 248 1993 271 removes
2012 236 2074 271 has
2090 245 2224 282 portas,

260 292 357 324 Cher.
387 290 418 321 ()
439 289 583 327 misera,
611 300 695 320 num
717 300 750 321 es
772 301 893 321 saxum
915 294 975 321 aut
1303 289 1486 334 Quaerens
1517 293 1700 327 mortuos,
1745 293 1778 319 et
1810 300 1885 328 me,
1929 301 2019 334 quae
2043 287 2136 322 hanc
2164 301 2241 323 rem

210 341 307 377 1280
336 341 505 379 Ferrum,
534 351 623 384 quae
642 339 855 379 liberorum,
884 353 974 384 quos
994 339 1171 384 peperisti,
1672 337 1859 372 commisi?

259 392 408 433 frugem
431 390 647 434 parricidiali
666 392 771 423 modo
790 390 980 424 interiit-is?
1303 390 1440 423 Desiste
1461 390 1504 422 ab
1525 387 1591 422 hoc
1608 389 1747 426 laborm
1776 389 1804 422 si
1822 389 1885 422 tibi
1906 402 1960 422 me
1978 402 2065 434 opus
2084 397 2154 431 est,

258 443 374 475 Audio
397 440 565 475 hactenus
584 454 691 474 uuam
710 448 847 475 tantum
1255 442 1352 476 1320
1379 441 1464 480 Dic,
1493 441 1519 473 si
1540 440 1624 485 quid
1643 440 1705 473 vis.
1759 439 1952 485 Nunquam
1970 453 2026 474 me
2045 441 2207 486 attinges.

259 494 444 526 Mulierem
462 493 621 526 iniecisse
638 505 783 525 manum
804 491 919 525 charis
936 493 1075 532 liberis,
1302 492 1381 532 Sol,
1409 498 1509 535 pater
1528 491 1657 535 patris,
1683 489 1751 523 hoc
1768 489 1968 525 vehiculum

259 544 320 577 luo
339 546 513 577 furentem
533 543 722 583 divinitus,
751 545 895 588 quando
914 543 1007 577 lovis
1304 542 1377 575 Dat
1400 543 1501 576 nobis
1526 542 1833 587 propugnaculum
1858 549 1980 576 contra
2006 554 2152 577 manum
2181 541 2245 576 ho-

210 595 306 631 1285
335 596 499 629 Coniunx
531 596 643 639 ipsam
675 595 790 628 emisit
812 601 907 628 extra
935 596 1080 628 domum
1106 605 1200 626 erra·
1668 593 1795 627 stilem.

625 647 733 680 tione.
1304 647 1372 679 Ias.
1398 645 1430 677 O
1446 645 1607 683 scelesta,
1635 656 1655 676 o
1674 645 1827 677 maxime
1846 645 1956 678 invisa
1975 645 2103 678 mulier

260 698 388 731 Misera
407 697 498 730 cadit
517 697 552 729 in
571 708 666 730 mare
685 703 831 742 propter
848 698 989 730 caedem
1303 695 1401 735 Diis,
1428 702 1462 728 et
1480 693 1568 728 mihi
1585 701 1618 727 et
1637 695 1802 729 omnibus
1818 693 2043 737 hominihus,

257 748 407 793 Impiam
424 749 616 782 liberorum
630 774 638 788 ,
1258 746 1354 782 1325
1383 748 1483 792 Quae
1502 746 1570 779 tuis
1587 746 1706 779 liberis
1724 746 1867 779 iniicere
1885 748 2040 791 gladium

259 801 461 833 Extendens
482 801 606 844 pedem
624 810 729 843 supra
749 811 866 838 mare,
1301 798 1396 832 Ausa
1421 811 1475 838 es,
1511 809 1600 843 quos
1621 797 1810 841 peperisti,
1842 805 1876 831 et
1903 811 1958 831 me
1981 798 2146 832 orbatum
2167 808 2248 841 per-

258 852 418 885 Moriens
436 864 513 884 cum
533 851 670 883 duobus
685 850 822 893 pueris,
849 849 952 893 perit.
1674 849 1813 887 (lidisti;

211 903 308 940 1290
338 903 433 947 Quid
451 908 567 946 potest
584 901 739 934 accidere
759 900 914 934 tristius?
1305 899 1351 932 Et
1370 912 1449 932 cum
1468 897 1555 932 haec
1571 900 1712 939 seceris,
1740 906 1861 933 tamen
1876 901 1984 934 solem
2003 899 2171 944 adspicis,

257 954 321 996 „O
337 954 525 986 mulierum
544 952 707 995 coniugia
726 963 958 988 aerumnosa,
1225 916 1230 997 Ι
1303 950 1349 983 Et
1364 957 1516 990 terram,
1544 963 1633 996 quae
1652 963 1734 984 ansa
1754 963 1788 985 es
1804 963 1877 984 rem
1898 951 2158 996 impiissimam.

261 1006 433 1049 „Quanta
453 1002 657 1036 hominibus
673 1003 765 1034 mala
784 1000 1021 1045 atttilistis⁹¹)!
1305 1002 1446 1035 Pereas.
1506 1001 1583 1045 Ego
1610 1014 1705 1035 nunc
1730 1003 1885 1045 primum
1911 1004 2030 1048 sapio;
2069 1009 2153 1036 tunc
2174 1012 2249 1034 non

259 1060 328 1091 Ias.
356 1054 543 1094 Mulieres,
572 1065 662 1100 quae
678 1053 776 1086 statis
795 1054 838 1085 ad
856 1050 923 1084 hoc
946 1049 1202 1090 habitaculum,
1664 1053 1843 1097 sapiebam
1856 1081 1865 1094 ‚

260 1109 353 1142 Num
372 1106 471 1139 domi
487 1112 548 1146 est,
575 1116 664 1151 quae
681 1103 817 1137 facinus
833 1101 901 1136 hoc
919 1114 1087 1146 magnum
1107 1114 1202 1135 com-
1258 1103 1358 1136 1330
1386 1103 1474 1136 Cum
1491 1109 1523 1135 te
1540 1115 1580 1136 ex
1599 1105 1707 1137 domo
1727 1110 1760 1136 et
1776 1110 1868 1137 terra
1890 1105 2043 1137 barbara

620 1154 738 1194 misit,
1307 1153 1402 1187 Duxi
1420 1154 1455 1186 in
1473 1155 1618 1187 domum
1638 1155 1832 1195 Graecam,
1859 1168 2028 1199 magnum
2044 1155 2200 1194 malum,

212 1209 310 1245 1295
338 1208 485 1248 Medea,
513 1220 559 1240 an
578 1205 737 1250 aufugit?
1305 1204 1353 1238 Et
1374 1205 1485 1249 patris
1513 1212 1546 1238 et
1572 1212 1706 1244 terrae,
1750 1218 1840 1250 quae
1863 1213 1895 1239 tc
1917 1206 2085 1246 nutrivit,
2129 1203 2250 1250 prodi-

263 1261 415 1305 Oportet
433 1259 526 1292 enim
547 1259 661 1302 ipsam
685 1262 746 1290 aut
771 1255 1015 1289 absconditam
1045 1266 1116 1287 esse
1139 1253 1202 1287 sub
1664 1256 1800 1290 tricem,

618 1316 711 1342 terra
724 1334 733 1348 ‚
1307 1306 1367 1339 Dii
1383 1307 1610 1340 coniecerunt
1628 1306 1664 1339 in
1682 1319 1737 1340 me
1755 1313 1854 1340 tuum
1873 1307 2007 1341 malurn
2026 1308 2249 1340 daemonem.

260 1363 333 1395 Aut
350 1362 511 1394 attollere
526 1360 669 1393 volatile
688 1370 815 1402 corpus
834 1358 871 1390 in
888 1369 1026 1396 aerem,
1307 1358 1401 1392 Nam
1436 1359 1550 1392 occiso
1585 1365 1646 1391 tuo
1679 1359 1808 1399 fratre,
1851 1371 2004 1404 quocum
2034 1358 2140 1392 simul
2167 1357 2251 1390 edu-

263 1414 298 1448 Si
330 1413 426 1446 volet
459 1425 611 1457 poenam
647 1411 819 1454 effugere,
862 1421 970 1454 quam
998 1409 1124 1440 datura
1154 1411 1205 1439 est
1673 1416 1748 1441 cata
1769 1421 1823 1448 es,

619 1461 826 1508 tyrannicae
842 1459 977 1493 domui.
1261 1458 1358 1493 1335
1391 1458 1635 1493 Conscendisti
1658 1472 1786 1492 navem
1810 1460 1927 1502 Argo,
1959 1456 2149 1492 habentem
2172 1456 2250 1501 pul-

259 1517 355 1551 Kum
373 1515 536 1555 confidit,
565 1527 642 1547 cum
662 1511 877 1546 interfecerit
895 1510 1082 1543 dominum
1099 1506 1205 1541 huius
1670 1508 1792 1543 chrum
1815 1521 1974 1554 proram,

621 1571 756 1603 terrae,
1229 1570 1233 1625 1
1310 1562 1406 1594 Haec
1422 1568 1481 1594 tua
1500 1561 1612 1594 initia.
1665 1559 1750 1593 lude
1769 1567 1878 1605 nupta

213 1618 311 1654 1300
327 1617 370 1651 Se
388 1629 489 1661 posse
505 1616 717 1660 impunitam
735 1614 901 1657 aufugere
916 1624 956 1645 ex
969 1609 1024 1645 his
1036 1608 1204 1643 aedibus?
1310 1610 1420 1653 Mihi,
1449 1619 1481 1645 et
1497 1611 1640 1655 pariens
1657 1609 1745 1644 mihi
1760 1611 1890 1645 liberos
1902 1637 1911 1650 ‚

263 1669 330 1703 Sed
348 1681 422 1701 non
440 1675 512 1701 tam
533 1668 645 1711 ipsam
666 1678 772 1712 quam
788 1665 919 1697 liberos
936 1675 1033 1696 curo.
1308 1664 1462 1707 Propter
1481 1663 1567 1696 alias
1583 1663 1725 1707 nuptias
1743 1675 1802 1696 eos
1818 1661 2014 1708 perdidisti.

262 1720 362 1753 Illam
381 1719 530 1764 punient
547 1719 658 1757 cives,
687 1729 775 1762 quos
797 1715 915 1748 laesit:
1308 1715 1413 1749 Nulla
1432 1715 1566 1748 Graeca
1584 1714 1712 1747 mulier
1730 1711 1798 1747 hoc

262 1772 373 1811 Veni,
400 1777 439 1804 ut
458 1782 635 1804 servarem
655 1780 753 1801 meos
770 1767 921 1805 liberos,
1260 1766 1359 1801 1340
1392 1766 1561 1811 Unquam
1595 1777 1677 1799 ausa
1710 1772 1813 1798 esset:
1855 1775 1942 1807 prae
1966 1763 2093 1808 quibus
2121 1772 2185 1805 ego
2217 1766 2252 1794 te

263 1824 316 1857 Ne
337 1822 470 1867 aliquid
488 1819 575 1854 mihi
593 1820 724 1853 saciant
741 1817 904 1852 Creontis
920 1814 1081 1859 cognati,
1230 1840 1234 1878 ι
1670 1815 1870 1861 dignamffl)
1892 1814 1995 1854 duxi,

216 1873 314 1910 1305
341 1873 571 1905 Vindicantes
591 1872 758 1904 ini-astam
778 1870 921 1902 caedem
939 1866 1075 1899 matris.
1315 1868 1433 1913 Quam
1456 1868 1620 1900 ducerem
1647 1866 1826 1900 connubio
1850 1866 1976 1899 infesto
2002 1870 2036 1897 gt
2060 1860 2150 1896 mihi
2172 1872 2252 1906 per.

265 1928 362 1961 Cher.
390 1924 422 1957 Ο
440 1924 579 1963 infelix,
612 1922 742 1960 nescis,
771 1921 815 1953 ad
832 1931 922 1965 quae
937 1918 1031 1950 mala
1048 1914 1206 1953 venerss,
1669 1917 1826 1958 nicioso‚

263 1976 388 2014 Iason;
415 1987 498 2008 nam
517 1987 591 2007 non
609 1973 753 2006 dixisses
770 1969 856 2004 haec
873 1970 992 2003 verba.
1308 1969 1488 2002 Leaenam
1500 1995 1509 2009 ,
1537 1980 1611 2001 non
1626 1969 1811 2002 mulierem
1823 1995 1831 2008 ‚
1860 1964 2048 2012 Tyrrhena

264 2031 335 2063 Ias.
358 2027 454 2071 Quid
472 2025 546 2059 est?
574 2038 619 2058 an
636 2024 712 2057 vult
729 2023 834 2056 etiam
851 2033 907 2054 me
926 2017 1112 2053 occidere?
1311 2021 1426 2066 Scylla
1445 2020 1604 2054 saeviore
1622 2026 1748 2053 natura
1770 2017 2038 2064 praeditamffl).

267 2081 364 2114 Chor.
392 2077 512 2110 Liberi
531 2077 580 2109 tui
598 2087 707 2108 manu
724 2073 848 2107 matris
867 2071 1061 2116 Perierunt.
1232 2088 1234 2118 ᾖ
1310 2072 1445 2105 Verum
1462 2078 1494 2104 te
1510 2071 1673 2115 plurimis
1692 2071 1835 2116 quidem
1855 2069 2023 2104 conviciis

219 2131 316 2166 1310
344 2133 412 2164 Ias.
442 2128 538 2169 Heu,
567 2128 651 2174 quid
671 2125 781 2159 dicis?
811 2136 917 2170 quam
936 2135 992 2155 me
1010 2119 1208 2165 perdidisti,
1232 2126 1235 2158 1
1263 2121 1361 2158 1345
1388 2123 1607 2166 pungerem3
1635 2120 1722 2155 haec
1738 2121 1868 2155 ferocia
1886 2121 1951 2154 fibi
1968 2120 2091 2152 innata
2110 2123 2172 2151 est,

633 2177 777 2210 mulier!
1310 2175 1454 2214 Pereas,
1480 2180 1519 2207 tu
1533 2174 1700 2214 venefica,
1726 2179 1759 2206 et
1774 2174 1878 2205 caede
1895 2172 2089 2205 liberorum
2106 2168 2253 2213 polluta.

268 2234 365 2267 Cher.
393 2230 515 2275 Cogita
536 2237 706 2275 tanquam
726 2229 768 2260 de
785 2225 935 2259 mortuis
952 2223 1070 2257 liberis
1087 2222 1168 2255 tuis.
1312 2225 1371 2259 Me
1390 2226 1488 2258 decet
1504 2225 1623 2268 lugere
1643 2237 1759 2257 meum
1779 2224 1891 2256 fatum
1905 2249 1914 2263 ‚

266 2286 335 2317 Ias.
368 2282 524 2315 Ubinam
551 2294 609 2315 eos
636 2279 831 2318 interfecit,
875 2277 1017 2309 intusne
1043 2286 1088 2307 an
1112 2279 1208 2306 extra
1314 2277 1385 2322 Qui
1405 2288 1518 2321 neque
1536 2276 1640 2309 novis
1656 2275 1789 2319 nuptiis
1803 2275 1924 2314 fruor,

625 2330 796 2365 domum?
1312 2328 1357 2361 Et
1374 2328 1525 2367 liberos,
1553 2339 1642 2372 quos
1657 2326 1762 2370 genui
1779 2332 1813 2358 et
1831 2322 1998 2362 educavi,
2024 2333 2099 2355 non

271 2387 367 2420 ler.
400 2384 509 2428 Aperi
534 2385 646 2423 sores,
686 2389 720 2415 et
741 2380 875 2414 videbis
899 2378 1040 2411 caedem
1064 2382 1208 2408 tuorum
1265 2378 1363 2415 1350
1390 2379 1538 2412 Possum
1559 2377 1693 2423 alloqui
1708 2377 1828 2416 vivos,
1855 2378 1914 2410 sed
1936 2373 2049 2408 amisi,

632 2435 840 2467 liberorum.
1313 2433 1407 2467 Dled.
1437 2430 1538 2463 Certe
1555 2441 1698 2474 possum
1721 2429 1872 2461 multum
1892 2425 2106 2471 respondere
2131 2428 2254 2456 contra

268 2490 338 2522 Ias.
365 2485 498 2519 Laxate
515 2497 609 2519 seras
627 2498 733 2531 quam
754 2482 954 2520 celerrime,
983 2477 1156 2517 ministri,
1673 2478 1766 2513 hanc

220 2537 318 2572 1315
346 2537 480 2571 Solvite
498 2537 685 2581 repagula,
713 2542 753 2570 ut
766 2536 904 2568 videam
931 2530 1110 2576 geminum
1137 2540 1210 2561 ma-

631 2588 703 2621 lum
718 2614 727 2627 ,
1294 2593 1342 2620 92)
1363 2591 1488 2622 dignam]
1507 2589 1547 2612 sic
1566 2588 1648 2612 Editt.
1668 2589 1785 2617 recent.;
1815 2585 1896 2609 editt.
1919 2584 2008 2615 1558„
2032 2583 2106 2607 1562.
2126 2581 2220 2613 digna.

1294 2635 1341 2666 93)
1361 2635 1390 2659 Τ.
1404 2635 1447 2658 Sc.
1468 2631 1595 2656 saeviore
1615 2631 1711 2653 natm-a
1731 2629 1898 2659 praeditam]
1917 2627 1956 2650 sic
1975 2626 2073 2656 scripsi
2093 2624 2141 2657 (=
2159 2621 2251 2652 Eurip.

254 2683 303 2711 91)
321 2679 471 2709 attulistis]
490 2678 530 2703 sic
548 2678 632 2702 Editt.
652 2679 732 2702 Barn.
744 2695 750 2707 ‚
769 2678 891 2707 Musgr.;
921 2674 1005 2699 Editt.
1024 2673 1097 2698 ¹558.
1109 2689 1115 2701 ‚
1137 2671 1211 2695 ¹562.
1233 2592 1237 2683 l
1330 2665 1497 2709 Tvgeffqvfdjof
1520 2663 1641 2694 Σκύλλης
1666 2664 1787 2706 ἔχορσιιιι
1812 2661 1979 2701 ἀγριωτέραν
2012 2658 2130 2692 (primvm
2145 2693 2151 2698 .
2167 2658 2252 2682 Editt.

288 2716 416 2740 attulisti.
1234 2709 1236 2713 ’
1330 2704 1422 2734 1553.,
1444 2701 1518 2726 ίοὸῖ.
1538 2700 1623 2724 male:
1652 2700 1680 2723 Τ.
1701 2702 1744 2722 sc.
1765 2703 1920 2722 saeviorem
1938 2698 2037 2720 natura
2056 2693 2217 2726 praeditam.
