2373 2980
269 122 342 156 667

840 111 961 146 PHlL.
995 112 1107 148 MEL.
1142 114 1340 149 SCRIPTA
1378 116 1712 152 PHILOLOGICA⁴

2219 123 2292 158 668

267 211 449 259 [Senam
474 200 719 238 Menelaus,
739 199 1047 241 Ayamemnvv,
1068 200 1256 246 Chorus]
1308 202 1383 239 325
1410 206 1529 247 Aqam.
1557 202 1712 242 Auscis,
1739 213 1830 247 quae
1845 214 1918 236 non
1932 205 2030 238 decet
2047 212 2080 239 te
2095 207 2204 249 scire,
2239 221 2293 243 re-

317 281 397 313 Sen.
426 269 585 306 Menelao
598 293 607 307 ‚
635 265 742 299 audes
759 264 912 305 atrocia,
939 277 1030 311 quae
1049 271 1082 299 te
1101 278 1174 300 non
1196 269 1255 302 de-

670 322 722 349 cet
741 315 855 349 facere
864 315 922 362 3⁶).

318 380 413 414 Ilien.
442 374 583 416 Apage,
610 367 716 401 nimis
734 367 845 401 fidelis
864 379 898 402 es
918 367 1083 402 dominis.

266 430 340 466 305
369 431 447 463 Seu,
477 423 672 455 Honestum
692 417 862 461 probrum
884 416 970 451 mihi
991 419 1194 463 exprobras.

317 482 412 516 splen.
450 472 630 511 Plorahis,
671 468 700 503 si
722 468 847 510 facies,
888 481 978 515 quae
1001 476 1033 503 te
1058 482 1131 503 non
1156 472 1254 503 decet

673 521 802 553 facere.

318 586 397 617 Seu.
425 579 507 613 Nou
526 578 667 619 oportet
682 577 715 604 te
733 571 871 615 aperire
889 571 1043 611 litteras,
1079 583 1165 616 quas
1189 583 1252 614 ego

691 623 778 655 fero.

317 686 413 720 Men.
446 680 569 724 Neque
604 678 745 719 oportet
773 678 806 704 te
839 672 930 705 ferre
964 673 1054 705 mala
1089 673 1252 705 omuibus

679 722 836 757 Graecis.

316 789 398 822 Seu.
426 783 569 815 Frustra
587 782 697 810 certas
712 772 873 819 haec37),
901 774 1061 819 relinque
1085 771 1172 806 mihi
1201 779 1250 805 ta-

677 825 809 858 hulam.

266 890 339 924 310
368 887 462 920 Men.
490 881 572 915 Non
596 877 774 921 reliquero
785 875 844 921 3³⁵).
928 876 1010 909 Seu.
1038 874 1161 920 Neque
1189 887 1251 919 ego
1279 899 1280 906 .

675 926 864 959 dimittam.

316 991 410 1024 Meu.
439 984 518 1017 Cito
536 978 729 1014 cruentabo
746 982 852 1019 caput
866 982 965 1008 tuum
986 982 1136 1019 sceptro.

315 1044 395 1074 Seu.
425 1035 490 1068 Sed
510 1031 703 1077 gloriosum
721 1033 771 1061 est
788 1026 879 1059 mori
895 1038 960 1070 pro
979 1026 1192 1071 domi11039),

318 1093 411 1125 ‚Mem
442 1084 601 1127 Dimitte,
627 1079 777 1114 existens
793 1089 914 1111 servus
932 1077 1018 1110 dicis
1033 1077 1156 1121 longas
1174 1089 1252 1109 ora-

673 1137 800 1163 tiones.

318 1194 397 1226 Seu.
431 1188 463 1221 Ο
489 1184 654 1223 domine,
694 1179 825 1213 iniuria
850 1177 1042 1217 afficimur,
1079 1185 1157 1212 tuas
1181 1178 1251 1223 epi-

675 1232 782 1266 stolas

267 1293 339 1329 315
370 1292 433 1325 lste
451 1288 592 1333 rapiens
608 1297 649 1318 ex
666 1283 753 1316 meis
770 1279 934 1314 manibus
952 1279 1005 1319 vi,

314 1348 561 1387 Agamemnon
573 1364 582 1378 ‚
609 1347 683 1369 non
703 1334 778 1367 vult
792 1331 843 1366 uti
860 1331 947 1364 iure.

317 1399 437 1439 Aqam.
463 1391 548 1430 Eia,
577 1388 654 1433 quis
670 1385 841 1418 tumultus
860 1388 910 1415 est
926 1381 963 1413 in
979 1382 1114 1415 foribus
1127 1408 1135 1422 ,
1163 1394 1252 1427 quae

679 1436 886 1469 deformitas
900 1432 1114 1466 verborum?

318 1500 398 1531 Seu.
427 1493 526 1531 Mea,
554 1502 627 1523 non
643 1485 747 1520 liuius
764 1486 854 1518 ratio
875 1489 925 1516 est
941 1483 1060 1526 potior
1079 1484 1185 1516 dictu.

317 1551 437 1591 Aqam.
465 1544 523 1577 Tu
538 1539 720 1577 Menelao,
749 1546 859 1581 quare
875 1533 1001 1567 venisti
1019 1546 1097 1566 cum
1125 1534 1191 1567 isto
1217 1533 1253 1565 in

348 1585 352 1590 ⁴
617 1588 903 1623 contentionem,
932 1590 965 1616 et
983 1585 1080 1618 ducis
1098 1597 1177 1617 eum
1194 1583 1254 1617 vi?

269 1652 342 1686 320
370 1650 465 1683 Men.
498 1641 646 1686 Respice
674 1641 718 1672 ad
741 1651 823 1677 nos,
856 1642 895 1669 ut
919 1633 1001 1667 hinc
1026 1647 1162 1669 sumam
1189 1635 1253 1667 ini-

677 1691 763 1723 tium
784 1686 967 1721 orationis.

319 1755 439 1794 Ayam.
471 1747 566 1782 Num
599 1744 728 1777 timens
759 1751 832 1772 non
867 1736 1025 1782 aperiam
1056 1735 1256 1780 palpebras,

676 1798 779 1826 natus
799 1803 839 1823 ex
853 1787 987 1821 Atreo?

319 1854 415 1887 Dlen.
450 1848 558 1881 Vides
580 1844 673 1879 hanc
700 1842 878 1880 tabulam,
918 1838 1119 1871 ministram
1149 1836 1256 1881 pessi-

681 1905 820 1927 marum
839 1892 1038 1924 litterarum
1048 1888 1064 1920 ,Ρ

317 1958 437 1997 Ayam.
464 1950 597 1988 Video,
633 1953 666 1980 et
692 1945 849 1989 primum
872 1941 982 1974 abiice
1005 1938 1096 1973 hanc
1123 1950 1163 1971 ex
1190 1937 1258 1971 tuis

675 1995 851 2029 inanibus.

321 2057 416 2091 Men.
433 2052 528 2092 Non,
545 2050 752 2095 priusquam
772 2044 958 2079 ostendero
977 2040 1140 2074 omnibus
1150 2038 1259 2072 Grac-

679 2098 726 2132 cis
744 2096 911 2139 inscripta
921 2092 979 2137 ¹¹⁰).

306 2240 352 2267 36)
373 2234 478 2266 facere]
498 2233 536 2256 sic
555 2229 743 2257 Editt.1558.,
765 2225 857 2255 1562.;
881 2223 963 2247 Editt.
981 2224 1081 2245 recent.
1103 2222 1152 2249 (=
1169 2220 1261 2249 Eurip,

341 2270 460 2301 τολμᾶν)
482 2268 592 2292 audere.

306 2323 354 2351 37)
374 2322 492 2345 Frustra
510 2318 602 2341 certas
623 2314 705 2341 bare]
726 2312 765 2335 sic
785 2310 866 2334 Editt.
885 2308 978 2345 155β.,
1000 2305 1090 2344 ³³⁶²st
1116 2305 1198 2328 Editt.
1218 2311 1264 2343 re-

341 2358 426 2380 cent.:
446 2353 525 2377 Alias
546 2352 682 2379 [Musgr..
710 2347 784 2370 Fixa
812 2346 877 2381 (2an
897 2343 974 2380 aliis]
994 2341 1087 2381 qe'lus
1107 2339 1264 2362 contendito

344 2388 449 2418 (Eurip.
468 2387 517 2410 Ed.
534 2384 615 2408 Basil.
633 2383 707 2406 1551.
721 2378 823 2417 ’Ὰλλῳς
842 2376 942 2417 αέιιὶλπὲ
964 2381 1031 2413 rapt
1048 2391 1055 2402 ,
1079 2374 1169 2412 garn„
1188 2375 1265 2396 Mus-

344 2429 441 2453 grav.:
465 2418 566 2445 Ἄλλως
585 2415 690 2449 ἁμιλλῶ
710 2422 750 2442 τ.,
771 2414 848 2437 Fur:
869 2409 971 2436 Λλλοις
990 2407 1096 2439 ainzim
1115 2409 1162 2435 7,),

310 2477 357 2503 33,
378 2471 529 2502 reliquero]
555 2469 593 2492 sic
622 2464 812 2493 Editt.155s.‚
839 2462 930 2491 1562.;
968 2459 1050 2483 Editt.
1070 2460 1187 2482 recent.:
1221 2463 1266 2480 re-

345 2509 473 2537 linquam.

310 2561 358 2587 39]
379 2557 500 2583 domino]
521 2554 559 2576 sic
576 2550 756 2579 Editt.1558.,
776 2547 867 2577 1562.;
886 2545 972 2570 Editt.
991 2545 1093 2568 recent.
1115 2545 1162 2572 [Ξ
1177 2541 1267 2571 Eurip.

348 2590 504 2620 δεσποτῶν)
525 2587 647 2611 dominis.

314 2643 361 2675 40)
384 2637 527 2669 inscripta]
549 2637 588 2660 sic
608 2633 708 2663 scripsi
734 2634 779 2660 (z
799 2630 892 2659 Effl'll‘·
912 2624 1160 2660 7‘27'7‘7'9‘W‘ugm'
1190 2627 1270 2684 ἳξὲἳῑ

498 2678 566 2703 quae
592 2670 618 2693 iu
645 2675 678 2693 ecc
702 2668 768 2691 sunt
794 2662 927 2694 scripta);
964 2662 1048 2686 Euttt.
1073 2661 1163 2688 1558,,

466 2707 607 2735 inscripto,

347 2678 448 2702 recent.
457 2682 463 2698 z

351 2712 420 2736 male
432 2718 437 2734 :

1716 252 1834 286 laxato
1850 253 1990 297 sigillo?

1358 306 1454 340 Men.
1481 303 1635 348 Aperui,
1669 310 1708 337 ut
1723 309 1760 336 tu
1779 304 1917 345 doleas,
1953 318 2043 351 quae
2070 307 2179 342 fecisti
2200 310 2291 342 mala

1715 354 1817 388 clam.

1357 409 1475 449 Ayam.
1504 405 1574 439 Ubi
1591 404 1837 450 accepisti⁴¹)?
1864 417 1884 438 ο
1899 406 2032 451 Dim),
2060 415 2158 443 tuum
2178 410 2292 455 impu-

1724 457 1864 489 dentem
1889 458 2064 491 animum!

1358 509 1452 542 Men.
1485 506 1683 551 Expectans
1707 513 1803 540 tuam
1825 507 1954 549 filiam,
1996 521 2040 542 an
2072 521 2113 542 ex
2135 510 2291 555 Argis⁴³)

1489 567 1492 569 “
1717 558 1836 591 veniat
1854 560 1896 592 ad
1915 560 2117 594 exercitum.

1356 610 1474 651 Ayam.
1503 608 1623 653 Quare
1640 614 1677 641 tu
1693 620 1770 641 mea
1789 610 1978 644 observas?
2006 623 2080 644 non
2101 617 2183 645 sunt
2205 609 2290 644 haec

1714 659 1954 704 impudentis?

1307 709 1380 743 330
1409 711 1504 744 Men.
1533 708 1626 754 Quia
1650 710 1815 744 voluntas
1841 724 1897 745 me
1923 712 2128 753 vellicabat,
2161 718 2195 746 et
2217 724 2290 745 non

1716 773 1813 794 eram
1829 768 1910 796 tuus
1931 776 2062 798 servus.

1354 813 1477 854 Ayam.
1511 811 1593 845 Non
1617 818 1699 846 sunt
1723 812 1787 846 ista
1814 813 1968 854 atrocia,
2009 826 2082 848 non
2115 813 2212 848 sinat
2236 827 2290 848 re-

1712 875 1793 907 gere
1811 876 1925 897 meam
1944 864 2114 899 domum?

1355 913 1451 945 Men.
1480 912 1536 946 Tu
1553 913 1660 946 sentis
1676 913 1933 955 inconstantia,
1961 916 2030 948 iam
2053 916 2122 956 sic,

1355 962 1494 995 Deinde
1513 964 1632 1003 aliter,
1658 977 1741 998 mox
1760 977 1880 999 rursus
1897 966 1958 999 sic.

1354 1015 1471 1057 Ayam.
1497 1013 1544 1048 Es
1567 1021 1728 1059 argutus;
1764 1016 1882 1060 lingua
1908 1023 2030 1060 arguta
2054 1023 2105 1050 est
2128 1016 2290 1050 odiosum

1716 1067 1861 1100 malum.

1356 1115 1452 1147 Men.
1480 1112 1687 1149 Inconstans
1705 1117 1843 1150 animus
1860 1123 1907 1150 est
1928 1116 2056 1150 iniusta
2073 1130 2140 1158 res,
2168 1125 2200 1150 et
2218 1130 2291 1150 non

1712 1168 1897 1211 perspicua
1921 1167 2053 1201 amicis.

1307 1212 1379 1247 335
1406 1213 1497 1248 Volo
1516 1222 1630 1249 tecum
1647 1218 1887 1262 expostulare,
1916 1224 1949 1250 et
1967 1225 2004 1250 tu
2023 1231 2096 1251 non
2113 1230 2198 1263 prae
2215 1217 2267 1250 ira

1357 1266 1532 1300 Aversare
1550 1279 1686 1302 verum.
1739 1268 1822 1302 Non
1841 1268 1941 1301 valde
1959 1269 2065 1302 laudo
2083 1276 2127 1302 te.

1357 1316 1443 1357 Scis,
1471 1319 1614 1362 quando
1632 1319 1796 1363 cupiebas
1812 1319 1954 1364 praefici
1964 1319 2108 1354 Graecis
2125 1317 2292 1357 adinum,

1355 1367 1439 1401 Non
1455 1375 1577 1412 petens
1593 1369 1630 1402 in
1643 1370 1794 1413 speciem
1807 1396 1816 1410 ,
1843 1371 1903 1403 sed
1921 1370 2042 1404 volens
2059 1383 2096 1403 re
2114 1370 2208 1414 ipsa,

1356 1418 1473 1463 Quam
1492 1431 1569 1453 eras
1587 1418 1743 1460 humilis,
1767 1432 1909 1453 omnem
1927 1421 2085 1454 dextram
2105 1420 2292 1462 attingens,

1307 1467 1380 1502 :340
1406 1468 1451 1502 Et
1467 1467 1600 1504 habens
1618 1470 1743 1504 ianuas
1758 1482 1831 1503 non
1853 1471 1986 1503 clausas
2008 1471 2141 1504 volenti
2164 1482 2204 1502 ex
2229 1481 2292 1513 po-

1715 1521 1819 1566 pulo,

1356 1568 1401 1603 Et
1425 1571 1514 1604 dans
1540 1571 1736 1616 alloquium
1766 1572 1890 1604 ordine
1916 1570 2099 1610 omnibus,
2135 1569 2240 1603 etiam
2264 1569 2294 1602 si

1719 1621 1797 1667 quis
1810 1633 1885 1654 non
1900 1622 2042 1654 volebat
2052 1647 2061 1660 ,

1357 1669 1518 1704 Moribus
1535 1683 1708 1716 quaerens
1726 1672 1916 1716 imperium
1932 1684 1950 1705 a
1967 1672 2072 1715 vulgo
2087 1669 2272 1703 redimere.

1357 1720 1496 1755 Deinde
1522 1728 1712 1768 postquam
1735 1723 1868 1767 potitus
1892 1735 1927 1756 es
1950 1722 2121 1767 imperio,
2153 1728 2293 1753 mutans

1726 1786 1864 1814 mores,

1358 1822 1491 1856 Amicis
1507 1835 1581 1856 non
1598 1824 1749 1868 amplius
1765 1824 1873 1863 fuisti,
1900 1823 1988 1857 sicut
2006 1829 2099 1862 ante,
2127 1822 2271 1861 amicus,

1283 1892 1285 1916 Ι
1311 1871 1384 1907 :345
1412 1873 1572 1908 Difficilis
1588 1875 1624 1907 in
1646 1887 1828 1919 aggressu,
1856 1881 1889 1908 et
1903 1887 2005 1908 rarus
2023 1875 2113 1907 intra
2132 1873 2295 1920 claustra.

1362 1925 1501 1969 „Atqui
1520 1937 1593 1957 non
1611 1927 1776 1959 convenit
1794 1926 1909 1958 virum

1362 1975 1655 2016 „Praestantfflm
1684 1977 1719 2009 in
1741 1977 1890 2022 imperio

1363 2026 1533 2066 „Mutare
1552 2039 1667 2061 mores
1678 2028 1723 2074 ¹⁴¹⁴)
1737 2042 1743 2065 ;

1365 2077 1462 2117 „Sed
1481 2083 1563 2111 tunc
1577 2079 1729 2111 maxime
1746 2080 1886 2111 firmum
1908 2088 1979 2111 esse
1996 2075 2135 2114 amicis,

1365 2128 1549 2173 „Quando
1582 2129 1655 2173 ipse
1687 2130 1888 2162 fortunatus
1921 2127 2072 2160 maxime
2102 2131 2216 2169 potest
2241 2136 2299 2156 eos

1722 2181 1855 2213 iuvare.

1366 2228 1461 2261 Haec
1478 2229 1541 2261 tibi
1563 2229 1716 2273 primum
1734 2230 1863 2263 obiicio
1873 2229 1940 2274 ¹¹⁵),
1967 2227 2027 2260 ubi
2045 2233 2076 2259 te

1350 2354 1397 2380 41)
1415 2349 1580 2382 αεσεῃίεῐίἓ]
1594 2352 1633 2376 sic
1649 2352 1730 2375 Editt.
1746 2352 1830 2376 1558..
1853 2351 1942 2379 1562.;
1962 2350 2044 2374 Editt.
2064 2351 2163 2374 recent.
2178 2352 2223 2379 (=
2238 2351 2302 2374 text.
2338 2354 2340 2360 ’

1385 2387 1441 2418 gr.)
1461 2387 1510 2409 has
1531 2386 1622 2416 [Fix.:
1648 2385 1730 2417 istas]
1753 2388 1870 2410 litteras
1890 2382 2009 2415 cepisti?

1352 2437 1399 2467 42)
1419 2443 1433 2460 o
1447 2437 1504 2465 Dii]
1525 2437 1564 2460 sic
1580 2435 1626 2467 (Ξ
1640 2437 1731 2466 Eurip.
1752 2430 1860 2465 (fiam)
1876 2437 1976 2461 Barn..
1995 2436 2116 2466 Musgm
2141 2435 2215 2460 Fix.:
2235 2435 2304 2458 Proh
2336 2416 2339 2451 i

1388 2472 1438 2499 dii;
1464 2471 1546 2494 Editt.
1569 2471 1657 2494 1558..
1680 2471 1754 2495 1562.
1777 2471 1829 2494 odi.

1353 2522 1399 2554 43)
1418 2522 1515 2552 Argis]
1535 2523 1574 2545 sic
1589 2522 1670 2545 Editt.
1688 2524 1808 2549 recente,
1834 2521 1916 2545 Editt.
1933 2520 2021 2545 1558..
2043 2521 2114 2545 ¹562.
2135 2521 2217 2551 Argo.

1354 2573 1400 2604 4⁴)
1421 2573 1452 2595 H.
1472 2573 1489 2597 Ι,
1514 2573 1541 2596 in
1568 2573 1757 2605 Editt.1558.‚
1793 2573 1866 2597 1562.
1895 2574 1959 2596 nota
1984 2577 2088 2602 marg:

1390 2613 1443 2631 non
1462 2613 1526 2630 esse
1546 2608 1689 2631 mutandos
1711 2613 1809 2631 mores.

1356 2657 1402 2688 45)
1422 2658 1518 2681 obiit-io
1538 2676 1543 2680 .
1564 2676 1569 2681 .
1591 2677 1597 2683 .
1616 2658 1739 2687 invenio]
1761 2658 1801 2681 sic
1818 2657 1901 2682 Editt.
1920 2657 2008 2686 1558„
2029 2656 2119 2687 ¹562.;
2138 2658 2230 2685 Bam„
2251 2656 2307 2680 rix.

1394 2695 1439 2722 (z.-
1458 2694 1525 2716 text.
1546 2696 1601 2723 gr.)
1621 2693 1706 2717 obieci
1726 2711 1730 2716 .
1753 2711 1758 2716 .
1780 2710 1784 2715 .
1806 2691 1906 2716 inveni.

2124 2571 2164 2596 Ob
2192 2573 2308 2596 honores
2332 2574 2335 2591 ι
