2373 2980
235 119 310 156 103

336 203 510 238 Saturnus
526 203 600 238 Soli
615 203 735 249 aliquo
752 204 921 248 adspectu
937 203 1140 248 copulatus,
1175 202 1227 236 vi-

234 267 294 289 ros
310 256 492 289 modestos
503 282 511 294 ‚
537 255 746 288 commodos
761 260 795 287 et
811 255 953 288 sedulos
969 254 1136 299 largitur:
1171 252 1227 288 Iu-

234 306 327 350 piter
342 304 509 340 honestos
528 312 561 338 et
583 305 721 349 magnis
742 305 871 340 animis
893 307 1092 350 praeditos;
1129 305 1227 339 Mars

233 363 395 391 strenuos
407 384 416 397 ,
441 356 574 389 alienos
590 368 608 388 a
627 356 877 390 communibus
890 354 1079 390 hominum
1095 356 1227 389 affecti-

234 408 317 447 bus,
346 407 570 451 impatientes
595 407 731 440 ordinis
756 413 790 440 et
812 408 949 451 legum:
984 408 1123 447 Venus,
1159 407 1226 440 ele-

234 463 355 501 gantes
387 463 420 490 et
451 458 645 495 formosos;
692 457 891 492 Mercurius
925 459 1034 492 victui
1063 458 1226 503 parando

233 509 398 546 idoneos;
425 507 546 542 Venus
562 521 641 542 cum
661 509 838 550 Saturno,
865 509 1011 553 ignavos
1028 516 1061 542 et
1078 509 1122 542 ad
1142 520 1227 541 con-

233 559 455 592 suetudinem
473 559 695 603 coniugalem
713 561 977 599 imbecilliores;
1011 573 1090 593 cum
1109 559 1226 592 Marte

232 609 408 649 fervidos,
447 610 483 642 in
508 610 682 644 Venerem
714 623 866 656 pronos,
906 612 1104 648 adulteros;
1144 622 1223 642 cum

233 660 433 701 Mercurio,
459 660 654 695 liberorum
672 668 843 696 amantes.

336 711 561 756 Quadrantes
600 719 718 747 autem
760 711 949 746 orientales
994 709 1224 754 intelligimus

232 762 270 795 in
292 762 373 795 Sole
395 775 454 796 eos
478 764 586 803 duos,
627 764 688 809 qui
718 762 957 807 horoscopum
982 768 1016 794 et
1042 761 1222 794 cardinem

234 814 420 847 occiduum
446 815 676 852 antecedunt;
714 815 750 846 in
776 814 878 847 Luna
904 825 1009 853 vero,
1044 814 1224 858 quadran-

232 871 284 898 tes
301 866 389 897 duos
407 865 593 898 novilunio
612 872 645 898 et
662 865 858 909 plenilunio
874 863 1116 910 proximisque
1137 875 1224 910 qua-

233 915 389 949 draturis
407 916 628 955 interiectos,
653 916 687 948 id
708 922 777 956 est,
804 928 936 957 unum,
972 917 1008 949 in
1032 929 1103 962 quo
1120 915 1223 949 Luna

234 979 252 1000 a
272 979 462 1010 congressu
480 980 557 1000 cum
576 967 656 1000 Sole
674 967 797 1000 crescit
811 980 922 1012 usque
939 969 981 1001 ad
999 968 1148 1011 figuram
1172 966 1225 1000 di-

231 1018 435 1056 midiatam;
468 1018 617 1052 alterum
632 1045 639 1058 ,
672 1018 709 1051 in
731 1031 802 1064 quo
825 1025 906 1062 post
928 1019 1073 1063 plenum
1100 1020 1223 1052 orbem

232 1069 416 1102 marcescit
446 1081 566 1103 rursus
598 1082 709 1115 usque
741 1070 786 1102 ad
810 1069 959 1113 effigiem
987 1070 1224 1103 dimidiatam.

232 1119 477 1154 Occidentales
494 1121 709 1166 quadrantes
726 1120 957 1165 intelligimus
979 1133 1038 1155 eos
1051 1147 1060 1161 ,
1087 1121 1149 1167 qui
1169 1119 1224 1154 his

233 1177 476 1217 opponuntur.

332 1223 452 1257 Firma
474 1230 589 1256 autem
603 1250 611 1263 ,
637 1229 677 1256 ut
699 1222 895 1266 plurimum
915 1223 1023 1263 fiunt,
1060 1229 1094 1256 et
1118 1220 1224 1256 dura-

230 1275 314 1309 bilia
334 1274 517 1318 coniugia,
545 1275 689 1319 quando
706 1273 743 1307 in
767 1274 938 1318 genituris
961 1275 1148 1322 utriusque
1170 1274 1223 1307 lu-

229 1327 326 1362 mina
360 1326 481 1362 amicis
505 1340 540 1362 se
564 1335 688 1362 mutuo
716 1327 824 1363 radiis
854 1328 1056 1363 intuentur:
1099 1332 1223 1373 utpote

230 1379 432 1425 triquetris,
466 1380 521 1413 vel
546 1381 760 1425 sexangulis;
803 1387 950 1427 tumque
977 1381 1032 1414 vel
1057 1381 1224 1420 maxime,

232 1433 374 1478 quando
394 1444 434 1465 ex
450 1431 521 1465 suis
539 1431 624 1466 locis
643 1432 1058 1478 vicissitudine'quadam
1081 1444 1223 1477 permu-

230 1484 311 1517 tatis
337 1497 371 1517 se
397 1490 522 1517 mutuo
547 1483 764 1528 receperint;
816 1484 929 1517 multo
963 1483 1069 1516 etiam
1099 1483 1225 1527 magis,

232 1536 377 1581 quando
394 1535 462 1567 viri
478 1534 620 1574 Lunae,
647 1533 806 1567 mulieris
822 1535 896 1567 Soli
925 1532 992 1567 hoc
1014 1536 1122 1568 modo
1141 1547 1224 1567 con-

233 1586 377 1630 gruerit.
432 1585 685 1619 Dissolvuntur
701 1592 818 1619 autem
842 1586 912 1619 levi
939 1586 1124 1620 occasione
1150 1598 1224 1618 ma-

232 1636 399 1670 trimonia
415 1663 423 1676 ,
466 1643 499 1669 et
524 1636 668 1669 alienati
692 1649 710 1669 a
737 1649 773 1671 se
792 1643 916 1671 mutuo
947 1649 1094 1682 prorsus
1125 1637 1225 1671 dissi-

233 1689 318 1721 dent
336 1687 512 1732 coniuges,
533 1689 676 1733 quando
694 1688 830 1732 positus
846 1688 1021 1722 luminum
1039 1689 1110 1721 iam
1130 1701 1224 1721 com-

232 1739 422 1772 memorati
438 1739 599 1771 incidunt
615 1739 650 1771 in
669 1740 767 1783 signa
786 1739 1013 1773 inconiuncta
1040 1746 1073 1772 et
1097 1740 1225 1779 aliena,

232 1790 289 1823 vel
319 1790 392 1834 ipsa
427 1789 598 1834 oppositis
628 1791 855 1835 quadratisve
885 1804 921 1824 se
946 1798 1071 1825 mutuo
1093 1791 1226 1824 feriunt

233 1840 355 1874 radiis.
409 1840 524 1873 Porro
550 1840 578 1874 si
603 1841 737 1874 lumina
759 1855 800 1874 ex
826 1842 1118 1876 convenientibus
1139 1841 1226 1875 locis

233 1892 362 1927 sociata
376 1918 385 1931 ,
411 1891 557 1924 benefici
576 1904 717 1937 quoque
734 1893 854 1938 aliquo
870 1893 1025 1927 foverint
1046 1895 1226 1938 adspectu,

233 1949 345 1976 totam
370 1942 462 1975 vitae
486 1942 523 1975 in
554 1943 718 1986 coniugio
748 1944 1039 1978 consuetudinem
1068 1956 1226 1984 suavem,

233 1995 375 2039 plenam
404 1999 549 2026 mutuae
580 2000 613 2026 et
642 2000 833 2038 perpetuae
860 1996 1150 2035 benevolentiae,
1193 2001 1227 2027 et

234 2045 394 2089 utrisque
419 2045 682 2076 commodatam
710 2045 860 2078 efficient
890 2053 922 2079 et
947 2047 1226 2084 conservabunt3

234 2095 385 2129 malefici
401 2101 523 2128 contra
540 2101 573 2128 et
591 2095 784 2129 discordias
803 2103 937 2136 serent,
966 2097 1227 2130 contentiones-

236 2159 304 2193 que
324 2153 358 2179 et
381 2146 656 2178 inverecundam
685 2147 777 2179 vitae
802 2148 1092 2181 consuetudinem
1121 2154 1227 2193 atque

236 2198 393 2243 utrisque
417 2196 559 2230 noxiam
585 2203 618 2230 et
641 2198 850 2232 damnosam
876 2199 1036 2232 reddent.
1093 2199 1225 2232 Eadem

236 2249 374 2281 ratione
400 2248 428 2281 si
453 2248 648 2282 luminibus
674 2249 853 2282 collocatis
877 2250 913 2281 in
937 2255 1029 2283 statu
1061 2250 1228 2282 inconve-

236 2299 362 2338 nienti,
388 2299 535 2332 benefici
553 2301 796 2334 consenserint
812 2300 932 2345 aliquo
949 2301 1132 2344 suffragio,
1154 2313 1227 2333 non

237 2362 383 2395 prorsus
413 2350 506 2382 vitae
533 2351 824 2384 consuetudinem
855 2351 1048 2391 dirimunt,
1090 2352 1149 2385 sed
1176 2364 1228 2385 sa—

238 2407 327 2433 nant
354 2400 527 2440 offensas,
570 2402 812 2448 alienatosque
838 2403 1091 2442 reconciliant,
1128 2409 1162 2435 et
1185 2404 1227 2435 ad

238 2451 424 2496 pristinam
459 2453 748 2486 consuetudinem
780 2454 975 2494 reducunt,
1014 2461 1228 2498 tuenturque

238 2508 401 2535 mutuum
420 2502 512 2534 inter
529 2515 587 2535 eos
604 2516 761 2537 amorem
778 2513 811 2537 et
826 2506 1124 2538 benevolentiam.
1153 2505 1228 2537 Ma-

238 2553 328 2585 lefici
345 2565 428 2586 vero
447 2553 619 2587 ‹Hvellunt
641 2556 842 2599 coniugium
856 2583 864 2595 ,
900 2563 933 2589 et
955 2557 1026 2589 fere
1050 2569 1129 2589 cum
1153 2555 1228 2588 vio-

238 2604 347 2637 lentia
367 2604 505 2649 aliqua,
535 2611 596 2638 aut
616 2606 774 2639 infamia.
833 2607 1032 2641 Mercurius
1049 2608 1142 2641 solus
1161 2607 1229 2639 illis

242 2655 447 2696 adiunctus,
484 2656 663 2689 notoriam
689 2664 795 2702 atque
820 2657 855 2690 in
880 2671 940 2691 ore
967 2659 1060 2703 vulgi
1088 2670 1229 2691 versan-

241 2712 312 2739 tem
339 2706 556 2750 ignominiae
582 2708 697 2741 labem
727 2709 925 2753 adspergit,
966 2717 998 2742 et
1032 2710 1230 2743 actionibus

812 116 934 154 PmL.
965 115 1079 153 MEL.
1112 113 1316 152 SCRIPTA
1346 113 1684 151 PHILOLOGICA.

1259 706 1378 740 'tatim
1405 708 1442 740 iu
1465 708 1611 743 alterius
1633 710 1783 754 trigonis
1803 711 1967 746 existunt.

2198 116 2275 155 1⁰4

1279 199 1475 234 iudiciariis
1489 200 1661 246 implicat.
1712 198 1809 233 Idem
1828 212 1906 236 cum
1928 201 2103 237 assidente
2118 201 2186 237 sibi
2204 202 2276 238 Ve-

1277 263 1384 292 nere,
1411 252 1577 285 adulterii
1593 256 1656 285 aut
1673 251 1833 284 veneficii
1848 253 2077 296 criminibus,
2110 254 2168 288 vel
2193 254 2274 290 aliis

1278 301 1484 336 huiusmodi
1502 308 1615 336 notat.

1380 352 1551 399 Reliquas
1567 351 1816 396 coniugiorum
1833 352 2052 390 differentias
2067 367 2110 389 ex
2121 354 2274 397 Venere,

1278 402 1395 436 Marte
1423 410 1457 437 et
1477 404 1633 437 Saturno
1664 403 1822 438 iudicare
1846 411 2000 450 oportet.
2065 405 2274 452 Congruen-

1279 460 1330 487 tes
1354 453 1449 486 enim
1474 452 1512 487 hi
1535 466 1614 487 cum
1639 454 1854 497 luminibus,
1881 456 2093 492 domesticas
2109 463 2144 491 et
2158 457 2274 502 legiti-

1279 515 1354 537 mas
1371 504 1641 539 coniunctiones
1659 506 1872 546 decernunt;
1907 507 2045 554 eritque
2066 508 2273 543 coniunctio

1278 554 1376 594 talis,
1401 555 1515 600 qualis
1531 555 1680 590 Veneris
1699 569 1782 601 erga
1799 558 2011 592 alterutrum
2027 556 2203 594 habitudo
2221 565 2275 594 at-

1278 617 1347 651 que
1365 605 1518 641 affectio.
1571 607 1682 640 Marti
1705 609 1890 653 copulata,
1916 609 2142 644 iuvenculam
2166 622 2275 656 spon-

1277 657 1337 689 det
1355 669 1515 692 uxorem.
1573 658 1789 693 Altitudines
1806 660 1901 693 enim
1919 661 2106 708 utriusque
2128 673 2273 708 permu-

2020 712 2177 746 saturno
2193 712 2275 747 iun-

1277 764 1345 799 cta,
1372 765 1487 793 aetate
1503 760 1804 804 grandiusculam,
1830 763 1928 808 quod
1943 763 2125 796 domicilia
2141 763 2274 798 utrius-

1277 821 1345 855 que
1379 812 1609 855 permutatim
1645 811 1683 845 in
1716 812 1861 847 alterius
1894 813 2056 858 trigonos
2098 813 2274 850 incidunt.

1277 861 1398 906 Quare
1418 874 1496 895 cum
1518 862 1634 897 Marte
1652 863 1726 908 ipsa
1745 864 1905 897 absolute
1929 876 2100 899 venereas
2124 871 2273 900 naturas

1277 913 1399 954 efficit,
1428 914 1555 959 quibus
1571 915 1599 948 si
1618 914 1988 956 adfueritMercurius‚
2014 916 2156 961 prodet,
2179 928 2272 964 quae

1276 964 1425 1005 facient,
1460 972 1495 999 et
1516 967 1753 1011 pel-vulgabit.
1807 967 1914 1013 Quod
1939 967 1968 1000 si
1993 979 2034 1001 ex
2057 966 2167 1012 signis
2187 972 2273 1013 pr'o·

1277 1015 1419 1050 miscuis
1438 1023 1472 1049 et
1488 1017 1630 1064 utrique
1650 1018 1808 1063 cognatis
1826 1030 1866 1052 ac
1881 1018 2118 1053 familiaribus
2133 1018 2201 1054 sibi
2217 1019 2273 1052 in-

1277 1066 1389 1100 vicem
1425 1068 1683 1112 applicuerint,
1725 1075 1764 1102 ut
1788 1069 2008 1115 Capricorno
2039 1077 2073 1104 et
2097 1070 2272 1112 Piscibus,

1276 1117 1477 1162 illegitimas
1495 1131 1573 1152 cum
1591 1120 1774 1154 sororibus
1790 1127 1851 1154 aut
1873 1121 2145 1166 consanguineis
2163 1134 2272 1167 copu-

1277 1169 1427 1202 lationes
1442 1169 1640 1214 designant.
1691 1170 1731 1204 In
1748 1171 1909 1206 virorum
1926 1184 2011 1206 vero
2029 1173 2214 1217 genituris,
2241 1173 2272 1208 si

1277 1219 1378 1252 Luna
1397 1220 1503 1253 etiam
1523 1222 1718 1263 adstiterit,
1747 1235 1826 1256 cum
1843 1224 1981 1257 duabus
2002 1224 2187 1259 sororibus
2209 1229 2272 1258 aut

1278 1271 1567 1315 consanguineis;
1594 1273 1631 1306 in
1649 1274 1839 1307 mulierum
1853 1300 1862 1315 ,
1889 1274 1917 1308 si
1933 1273 2068 1319 Iupiter
2089 1275 2272 1316 assederit,

1277 1334 1356 1358 cum
1374 1323 1543 1357 fratribus
1560 1325 1698 1359 duobus
1714 1325 1834 1359 aliisve
1852 1326 2023 1371 sanguine
2038 1326 2167 1362 iunctis
2183 1326 2272 1361 tales

1277 1376 1610 1412 commiscebuntur.

1379 1428 1534 1463 Saturno
1562 1429 1681 1463 iuncta
1713 1427 1833 1463 Venus
1871 1439 2017 1462 suavem
2056 1428 2206 1462 omnino
2236 1435 2273 1463 et

1277 1479 1437 1514 stabilem
1470 1479 1762 1514 consuetudinem
1793 1479 1887 1513 vitae
1916 1479 1954 1512 in
1979 1479 2145 1524 coniugio
2167 1491 2272 1525 prae-

1277 1537 1357 1565 stat.
1425 1531 1625 1565 Mercurius
1651 1530 1680 1565 si
1701 1531 1906 1570 accesserit,
1947 1531 2054 1564 etiam
2082 1532 2272 1565 commoda

1278 1582 1426 1616 confert.
1477 1583 1525 1616 At
1542 1583 1571 1616 si
1590 1582 1688 1615 Mars
1711 1594 1746 1615 se
1770 1581 1970 1623 miscuerit,
2003 1581 2180 1616 instabilis
2205 1581 2274 1615 erit

1278 1633 1372 1666 vitae
1399 1635 1639 1674 consuetudo,
1667 1633 1879 1678 damnisque
1904 1638 1939 1665 et
1962 1632 2188 1667 nocumentis
2210 1633 2272 1666 ob-

1278 1684 1404 1725 noxia,
1432 1690 1465 1717 et
1481 1685 1666 1718 certabunt
1684 1684 1752 1729 ipsi
1767 1685 1861 1717 inter
1878 1695 1914 1717 se
1933 1684 2100 1729 coniuges
2116 1684 2274 1718 aemula-

1278 1735 1375 1769 tione
1396 1741 1502 1781 atque
1524 1736 1733 1770 invidentia.
1793 1735 1899 1780 Quod
1922 1735 1950 1767 si
1973 1736 2143 1779 adspectu
2165 1733 2275 1776 felici,

1278 1787 1333 1820 vel
1360 1799 1401 1819 ex
1425 1787 1717 1820 convenientibus
1741 1785 1848 1830 signis
1873 1785 2003 1819 locisve
2022 1786 2120 1820 Mars
2143 1798 2180 1820 se
2204 1785 2275 1820 illis

1278 1837 1524 1879 insinuaverit,
1549 1839 1713 1884 aequales
1730 1836 1938 1881 despondet.
1966 1837 2003 1870 si
2018 1844 2140 1870 tamen
2157 1836 2274 1870 orien-

1279 1889 1385 1922 talior
1399 1889 1505 1922 suerit
1519 1895 1692 1934 utroque,
1714 1894 1801 1921 natu
1817 1887 1994 1927 minores;
2026 1888 2055 1922 si
2074 1887 2274 1922 occidenta-

1279 1940 1368 1980 lior‚
1400 1946 1489 1973 natu
1513 1940 1722 1984 grandiores
1745 1940 1979 1973 demonstrat.
2042 1938 2081 1973 si
2104 1950 2191 1972 vero
2216 1950 2275 1972 co-

1280 1997 1385 2036 gnata
1409 1997 1559 2024 naturae
1581 2002 1664 2024 suae
1691 1990 1788 2033 signa
1817 1989 1924 2023 simul
1954 1989 2011 2022 vel
2040 1989 2274 2034 permutatim

1282 2041 1485 2075 obsederint
1509 2041 1626 2075 Venus
1651 2047 1685 2073 et
1708 2041 1903 2080 Saturnus,
1946 2046 1986 2073 ut
2012 2040 2274 2085 Capricornum

1281 2099 1343 2126 aut
1373 2092 1539 2132 Libram,
1585 2091 1857 2125 commixtiones
1889 2103 1968 2123 cum
2002 2091 2277 2135 consanguineis

1280 2144 1511 2188 portendunt.
1566 2143 1672 2188 Quod
1689 2142 1717 2176 si
1735 2140 1803 2175 hoc
1829 2141 1948 2186 positu
1972 2141 2009 2174 in
2032 2140 2276 2187 horoscopum

1282 2194 1490 2233 inciderint,
1518 2200 1579 2227 aut
1602 2193 1691 2226 coeli
1714 2194 1873 2233 culmen,
1905 2198 1938 2225 et
1953 2191 2057 2227 Luna
2076 2193 2273 2234 accesserit,

1282 2257 1397 2279 mares
1412 2257 1490 2278 cum
1509 2245 1701 2285 matribus,
1728 2244 1785 2277 vel
1808 2244 2028 2284 materteris,
2062 2250 2124 2278 aut
2145 2256 2275 2278 nover-

1282 2297 1330 2330 cis
1347 2309 1422 2330 rem
1440 2293 1644 2335 habituros3
1670 2295 1827 2329 femellas
1850 2295 1960 2334 filios,
1995 2302 2056 2329 aut
2076 2295 2275 2340 privignos,

1282 2355 1343 2381 aut
1358 2347 1511 2380 filiarum
1530 2347 1678 2380 maritos
1697 2347 1914 2381 admissuros
1933 2346 2130 2391 designant.
2164 2346 2272 2392 Quod

1282 2400 1310 2433 si
1330 2399 1389 2432 Sol
1407 2399 1645 2438 concurrerit,
1670 2398 1873 2444 fuerintque
1891 2399 2054 2442 planetae
2072 2397 2273 2431 occidenta-

1282 2452 1351 2491 les,
1386 2462 1502 2484 niares
1526 2450 1633 2489 filias,
1675 2450 1730 2482 vel
1752 2449 1952 2493 privignas,
1993 2449 2049 2481 vel
2070 2461 2201 2489 nurus,
2233 2448 2273 2482 id

1283 2509 1352 2543 est,
1378 2501 1532 2534 filiorum
1550 2512 1677 2534 uxores
1691 2500 1821 2534 incesta
1839 2499 2093 2533 consuetudine
2115 2499 2271 2544 pollutu-

1282 2566 1359 2592 ros;
1397 2552 1545 2585 femellis
1568 2552 1715 2585 eandem
1740 2550 2030 2586 consuetudinem
2056 2562 2137 2584 cum
2159 2549 2272 2595 patri-

1282 2606 1366 2645 bus,
1392 2610 1451 2637 aut
1470 2604 1624 2648 patruis,
1653 2610 1713 2637 aut
1727 2603 1861 2636 vitricis
1878 2602 2073 2636 minantur.

1383 2655 1429 2689 At
1444 2656 1472 2689 si
1488 2667 1692 2699 congressus
1714 2653 1751 2687 hi
1775 2654 2163 2700 configurationesque‚
2194 2663 2269 2685 non

1283 2714 1431 2751 cognata
1458 2713 1563 2752 atque
1592 2706 1837 2740 convenientia
1865 2708 1982 2750 signa,
2024 2708 2083 2740 sed
2116 2704 2267 2738 feminea
