2373 2980
95 54 192 90 1045

144 142 244 186 Quae
272 152 356 174 vero
382 140 616 180 consederat,
651 140 714 174 ubi
734 152 848 175 novus
887 140 978 174 filius
1010 141 1095 174 effu-

370 205 384 208 ·
508 192 628 232 derat,

141 243 188 276 Et
204 242 360 287 gustavit
379 249 503 287 potum
516 269 525 283 ,
552 243 672 275 statim
689 243 823 277 alatum
841 256 969 288 corpus

142 293 347 333 Concussit,
392 296 442 327 et²
461 290 626 327 bacchari
661 295 777 339 coepit
789 294 855 341 ll⁸),
895 301 929 328 et
963 294 1093 327 clanxit

506 357 611 386 voce,

93 394 190 433 1205
219 396 386 438 Eiulans,
413 398 509 443 quod
525 409 598 429 non
616 396 872 441 intelligeretur
883 397 944 442 15);
974 397 1091 431 obstu-

502 454 579 492 puit
594 454 689 482 totus

140 499 384 533 Convivarin‘n
403 505 522 533 coetus
540 500 725 533 columbae
741 500 892 534 labores.

140 550 201 583 Illa
220 551 379 584 moriens
395 551 573 596 palpitans
593 551 721 584 rubros

139 602 252 635 Pedes
275 602 429 636 demisit.
482 602 585 636 biuda
606 609 680 636 tum
698 615 739 636 ex
756 602 910 635 vestibus
928 602 1087 634 membra

140 654 253 697 Supra
273 666 431 686 mensam
455 653 665 694 demittens,
695 653 863 686 vaticinio
888 653 1089 686 declaratus

506 706 597 738 filius

92 756 188 790 1210
223 755 378 788 Clamat:
425 756 514 801 Quis
546 754 734 790 hominum
766 755 879 788 voluit
912 766 966 786 me
998 753 1087 786 occi·
1114 758 1116 776 ἴ

503 807 612 841 dere?

139 857 256 890 Indica
272 885 280 898 ‚
310 871 329 891 o
348 871 472 897 senex;
502 865 601 892 tuum
622 857 717 891 enim
736 856 803 890 fuit
820 856 1072 895 ministerium,
1113 855 1115 899 ξ

137 908 183 942 Et
202 910 370 954 poculum
391 923 409 943 a
428 917 487 944 tua
506 909 625 953 accepi
644 920 767 941 manu.

137 960 264 993 Statim
298 973 381 994 vero
415 961 563 1006 inquirit
586 959 695 994 senile
720 957 905 992 brachium
935 957 1086 1003 prehen<

499 1013 584 1046 dens
595 1038 603 1052 ‚

138 1062 186 1094 Ut
202 1062 239 1095 in
257 1062 333 1106 ipso
349 1063 442 1096 sacto
462 1076 580 1097 senem
597 1068 819 1107 praesentem
837 1068 989 1106 caperet.

90 1111 187 1149 1215
214 1113 465 1159 Deprehensus
483 1121 516 1148 et
533 1120 675 1148 coactus
693 1114 751 1146 vix
768 1113 857 1146 dixit

135 1164 287 1199 Facinus
306 1165 459 1200 Creusae
471 1192 481 1206 ,
508 1172 542 1199 et
557 1163 842 1199 machinationes
860 1164 990 1208 poculi.

138 1215 260 1250 Currit
278 1229 363 1250 vero
381 1217 499 1251 statim
518 1218 614 1250 foras
631 1218 763 1250 ducens
782 1215 950 1248 convivas

135 1267 314 1312 Apollinis
332 1268 501 1301 vaticinio
520 1268 744 1301 renuntiatus
762 1266 872 1306 filius,

136 1317 183 1351 Et
198 1325 294 1353 stans
313 1319 405 1352 inter
421 1331 587 1364 proceres
604 1316 775 1364 Pythicos
793 1318 897 1351 dixit:

88 1371 186 1406 1220
214 1369 247 1404 O
264 1378 383 1404 sancta
403 1377 497 1404 terra
510 1397 519 1410 ‚
547 1371 591 1403 ab
609 1368 676 1403 hac
689 1367 906 1403 Erechthide

136 1421 286 1465 Hospita
306 1422 453 1455 muliere
472 1421 707 1454 interficimur
723 1433 873 1454 veneno.

136 1470 361 1517 Delphorum
402 1485 487 1506 vero
525 1472 704 1517 principes
738 1473 973 1505 decreverunt
1004 1481 1085 1514 pro·

501 1524 630 1557 iectam
646 1524 689 1557 de
708 1535 796 1568 rupe

137 1574 234 1607 Mori
251 1587 366 1608 meam
385 1575 571 1609 dominam
591 1587 665 1608 non
683 1587 755 1608 uno
773 1573 962 1617 suffragio:

137 1625 330 1672 Tanquam
355 1634 521 1661 conatam
543 1627 740 1660 interficere
765 1625 1009 1664 sacerdotem,
1053 1630 1086 1655 et

496 1679 534 1712 in
556 1678 690 1723 templo

90 1727 187 1765 1225
215 1729 368 1763 Caedem
392 1730 693 1767 committentem3
735 1734 810 1761 tota
836 1738 920 1760 vero
946 1725 1086 1771 quaerit

512 1782 635 1814 civitas

103 1839 108 1842 ·
138 1829 238 1862 Illam
251 1856 259 1869 ‚
289 1842 380 1875 quae
399 1829 467 1863 huc
486 1831 680 1864 maturavit
696 1830 865 1863 miserum
883 1828 960 1860 iter.

138 1880 294 1915 Veniens
311 1882 487 1915 desiderio
503 1883 699 1916 liberorum
715 1882 758 1913 ad
776 1877 962 1913 Phoebum
976 1905 984 1916 ,

141 1932 280 1976 Corpus
295 1945 397 1965 suum
416 1945 485 1965 una
503 1946 582 1967 cum
601 1933 721 1966 liberis
739 1930 893 1975 perdidit
905 1928 961 1973 16).

128 2074 173 2105 14)
193 2075 295 2104 coepit]
317 2075 358 2098 sic
378 2074 462 2098 Editt.
483 2077 604 2103 recent.;
630 2074 678 2097 Ed.
697 2072 771 2096 ¹562.
790 2071 868 2100 cepit.

127 2125 172 2152 15)
191 2125 424 2154 intelligeretur]
446 2125 584 2148 Ed.1562.
606 2125 750 2152 corrupte:
781 2120 999 2151 netelligeretur.

126 2176 171 2206 16)
192 2177 227 2199 Et
245 2176 272 2199 in
292 2176 342 2200 hoc
360 2188 393 2192 —-
412 2176 536 2206 perdidit.
557 2174 612 2206 (vs.
628 2172 849 2200 1196—1228.)]
871 2172 911 2194 sic
930 2171 978 2194 Ed.
997 2170 1085 2199 {5623

193 2245 229 2268 Et
248 2244 275 2267 in
294 2245 342 2268 hoc
362 2245 455 2268 labore
474 2243 596 2267 volatilis
615 2242 695 2266 irruit
709 2238 741 2264 ‘in
761 2240 881 2264 tentoria

194 2279 294 2301 'turma
313 2279 505 2303 columbarum.
543 2277 678 2308 Apollinis
696 2277 721 2299 in
743 2275 851 2304 templis

194 2313 306 2342 Impune
326 2314 397 2336 enim
417 2314 549 2337 habitant.
588 2313 637 2336 Ubi
657 2317 723 2334 vero
745 2310 899 2334 effuderant
919 2308 1025 2332 vinum.

195 2347 231 2370 Et
250 2348 276 2370 in
296 2347 385 2376 ipsum
404 2351 496 2371 rostra
516 2347 626 2377 potione
646 2347 760 2377 egentes

195 2381 387 2413 Demiserunt,
414 2383 558 2406 traxerunt
576 2387 643 2404 vero
663 2381 783 2410 pennata
802 2378 829 2401 in
848 2378 975 2408 guttura:

195 2417 230 2439 Et
250 2415 368 2439 caeteris
388 2417 495 2446 quidem
514 2416 631 2439 innocua
651 2416 711 2438 erat
730 2413 823 2436 libatio
842 2412 908 2436 Dei:

197 2451 272 2479 Quae
291 2456 358 2473 vero
379 2450 560 2479 consederat,
586 2449 630 2472 ubi
648 2454 737 2472 novus
761 2447 896 2471 effuderat
915 2446 987 2469 filius
999 2463 1005 2472 ,

196 2485 263 2509 Cum
282 2487 374 2514 potum
392 2486 551 2515 gustasset,
577 2483 670 2507 statim
689 2484 836 2513 pennatum
855 2486 956 2509 corpus

197 2518 362 2549 Concussit,
389 2521 416 2542 et
436 2519 566 2542 bacchata
584 2519 645 2547 est,
671 2519 698 2540 et
717 2516 800 2540 edidit
820 2521 913 2538 vocem

197 2553 347 2577 Confusam
366 2553 496 2576 stridenS.
533 2551 680 2581 Obstupuit
698 2556 765 2574 vero
785 2551 859 2573 totus

197 2587 382 2611 Convivarum
401 2590 496 2611 coetus
514 2586 655 2610 columbae
672 2586 793 2608 labores.

199 2622 251 2644 Sed
271 2623 409 2652 morienS,
434 2620 589 2651 palpitans,
615 2620 714 2643 rubras

198 2655 299 2679 chelas
319 2656 480 2685 demittens,
507 2655 578 2678 nuda
597 2660 629 2677 ex
648 2654 772 2676 vestibus
794 2653 913 2676 membra

611 52 732 88 LXXI.
791 52 1190 89 INTERPRETATIO
1227 53 1352 88 10le
1386 52 1638 89 EURIPIDIS.

2056 57 2150 92 1046

1202 142 1300 175 Ghor.
1328 140 1411 175 Non
1429 147 1498 180 est,
1526 153 1600 174 non
1617 146 1668 175 est
1683 141 1808 175 mortis

1152 191 1249 226 1230
1276 191 1458 237 Effugium
1477 190 1567 225 mihi
1586 192 1747 227 miserae.

1200 243 1390 278 Manifesta
1410 251 1492 278 sunt
1504 271 1512 284 ‚
1541 245 1727 278 manifesta
1746 243 1882 289 snut¹⁷)
1900 241 1986 276 haec
2004 244 2072 277 iam

1198 294 1267 328 Per
1287 296 1476 329 libationes
1490 295 1620 329 celeres
1637 295 1712 328 vini

1197 345 1326 380 Mixtas
1343 347 1450 391 guttis
1469 345 1640 380 echidnae
1656 353 1803 391 propter
1822 347 1976 384 caedem.

1197 396 1384 431 Manifesta
1402 405 1484 432 sunt
1499 399 1671 433 sacrificia
1692 404 1918 431 mortuorum
1933 411 1938 428 1

1148 446 1245 483 1235
1272 449 1500 484 Calamitates
1516 462 1616 483 meae
1636 450 1728 482 vitae
1740 476 1748 487 ,

1194 499 1238 532 Et
1257 500 1488 544 lapidationis
1505 501 1679 545 pernicies
1689 500 1734 543 ¹⁸)

1195 551 1297 584 Meae
1315 552 1496 585 dominae.

1193 603 1336 636 Alatam
1354 603 1472 646 fugam
1488 629 1496 641 ‚
1525 609 1587 636 aut

1114 666 1118 692 i
1194 654 1266 687 Sub
1284 654 1524 687 tenebricosos
1540 666 1694 687 secessus
1709 661 1825 686 terrae

1145 705 1242 739 1240
1268 704 1351 745 Ibo,
1380 705 1506 739 mortis
1521 705 1779 749 lapidationem

1191 757 1370 801 Fugiens?
1405 756 1659 803 quadrigarum

1193 808 1407 842 Celerrimos
1424 809 1530 852 pedes
1550 807 1790 850 conscendens
1806 831 1813 843 ‚
1844 812 1901 837 aut

1194 859 1232 893 In
1249 873 1386 905 puppes
1401 860 1547 893 navium
1559 858 1575 891 ἲ

1192 912 1275 945 Non
1292 918 1409 956 potest
1424 911 1499 944 fieri
1513 937 1522 950 ,
1550 909 1619 943 nisi
1635 909 1757 942 volens

1113 953 1115 1004 l
1146 961 1242 998 1245
1271 963 1368 997 Dens
1385 963 1475 995 clam
1495 974 1560 995 nos
1578 960 1694 1005 eripit.

1191 1015 1394 1059 Quidnam,
1422 1026 1442 1046 o
1462 1013 1590 1046 misera
1608 1011 1752 1044 domina
1766 1036 1774 1048 ‚

1189 1066 1322 1099 Animo
1341 1076 1485 1110 passura
1508 1063 1570 1097 es?
1600 1063 1789 1103 „volentes

1192 1118 1358 1156 „Nocere
1377 1116 1474 1155 aliis,
1502 1115 1599 1159 ipsae

1193 1169 1386 1208 „Patimur
1396 1167 1462 1213 ¹⁹),
1488 1173 1527 1200 ut
1543 1166 1674 1199 iustum
1696 1163 1813 1207 est‘20).

1113 901 1115 911 ι

1113 930 1115 939 ι

1113 942 1115 951 i

1243 1315 1333 1342 ,supra
1351 1316 1474 1335 mensam
1494 1309 1568 1333 misit
1588 1308 1716 1332 fatidicus
1737 1306 1817 1331 filius.

1243 1347 1350 1371 Clamat
1369 1351 1451 1369 vero:
1477 1344 1544 1374 Quis
1564 1350 1605 1367 me
1625 1342 1713 1366 voluit
1730 1341 1867 1365 hominum
1886 1335 2034 1363 occidere?

1241 1381 1349 1410 Indica,
1375 1386 1390 1404 o
1412 1385 1513 1409 senex3
1539 1379 1613 1402 tuum
1633 1377 1703 1400 enim
1724 1378 1767 1399 est
1786 1374 1923 1403 studium,

1244 1416 1278 1439 Et
1297 1415 1434 1445 potionem
1451 1420 1468 1437 a
1486 1415 1534 1436 tua
1552 1418 1633 1436 manu
1651 1410 1755 1440 accepi.

1243 1449 1341 1473 statim
1359 1454 1426 1472 vero
1447 1447 1560 1477 inquirit
1578 1446 1693 1470 senilem
1712 1445 1805 1468 uiuam
1824 1442 1994 1472 prehendens
2006 1458 2012 1469 ,

1242 1484 1272 1507 ln
1292 1484 1350 1513 ipso
1370 1481 1501 1506 veneficio
1520 1487 1615 1505 senem
1635 1481 1664 1503 ut
1683 1479 1858 1509 praesentem
1879 1477 2000 1506 caperet.

1242 1519 1440 1548 Deprehensus
1460 1521 1527 1540 vero
1547 1517 1573 1539 et
1593 1514 1661 1538 dixit
1680 1515 1770 1538 tortus
1790 1511 1836 1535 vix

1242 1553 1378 1576 Faciliora
1397 1552 1536 1581 Creusae,
1565 1551 1592 1573 et
1610 1548 1729 1579 potionis
1752 1546 1874 1571 fraudes.

1242 1587 1383 1611 Procurrit
1403 1591 1470 1609 vero
1489 1584 1583 1609 statim
1602 1584 1680 1608 foras
1699 1581 1871 1613 prehendens
1891 1580 2023 1604 convivas

1242 1622 1292 1645 Ille
1311 1621 1441 1644 fatidicus
1461 1619 1599 1650 Apollinis
1621 1618 1803 1645 adolescens,

1243 1657 1277 1679 Et
1297 1656 1368 1678 inter
1387 1653 1526 1684 principes
1546 1652 1678 1683 Pythicos
1697 1651 1865 1675 constitutus
1884 1649 1961 1672 dicit:

1244 1691 1266 1714 Ο
1287 1692 1363 1713 terra
1382 1689 1556 1719 veneranda,
1584 1686 1726 1710 Erechthei
1743 1685 1799 1708 filia
1819 1690 1834 1707 a

1243 1724 1397 1754 Peregrina
1418 1722 1530 1746 muliere
1551 1721 1665 1744 venenis
1684 1720 1824 1743 morimur.

1243 1759 1408 1787 Delphorum
1428 1763 1494 1779 vero
1513 1755 1651 1785 principes
1671 1753 1869 1781 decreverunt,
1891 1752 2081 1781 delapidatam

1243 1794 1313 1816 Mori
1332 1797 1418 1815 meam
1438 1791 1587 1819 dominam,
1614 1796 1668 1812 non
1687 1788 1823 1817 suffragio
1844 1793 1911 1810 nno:

1244 1829 1359 1850 sacrum
1379 1828 1472 1855 utpote
1490 1824 1717 1851 interficientem,
1744 1823 1771 1845 et
1790 1822 1817 1844 in
1836 1821 1944 1850 templis

1244 1862 1363 1885 Caedem
1383 1859 1604 1883 committentem.
1643 1858 1712 1881 Tota
1731 1861 1797 1879 vero
1817 1856 1924 1886 quaerit
1944 1855 2041 1878 civitas

1244 1897 1326 1923 Eam,
1354 1900 1424 1924 quae
1442 1893 1544 1917 misere
1563 1892 1684 1916 confecit
1703 1891 1831 1915 miseram
1852 1889 1931 1913 viam.

1242 1930 1403 1953 Liberorum
1422 1928 1494 1951 enim
1513 1927 1627 1950 veniens
1646 1927 1760 1956 propter
1779 1930 1900 1948 amorem
1919 1924 1954 1947 ad
1969 1924 2120 1949 Phoebum,

1243 1964 1350 1993 Corpus
1369 1961 1550 1986 communiter
1569 1968 1631 1985 cum
1649 1959 1744 1984 liberis
1765 1958 1891 1989 perdidit.

1180 2017 1226 2044 17)
1245 2015 1393 2038 Manifesta
1411 2014 1490 2041 sunt,
1509 2013 1658 2036 manifesta
1677 2012 1757 2040 sunt]
1775 2011 1815 2034 sic
1833 2011 1930 2040 Banu,
1949 2011 2069 2040 Musgr.;
2088 2010 2139 2033 Ed.

1212 2050 1286 2074 1562.
1305 2048 1456 2072 Manifesta
1474 2048 1539 2071 sunt
1558 2048 1639 2076 sunt3
1665 2046 1748 2070 Editt.
1767 2045 1857 2072 1553,
1877 2044 1954 2067 Fix.:
1981 2044 2138 2067 Manifesta.

1208 2084 1363 2108 manifesta.

1176 2136 1222 2163 18)
1241 2134 1391 2164 pernicies]
1412 2133 1452 2156 sic
1466 2131 1549 2157 Editt.
1568 2131 1659 2160 1558.,
1679 2131 1779 2157 Barn.;
1806 2130 1855 2152 Ed.
1874 2129 1946 2152 1562.
1968 2129 2051 2151 male:
2074 2135 2137 2157 per-

1207 2175 1313 2193 meieni.

1176 2222 1222 2249 19)
1243 2222 1276 2246 H.
1295 2221 1312 2243 l.
1332 2220 1359 2242 in
1377 2218 1427 2242 Ed.
1450 2217 1524 2241 1562.
1551 2217 1616 2240 nota
1635 2221 1737 2246 marg:
1770 2215 1871 2238 Malum
1897 2214 2040 2238 consilium
2067 2220 2134 2237 con-

1208 2255 1306 2278 sultori
1326 2253 1482 2283 pessimum.

1173 2307 1220 2339 20)
1241 2306 1325 2331 Cher.
1353 2305 1411 2328 Non
1438 2304 1479 2326 est
1500 2317 1531 2322 .-
1550 2303 1652 2325 iustum
1677 2303 1731 2325 est.
1759 2301 1815 2329 (vs.
1841 2300 1947 2324 1229-
1967 2300 2071 2327 1249.)]
2097 2300 2135 2323 sic

1208 2342 1258 2366 Ed.
1275 2339 1366 2367 1562.;
1393 2337 1442 2361 Ed.
1459 2337 1550 2360 1558.:

1242 2375 1327 2399 Cher.
1348 2373 1407 2396 Non
1426 2372 1486 2398 est,
1514 2376 1568 2393 non
1589 2372 1632 2392 est
1651 2369 1747 2392 mortis

1243 2408 1378 2437 Effugium
1398 2405 1516 2428 miserae
1534 2404 1606 2427 mihi.

1242 2442 1406 2469 Manifesta,
1432 2439 1579 2462 manifesta
1596 2439 1662 2461 haec
1683 2437 1735 2460 iam

1242 2477 1294 2500 Per
1315 2474 1443 2498 libamina
1462 2479 1494 2496 ex
1514 2472 1611 2495 Bacchi
1632 2472 1717 2494 botris
1738 2472 1821 2494 fortia

1242 2510 1378 2534 Echidnae
1397 2507 1483 2539 guttis
1501 2507 1585 2530 mixta
1604 2506 1690 2529 caedi.

1243 2544 1392 2568 Manifesta
1411 2541 1549 2565 sacrificia
1568 2540 1727 2563 inferorum.

1242 2578 1422 2603 calamitates
1441 2575 1547 2605 quidem
1566 2580 1641 2597 meae
1660 2574 1749 2603 vitae,

1243 2613 1382 2636 Pernicies
1398 2616 1467 2634 vero
1488 2609 1647 2640 lapidabiles

1243 2647 1375 2671 Dominae
1386 2663 1393 2677 ,
1418 2650 1470 2675 qua

1424 2677 1507 2713 66*
