2373 2980
135 110 210 148 265
366 108 437 143 LII.

136 198 187 230 les
214 194 465 240 praedicantur
498 196 752 235 crescentibus,
796 202 830 228 et
856 202 949 229 recte
975 197 1131 240 quidem.

138 247 279 281 Etenim
304 243 472 279 humores
501 247 563 279 alit
591 247 781 280 crescentia
807 247 925 280 lunae.
980 247 1134 280 Undeci-

139 311 216 332 mus
242 303 275 330 et
300 297 531 330 duodecimus
554 299 650 331 varie
673 299 866 331 laudantur
880 298 930 345 3),
965 299 1046 344 quia
1072 299 1134 331 tri-

140 361 230 394 gono
254 349 421 392 adspectu
443 349 554 381 solem
580 350 663 381 luna
691 349 868 389 intuetur,
905 363 985 383 euin
1009 351 1134 394 adspe-

139 406 230 433 ctum
250 406 377 431 vocant
395 400 591 432 beneficum
606 400 648 444 ⁴).

238 463 271 484 v,
289 449 375 485 765.
403 450 524 497 (763.)
555 450 707 495 ’Ήματα
730 449 768 485 ’δ’
788 451 827 485 ἐκ
842 449 1016 495 [fleam]
1044 452 1133 484 Pro-

136 501 239 545 ponit
262 508 366 545 poeta
389 514 425 535 se
449 502 627 534 dicturum
654 502 697 534 de
721 503 970 535 observatione
992 503 1131 536 dierum

135 553 232 585 iuxta
260 553 524 585 ordinationem
555 552 736 592 divinam,
779 553 841 598 qui
862 554 933 586 siut
958 554 1133 597 auspicati

135 603 209 636 dies
228 603 341 648 etqui
360 603 583 647 inauspicati.
635 602 787 637 Orditur
811 616 828 636 a
862 605 977 648 prima
1000 605 1132 638 mensis

136 654 214 693 die,
242 666 349 699 quam
369 654 453 687 dicit
469 654 642 698 optimam
661 666 746 688 esse.
779 655 826 688 Et
847 662 1032 688 enumerat
1050 668 1133 688 con-

136 704 231 749 gerie
249 706 403 750 quadam
418 732 426 745 ‚
456 706 539 750 quid
559 718 600 738 eo
618 705 674 738 die
692 707 846 749 populus
863 719 966 750 agere
987 719 1132 740 consue-

135 755 237 789 verit.
289 756 460 789 Solebant
476 763 594 789 autem
612 756 649 788 in
668 757 763 790 seriis
785 758 925 791 labores
950 770 1132 791 mercena-

133 807 270 840 riorum
304 809 525 851 expendere,
567 814 673 852 atque
704 820 769 851 pro
803 806 857 842 his
883 821 1074 842 numerare
1099 816 1133 842 et

132 869 276 902 pascere
300 871 455 903 quoque.
509 857 595 891 Item
622 858 659 890 in
685 859 782 892 seriis
805 860 1042 893 conveniebat
1068 873 1132 904 po-

132 909 255 953 pulus,
284 916 322 941 nt
341 910 579 949 iudicaretur,
608 911 795 943 doceretur
811 912 853 942 de
876 912 1069 954 religione,
1099 918 1133 944 et

132 966 173 993 ut
188 971 306 993 mores
321 961 576 994 formarentur.
631 961 724 994 Tum
743 962 870 995 scenici
895 963 969 995 ludi
988 964 1131 1002 fiebant,

134 1010 195 1055 qui
211 1010 285 1043 vice
310 1012 522 1044 concionum
548 1012 702 1045 fuerant.
761 1011 868 1046 Iit-lii
892 1014 982 1047 ritus
1006 1015 1049 1046 ad
1076 1026 1132 1047 res

132 1061 296 1105 politicas
321 1069 355 1094 et
379 1075 451 1095 non
478 1061 642 1107 physicas
668 1063 845 1096 referendi
879 1072 979 1102 sunt;
1022 1065 1131 1108 perti-

131 1118 220 1146 nent
237 1112 332 1145 enim
353 1115 397 1146 ad
414 1126 550 1153 mores,
586 1127 627 1146 ex
651 1115 779 1160 quibus
796 1116 938 1159 -suiupti
962 1122 1064 1155 sunt,
1099 1122 1133 1148 et

132 1175 207 1196 non
224 1164 268 1196 ad
288 1176 343 1197 res
361 1165 553 1198 naturales.

236 1227 269 1247 v,
295 1214 380 1248 770.
414 1215 534 1258 (768.)
570 1213 648 1261 ἔνη]
684 1215 805 1247 Prima
836 1216 909 1249 dies
935 1223 1005 1256 est,
1049 1216 1133 1255 ἕνας

132 1262 251 1308 ἀρχὰς
266 1271 402 1298 veteres
420 1265 658 1309 magistratus.
711 1265 765 1298 De
788 1264 854 1299 hac
880 1280 966 1300 voce
989 1269 1131 1312 copiose

133 1314 259 1348 Suidas
270 1313 310 1360 ⁵).

166 1430 196 1462 3)
215 1431 379 1458 laudantur]
405 1429 446 1452 sic
470 1429 554 1453 Editt.
575 1430 667 1459 1532.‚
695 1432 902 1462 1564—1591.;
938 1432 1021 1456 Editt.
1045 1433 1130 1463 1541„

201 1465 277 1489 1557.
288 1481 295 1495 ,
317 1464 380 1487 1601
390 1476 425 1480 -—
436 1464 510 1487 1662.
530 1464 666 1487 laudatur.

165 1506 194 1538 4)
214 1508 272 1530 Hoc
291 1506 458 1536 prooemium
479 1507 505 1529 in
524 1507 594 1530 lianc
608 1508 723 1531 alteram
739 1508 872 1538 poematis
886 1510 990 1538 partem
1004 1509 1031 1532 in
1045 1509 1129 1534 Editt.

200 1541 408 1569 1532—1501..
436 1541 527 1569 162³..
556 1541 630 1564 1662.
657 1542 777 1570 legitur:
816 1543 842 1566 in
869 1544 918 1566 Ed.
945 1544 1018 1568 1611,
1045 1549 1130 1572 supra

197 1583 224 1606 p.
244 1575 293 1598 165
309 1582 350 1605 sq.
371 1575 511 1604 descripta
530 1580 592 1605 pag.
605 1575 657 1599 727
673 1583 715 1606 sq.
737 1577 880 1600 exhibetur
895 1578 920 1600 in
936 1578 1048 1601 eandem
1062 1584 1129 1607 par-

200 1612 255 1633 tem
274 1610 356 1632 hocce
375 1609 558 1632 Melantlionis
578 1611 744 1639 prooemium
765 1613 797 1634 ab
818 1612 865 1635 illo
884 1612 1039 1636 diversum:

235 1643 390 1673 Praefatio
412 1644 485 1667 Phil.
506 1643 572 1667 Mel.
592 1645 623 1667 in
643 1645 750 1669 librum
768 1646 889 1670 Hesiodi
908 1647 941 1670 de
960 1648 1130 1672 (lis-crimine

282 1678 397 1702 dierum
418 1678 493 1702 1535.

250 1712 452 1742 Superstitiosa
472 1712 629 1735 observatio
650 1715 707 1737 est.
740 1720 809 1744 quae
829 1721 879 1737 nec
899 1716 1054 1739 mandatum
1076 1717 1126 1740 Dei

197 1747 293 1773 habet,
319 1752 368 1768 nec
387 1751 496 1768 cansam
518 1746 543 1768 iu
565 1748 662 1770 natura
682 1749 839 1777 physicam,
872 1755 921 1772 nec
940 1750 1078 1778 politicam
1098 1752 1124 1774 iu

197 1780 272 1804 civili
292 1780 506 1805 consuetudine,
539 1782 567 1803 ut
587 1782 746 1805 observatio
765 1783 875 1812 tripudii
900 1784 999 1807 avium.
1043 1786 1126 1808 Nulla

199 1814 270 1838 enim
289 1816 333 1837 est
352 1814 470 1843 physica
487 1815 533 1837 aut
553 1815 663 1843 politica
683 1822 785 1847 causa,
819 1823 889 1846 qnae
908 1818 1046 1847 significet
1065 1820 1124 1843 cla—

196 1848 257 1871 dem
277 1848 422 1878 exercitui,
443 1850 591 1877 propterea
609 1850 679 1878 quod
699 1857 751 1874 non
772 1852 877 1874 saltent
891 1857 967 1876 aves,
1005 1853 1058 1876 Sed
1075 1855 1124 1877 ob—

196 1882 390 1907 servationes,
423 1887 493 1912 quae
518 1882 618 1906 habeut
642 1887 690 1907 aut
712 1886 842 1908 mandata
862 1886 927 1911 nei,
959 1888 1006 1910 aut
1024 1893 1124 1911 causas

196 1917 340 1940 naturales
360 1922 410 1938 scu
428 1916 573 1945 politicas.
594 1923 645 1941 uon
663 1923 727 1942 suut
742 1920 972 1949 superstitiosae,
992 1922 1040 1944 sed
1054 1928 1122 1950 opus

195 1950 247 1974 Dei
266 1951 292 1973 in
311 1952 412 1973 natura
429 1950 583 1974 ordinatum
596 1968 603 1980 ‚
637 1952 709 1976 sicut
732 1954 862 1977 divinitus
883 1954 908 1977 in
929 1958 1030 1978 natura
1047 1956 1122 1979 aliud

196 1986 303 2014 tempus
324 1986 368 2007 est
390 1984 567 2009 coustitutum
586 1987 703 2012 sationi.
730 1988 805 2011 aliud
823 1989 927 2018 messi3
959 1989 1039 2016 item,
1068 1996 1122 2014 uon

196 2020 312 2048 possunt
331 2019 426 2042 eodem
445 2020 568 2048 tempore
587 2022 709 2044 exerceri
732 2023 847 2052 iudicia,
870 2023 938 2046 disci
958 2024 1120 2054 religiones.

195 2053 270 2076 arari
294 2059 360 2081 ruS,
392 2053 516 2076 exerceri
540 2055 757 2085 negotiationes:
799 2057 836 2080 ita
866 2057 954 2080 critici
981 2059 1039 2081 dies
1066 2065 1120 2082 11011

198 2089 262 2110 suut
281 2087 484 2116 superstitiosi,
503 2088 550 2110 sed
565 2089 667 2112 habeut
686 2091 712 2114 in
732 2093 831 2114 natura
849 2097 975 2120 causam,
997 2093 1059 2122 quia
1077 2093 1121 2115 vi-

194 2122 295 2145 delicet
314 2122 378 2145 luna
397 2122 512 2151 septimo
529 2122 572 2145 die
591 2125 718 2153 pervenit
737 2126 771 2148 ad
791 2125 916 2153 signum.
952 2128 1022 2156 quod
1042 2128 1121 2150 hahet

194 2156 362 2179 contrariam
383 2157 508 2179 naturam
529 2157 552 2179 ei
577 2158 674 2189 siguo,
708 2159 733 2182 in
760 2166 810 2188 quo
837 2160 927 2184 fuerat
956 2161 1041 2190 primo
1068 2162 1118 2185 die.

194 2191 234 2213 Ita
253 2191 398 2220 pleraeque
413 2191 623 2215 ohservationes
639 2193 802 2217 medicorum
817 2195 915 2217 liabent
929 2201 1029 2218 causas
1047 2196 1118 2226 phy-

195 2225 286 2253 sicas,
321 2227 350 2247 ut
376 2225 403 2247 in
427 2224 561 2248 incisione
587 2232 689 2254 venae,
721 2228 747 2250 in
769 2229 865 2251 dandis
883 2230 1057 2259 pharmacis.
1090 2230 1116 2253 in

193 2260 325 2288 conceptu
344 2260 392 2282 aut
410 2260 498 2288 partu.
541 2260 582 2284 Ita
609 2264 636 2284 et
662 2262 687 2284 in
713 2263 840 2286 secandis
859 2263 942 2293 lignis
961 2265 1117 2293 experimur

190 2293 269 2323 ligna
286 2294 461 2322 putrescere.
481 2293 505 2315 si
525 2297 655 2319 secentur
672 2299 815 2320 crescente
833 2298 914 2327 luna,
939 2298 1003 2328 quia
1021 2299 1116 2322 humor

193 2330 256 2351 tunc
275 2329 402 2357 augetur.
450 2328 491 2351 lta
510 2329 561 2352 hoc
582 2330 640 2353 loco
661 2331 821 2354 observatio
840 2332 943 2355 dierum
963 2333 1065 2356 tradita
1083 2334 1116 2356 ab

191 2361 311 2384 Hesiodo
332 2368 385 2385 non
405 2368 453 2391 per
472 2363 560 2386 omnia
575 2366 770 2393 superstitiosa
785 2368 842 2395 est,
863 2367 910 2389 sed
932 2367 957 2390 iu
976 2367 1115 2397 aliquibus

194 2393 224 2425 (1,
240 2396 257 2419 l.
279 2401 374 2419 errore
394 2397 522 2427 typogr.:
547 2398 603 2421 alia
622 2399 733 2428 quibus)
754 2401 904 2424 monstrari
919 2404 1036 2430 possunt
1049 2408 1115 2425 cau-

191 2434 239 2451 sae
257 2430 302 2452 vel
322 2431 450 2459 politicae
468 2431 512 2454 vel
532 2434 684 2457 naturales.
734 2435 801 2457 Nam
823 2436 924 2464 primus
945 2435 1004 2458 dies
1023 2441 1114 2465 sacer,

191 2462 252 2491 quia
271 2463 348 2488 initia
367 2466 431 2488 sunt
450 2466 507 2488 Deo
529 2466 634 2497 dicata,
667 2470 694 2490 ct
719 2471 829 2498 oportet
855 2476 918 2492 esse
942 2471 1034 2493 certos
1055 2471 1112 2493 dies

189 2496 295 2534 festos,
326 2499 353 2522 in
379 2500 473 2529 quibus
501 2501 666 2525 conveniant
691 2503 813 2526 homines
840 2504 884 2528 vel
904 2504 1050 2532 religionis
1070 2505 1112 2527 vel

187 2530 347 2556 indiciorum
362 2539 453 2558 causa.
493 2535 642 2559 Praeterea
660 2537 702 2559 hie
721 2538 785 2561 dicit
807 2538 839 2560 de
859 2539 980 2561 cedenda
999 2539 1114 2562 materia

189 2564 366 2590 decrescente
386 2568 464 2598 luna,
494 2569 519 2592 id
539 2572 616 2593 certe
634 2571 716 2594 habet
735 2572 874 2602 physicam
894 2579 1015 2596 causam.
1060 2574 1114 2596 sed

187 2599 398 2624 observationes
418 2602 503 2629 istae.
536 2606 565 2627 ut
584 2604 610 2627 iu
630 2605 694 2628 aliis
711 2607 808 2634 rebus,
840 2608 877 2630 ita
896 2608 976 2630 etiam
996 2608 1022 2630 iu
1042 2610 1112 2630 teui-

186 2633 299 2662 poribus
319 2637 517 2664 superstitione
535 2640 632 2668 augeri
647 2640 747 2666 solent.
784 2642 847 2665 Ideo
860 2647 914 2665 nou
927 2644 1020 2672 potest
1036 2643 1112 2665 reddi

187 2668 306 2691 oninium
325 2670 546 2694 observationum
567 2678 658 2697 causa.

150 2708 179 2740 5)
204 2711 318 2740 suidas]
338 2712 402 2736 illae
420 2713 521 2738 Editt.:
549 2715 639 2739 suida.
658 2728 692 2734 —
720 2717 829 2742 suidae.
847 2719 914 2743 Lex.
935 2726 957 2743 s.
976 2726 1001 2744 v.
1022 2717 1076 2749 ἔνη.

494 111 527 143 3.
555 109 839 143 ENARRATIO
867 109 1073 144 OPERUM
1102 111 1168 144 ET
1196 110 1389 145 DIERUM
1416 110 1619 146 HESIODI.
1654 125 1702 146 vs.
1722 110 1952 146 746—784.

2108 111 2184 148 266

1293 210 1326 230 v.
1354 196 1439 231 775.
1471 197 1593 242 (773.)
1631 196 1785 241 πείκειν]
1820 197 1966 242 proprie
1990 198 2033 229 de
2058 197 2184 231 ovibus

1189 247 1336 287 dicitur,
1368 255 1399 280 ct
1417 249 1590 290 significat
1609 251 1768 282 tondere.
1849 245 1917 295 ὄϊς]
1945 260 2009 293 pro
2028 247 2158 294 52'a9⁶)·

1290 311 1322 331 v.
1343 299 1429 332 777.
1448 298 1569 345 (775.)
1591 302 1651 345 τῇ]
1668 313 1732 344 pro
1752 297 1881 345 ταύτῃ,
1900 300 2031 334 scilicet
2050 300 2183 332 duode-

1188 348 1277 380 cima
1297 349 1366 382 die.
1446 348 1721 395 ἀερσιπότητος]
1748 352 1783 383 in
1802 364 1882 384 aere
1901 351 2102 395 pendentis,
2126 350 2186 383 vel

1189 401 1294 443 pedes
1311 399 1348 431 in
1367 412 1484 432 aerem
1503 401 1693 440 elevantis,
1719 400 1901 445 epitheton
1923 414 2087 435 araneae.

1291 463 1324 484 v.
1344 450 1429 484 778.
1459 449 1580 496 (776.)
1607 449 1666 485 ὅτε
1688 450 1723 485 τ’
1751 450 1845 497 ἴδρις
1866 451 1989 498 σωρὸν
2013 448 2184 498 ἀμᾶται]

1187 499 1254 533 boc
1280 508 1464 545 exponunt
1491 503 1533 534 de
1564 503 1736 542 formica,
1780 505 1840 536 sed
1870 502 1965 536 haud
2002 505 2095 544 scio,
2137 515 2185 536 an

1186 559 1291 585 recte.

1289 616 1321 636 v.
1347 603 1432 637 780.
1466 603 1588 649 (778.)
1626 602 1762 648 ,ΖῑΙηνὸς
1793 602 1828 638 δ’
1862 603 2064 647 ἱσταμένου
2097 601 2183 650 ete]

1185 654 1348 687 Absolvit
1365 654 1435 686 iam
1454 655 1624 698 primum,
1653 662 1835 699 quartum,
1861 655 2065 698 septimum,
2090 661 2185 687 octa-

1186 718 1268 737 vum
1283 732 1292 745 ,
1318 718 1476 745 nonum,
1502 705 1729 738 undecimum
1750 712 1782 738 et
1801 706 2052 738 duodecimum
2079 706 2186 745 diem,

1187 769 1276 801 quos
1306 768 1391 789 vero
1420 756 1559 797 omisit,
1601 756 1676 789 vult
1705 756 1859 802 videri7)
1893 757 2040 790 medios.
2109 755 2183 788 Iam

1186 807 1416 852 prosequitur
1442 808 1478 839 in
1504 809 1770 846 enumerando,
1816 815 1849 840 et
1879 808 1964 840 dicit
1987 808 2182 840 cavendum

1187 871 1278 898 esse,
1307 858 1389 903 110⁸)
1407 865 1599 891 sementem
1619 858 1790 892 faciamus
1806 859 1997 891 tredecima
2018 859 2086 891 die.
2122 857 2186 891 Est

1179 905 1303 942 'autem
1325 910 1458 953 optima
1477 911 1522 942 ad
1550 911 1695 943 alendas
1723 917 1829 955 atque
1856 911 2057 943 educandas
2082 909 2185 953 plan-

1186 967 1250 994 tas.
1317 960 1423 1005 Quod
1455 967 1572 993 autem
1600 961 1731 994 sationi
1755 961 1988 994 tredecimum
2016 961 2108 993 diem
2135 960 2186 993 ait

1187 1012 1330 1050 obesse,
1359 1018 1507 1055 propter
1534 1012 1765 1044 immodicum
1794 1010 1980 1045 humorem
2007 1013 2055 1045 fit.
2118 1011 2185 1044 Ve-

1186 1069 1263 1095 tant
1280 1063 1373 1094 enim
1393 1069 1586 1095 seuientem
1607 1064 1721 1095 facere
1746 1064 1781 1096 in
1805 1064 1880 1096 solo
1904 1062 2107 1096 humidiore
2131 1062 2185 1095 iu-

1185 1120 1252 1146 sto.
1322 1112 1454 1146 Contra
1490 1115 1628 1158 plantas
1654 1126 1769 1147 serere
1794 1115 2017 1159 praecipiunt
2042 1113 2184 1158 pluviis,

1186 1165 1292 1197 etiam
1312 1166 1590 1208 tempestatibus.
1621 1165 1760 1199 Plinius
1771 1165 1821 1211 ⁹):
1846 1167 2026 1198 Arborum
2046 1164 2183 1198 radices

1186 1216 1267 1248 luna
1289 1215 1392 1258 plena
1413 1216 1551 1260 operito
1562 1216 1617 1262 ¹⁰).
1670 1216 1723 1249 Ex
1746 1217 1865 1249 Plinio
1892 1218 1950 1249 illa
1978 1216 2080 1249 facile
2102 1228 2184 1260 pos-

1185 1273 1267 1299 sunt
1286 1266 1446 1309 intelligi.

1289 1330 1321 1350 v.
1347 1318 1432 1352 782.
1465 1316 1586 1365 (780.)
1619 1317 1729 1364 ίΈκτη
1758 1317 1795 1354 δ’
1822 1317 1844 1364 ἡ
1867 1317 1983 1365 μέσση
2015 1316 2117 1364 μάλα
2136 1319 2181 1364 ¹¹)

1186 1365 1271 1414 etc.]
1306 1367 1453 1401 Decima
1489 1376 1584 1401 sexta
1619 1370 1693 1403 dies
1729 1370 1830 1402 valde
1867 1371 2096 1404 incommoda
2131 1377 2182 1404 est

1184 1418 1337 1462 plantis,
1368 1420 1449 1464 quia
1468 1420 1557 1453 sicut
1576 1421 1766 1453 tredecima
1784 1422 1857 1454 dies
1875 1422 1971 1455 utilis
1990 1429 2065 1455 erat
2081 1422 2184 1466 plan-

1184 1469 1247 1508 tis,
1272 1470 1368 1514 quod
1386 1477 1459 1504 tum
1484 1471 1566 1503 luna
1594 1484 1706 1515 prope
1732 1478 1808 1504 erat
1830 1473 1954 1516 plena,
1992 1479 2026 1505 et
2049 1470 2182 1506 humor

1182 1521 1426 1561 redundabat,
1456 1521 1590 1555 inutilis
1609 1535 1692 1555 vero
1712 1522 1863 1563 sationi,
1898 1530 1937 1557 ut
1961 1524 2093 1557 dictum
2119 1530 2182 1564 est,

1183 1572 1229 1604 ita
1247 1572 1382 1604 decima
1399 1579 1495 1606 sexta
1514 1573 1587 1606 dies
1606 1574 1827 1607 decrescente
1845 1574 1915 1607 iam
1937 1575 2021 1608 luna
2044 1575 2181 1609 inutilis

1182 1629 1233 1656 est
1265 1629 1299 1655 et
1329 1623 1558 1656 incommoda
1590 1625 1738 1668 plantis,
1783 1626 1879 1659 utilis
1911 1639 1996 1659 vero
2020 1627 2180 1660 maribus

1182 1674 1378 1717 gignendis.
1429 1675 1519 1708 l'x'am
1540 1688 1581 1708 ex
1599 1674 1748 1709 humido
1766 1678 1900 1710 semine
1923 1678 2104 1717 femellae,
2138 1690 2181 1710 ex

1179 1725 1326 1758 sicciore
1359 1726 1468 1769 puelli
1499 1734 1707 1761 nascuntur.
1775 1727 1820 1761 Et
1843 1730 2065 1762 decrescente
2093 1730 2179 1761 luna

1178 1789 1297 1809 semen
1314 1777 1432 1810 minus
1453 1775 1639 1811 humidum
1659 1785 1710 1811 est
1727 1792 1832 1824 quam
1850 1787 2039 1813 crescente.

1282 1840 1314 1860 v.
1333 1828 1417 1861 784.
1446 1829 1565 1873 (782.)
1594 1828 1675 1863 οὔτ’
1701 1827 1803 1875 (39¹²)
1827 1828 1954 1878 γάμου
1980 1830 2179 1876 ἀντιβολῆ-

1178 1878 1268 1922 σαι.]
1292 1877 1329 1910 Id
1348 1885 1418 1919 est,
1445 1892 1518 1912 non
1537 1887 1588 1914 est
1605 1880 1690 1913 utile
1708 1881 1853 1925 puellis,
1882 1889 1920 1915 ut
1938 1889 2013 1916 tum
2037 1889 2177 1915 contra-

1176 1926 1264 1961 hant
1286 1930 1450 1973 nuptias,
1493 1932 1576 1975 quia
1604 1944 1623 1964 a
1650 1933 1849 1975 plenilunio
1874 1934 1990 1978 coepit
2013 1934 2083 1966 iam
2111 1931 2176 1966 llu-

1175 1992 1255 2012 mor
1273 1981 1434 2014 deficere.
1486 1981 1533 2015 Et
1549 1980 1687 2016 addidit
1704 1985 1879 2029 quaedam
1904 1985 2097 2028 pastoralia
2124 1985 2176 2017 of-

1174 2031 1272 2071 ficia,
1314 2033 1410 2076 quod
1440 2033 1526 2066 illud
1558 2040 1697 2078 tempus
1727 2036 1771 2068 sit
1795 2036 1929 2068 bouum
1956 2035 2175 2075 castrationi,

1175 2084 1271 2127 quod
1305 2081 1372 2116 hoc
1406 2090 1567 2128 tempore
1603 2087 1792 2119 conveniat
1818 2087 1955 2120 stabula
1979 2087 2173 2131 pastoralia

1205 2224 1235 2255 6)
1256 2223 1327 2254 ὄϊας]
1353 2226 1393 2249 sie
1419 2228 1496 2249 recte
1515 2226 1599 2249 Editt.
1621 2226 1711 2254 1511..
1734 2227 1825 2258 1557..
1847 2227 1939 2258 1562„
1961 2229 2172 2262 1601—1662.;

1240 2260 1325 2285 Editt.
1344 2260 1437 2289 1532..
1459 2261 1649 2285 1564—1591.
1669 2258 1732 2287 ὄϊες.

1203 2302 1235 2329 7)
1256 2303 1360 2331 videri]
1389 2303 1430 2326 sic
1450 2303 1533 2327 Editt.
1555 2303 1691 2331 1541.F..
1720 2303 1811 2334 1552,
1838 2304 2049 2337 1564—1662.;
2084 2306 2170 2333 Editt.

1240 2337 1333 2368 1532„
1356 2338 1428 2360 1541.
1442 2339 1489 2366 B.,
1512 2337 1586 2361 1562.
1607 2337 1709 2361 videre.

1202 2378 1232 2410 8)
1254 2380 1304 2408 ne]
1324 2379 1364 2403 sic
1383 2379 1467 2404 Editt.
1488 2379 1576 2408 1532..
1596 2380 1670 2403 1541.
1686 2381 1725 2411 R,
1748 2380 1838 2410 1562.;
1863 2383 1974 2405 ceterae
1991 2382 2092 2409 Editt.:
2112 2385 2149 2408 ut.

1201 2422 1398 2487 miiliiliit'i‘ffat'
1412 2423 1482 2447 Hist.
1496 2422 1597 2453 XVIII,
1615 2428 1638 2446 c.
1654 2421 1697 2448 75.
1722 2423 1772 2447 Ed.
1784 2423 1888 2450 Franz.
1909 2427 1945 2453 (c.
1959 2424 2001 2449 32.
2020 2426 2168 2457 antiquior·

1204 2498 1249 2529 10)
1272 2499 1394 2528 operito]
1415 2498 1455 2521 sic
1476 2498 1665 2526 Editt.1532.,
1687 2500 1761 2525 1541.
1781 2501 1821 2526 B..
1844 2501 2036 2526 1562—1581.
2055 2503 2083 2526 et
2096 2502 2165 2526 Ptin.

1237 2534 1253 2556 1.
1274 2533 1308 2559 1.;
1334 2533 1419 2557 Editt.
1442 2533 1516 2556 1541.
1533 2533 1578 2559 1⁴¹..
1601 2533 1692 2563 1557„
1714 2535 1904 2559 1591—1662.
1925 2537 2040 2565 aperito.

1205 2574 1248 2605 11)
1267 2572 1358 2607 μάλα]
1378 2574 1418 2597 sic
1437 2574 1504 2598 iliae
1523 2575 1626 2606 Editt.;
1653 2576 1738 2599 Editt.
1758 2578 1860 2602 recent.
1879 2573 1960 2608 μάλ’.

1202 2618 1248 2644 12)
1269 2614 1317 2647 ἄρ]
1338 2617 1377 2639 sic
1395 2617 1480 2639 Editt.
1503 2617 1592 2648 1532,
1617 2618 1691 2641 1541.
1709 2618 1756 2649 F..
1779 2618 1968 2642 1557—1564.
1994 2620 2020 2642 in
2040 2620 2115 2643 textu
2136 2620 2163 2642 et

1236 2657 1349 2674 coium..
1378 2651 1461 2673 Editt.
1485 2651 1679 2675 1591-1662.
1700 2652 1726 2675 iu
1746 2659 1859 2683 comm„
1894 2655 1920 2676 et
1939 2654 2022 2676 Editt.
2044 2655 2164 2684 receut.;

1235 2686 1284 2709 Ed.
1309 2685 1424 2709 1541.13.
1445 2681 1511 2716 &0³2
1545 2686 1631 2710 Editt.
1650 2686 1741 2716 1569..
1769 2688 1842 2710 1581.
1870 2687 1896 2711 in
1917 2689 1991 2711 textu
2012 2690 2038 2711 et
2058 2693 2163 2719 comm,

1234 2720 1317 2743 Editt.
1333 2720 1526 2743 1591—1662.
1548 2720 1574 2743 iu
1595 2722 1671 2743 textu
1692 2714 1736 2745 αὖ.
