2373 2980
224 115 297 150 459

273 201 324 232 Tc
358 197 491 242 aliquid
524 196 710 228 facturum.
782 193 877 225 Ilaec
910 193 1062 233 cavebo,
1094 193 1207 238 prius-

633 256 741 289 quam
764 244 937 278 accidant.

222 303 295 338 290
325 300 438 333 Multo
456 297 564 330 satius
581 302 632 328 est
647 293 747 335 mihi,
765 295 905 335 mulier,
921 306 1015 328 nunc
1033 295 1069 328 in
1087 295 1208 330 odium

633 352 731 379 tuum
757 346 951 383 incurrere,

273 404 389 447 Quam
419 399 596 442 placatum
623 404 744 441 postea
769 397 871 430 valde
898 408 1048 440 gemere.

274 454 366 488 Med.
392 450 490 488 Heu,
514 447 595 481 heu.

274 504 386 544 „Non
403 498 489 534 milii
506 511 600 532 nunc
613 497 790 542 primum,
814 499 873 531 sed
892 510 1016 542 saepe,
1041 511 1061 530 o
1080 498 1209 537 Creon,

274 553 434 593 „Nocuit
451 549 684 588 existimatio,
705 555 739 582 et
756 561 884 593 magna
905 549 998 581 mala
1026 548 1209 594 attulit²⁶).

273 606 386 644 „Non
414 607 555 646 oportet
580 612 680 639 eum,
706 600 767 645 qui
792 601 932 644 sapiens
957 606 1019 639 est,

223 656 296 693 295
322 655 488 695 „Docere
506 652 636 684 liberos
653 663 753 689 suos,
775 657 815 684 ut
831 651 981 683 nimium
1002 649 1209 695 sapiantffl).

275 707 398 746 „Nam
436 709 688 748 praeterquam
732 703 828 746 quod
870 702 1005 746 alioqui
1044 701 1209 734 dicuntur

641 765 772 796 ignavi,

274 809 526 852 „Comparant
549 805 615 839 sibi
641 803 801 837 odiosam
824 803 996 836 invidiam
1021 815 1040 835 a
1065 802 1209 835 civibus.

276 860 413 903 „Apud
438 859 564 892 stultos
589 854 683 889 enini
709 855 894 898 proferens
917 854 1052 899 aliquid
1075 866 1208 886 novum

645 912 679 938 et
703 905 853 949 sapiens,

278 960 491 1001 „videberis
517 957 651 990 inutilis
676 962 710 988 et
732 968 805 988 non
830 956 970 999 sapiens
996 967 1087 993 esse;

227 1014 298 1046 300
329 1012 406 1051 „At
431 1022 509 1042 cuni
534 1008 621 1046 illis,
655 1006 716 1050 qui
739 1006 904 1039 videntur
929 1006 1061 1037 variam
1093 1005 1210 1048 cogni-

638 1057 772 1088 tionem
793 1055 936 1094 habere,

279 1109 555 1149 „Praestantior
588 1107 863 1144 existimaberis,
896 1106 1071 1138 videberis
1102 1105 1210 1137 mole-

637 1164 709 1190 stus
738 1157 775 1189 in
801 1157 952 1189 ciritate.

278 1213 352 1257 Ego
370 1213 443 1256 ipsa
464 1221 606 1255 quoque
623 1207 798 1252 particeps
814 1220 891 1240 suin
909 1205 1012 1239 huius
1030 1206 1210 1242 fortunam

277 1266 368 1298 Nam
395 1274 474 1295 eum
495 1261 560 1294 sim
583 1260 743 1302 sapiens,
765 1259 842 1292 aliis
866 1271 943 1291 suin
968 1257 1095 1295 invisa,

277 1315 365 1348 Aliis
388 1314 534 1357 ignava,
565 1310 642 1343 aliis
665 1309 844 1343 dissimilis
870 1309 1041 1348 moribus,

229 1365 302 1401 305
331 1365 419 1398 Aliis
442 1362 592 1397 difficilis
625 1367 658 1394 et
688 1373 849 1394 morosa:
886 1366 1005 1393 tamen
1034 1371 1108 1391 non
1130 1361 1213 1404 [sum

636 1413 725 1445 adeo
748 1411 899 1455 sapiens.

278 1468 336 1501 Tu
358 1466 486 1499 metuis
508 1475 565 1496 me
577 1489 586 1503 ,
607 1475 651 1495 ne
669 1463 755 1507 quid
771 1463 858 1495 mali
881 1461 944 1494 tibi
960 1473 978 1493 a
995 1473 1051 1493 me
1068 1460 1214 1492 accidat.

278 1519 362 1553 Non
387 1517 436 1550 sic
463 1515 585 1548 affecta
609 1526 706 1553 sum,
731 1525 775 1545 ne
799 1519 935 1545 metuas
959 1524 1036 1551 nie,
1062 1511 1190 1550 Creon,

282 1570 330 1601 Ut
354 1568 391 1600 in
411 1567 507 1600 viros
532 1564 709 1610 principes
739 1564 955 1608 delinquam.

280 1621 371 1654 Nam
391 1618 476 1663 quid
493 1624 531 1650 tu
547 1613 635 1649 mihi
652 1615 779 1648 iniuste
795 1613 930 1647 fecisti?
952 1612 1101 1646 collocas
1116 1619 1214 1645 tuam

645 1666 753 1698 filiam

231 1722 304 1756 310
329 1720 534 1763 Cuicumque
552 1717 696 1750 libuerit
720 1716 801 1754 tibi;
825 1717 885 1749 sed
908 1727 1025 1748 meum
1045 1713 1213 1747 maritum

280 1771 362 1804 Odi.
416 1769 507 1802 Puto
538 1775 656 1801 autem
683 1774 716 1800 te
740 1773 832 1800 recte
858 1765 945 1799 haec
966 1765 1096 1798 secisse.

282 1821 327 1855 Et
352 1832 446 1854 nunc
469 1832 543 1853 non
571 1819 735 1858 invideo,
770 1830 840 1863 quo
875 1817 992 1850 minus
1021 1817 1110 1848 bene
1143 1827 1215 1848 sese

649 1867 858 1913 habeantff)
887 1880 941 1901 res
963 1874 1056 1900 tuae.

282 1922 526 1966 Despondete,
546 1921 636 1953 bene
653 1920 698 1953 sit
712 1919 829 1956 vobis;
854 1918 969 1950 solum
986 1916 1022 1948 in
1039 1914 1105 1948 hac
1121 1922 1215 1948 terra

283 1974 395 2007 Sinite
423 1984 478 2004 me
501 1969 678 2003 habitare:
706 1969 805 2009 „etsi
823 1981 898 2002 sum
924 1967 1055 2000 iniuria
1081 1967 1216 2005 affecta,

234 2023 307 2061 315
333 2022 506 2064 „Tacebo
526 2028 663 2060 tamen,
689 2021 781 2052 victa
790 2020 835 2064 ²⁹)
854 2032 870 2052 a
888 2017 1218 2063 praestantioribus.

287 2077 360 2110 Cre.
385 2073 482 2107 Dicis
505 2072 629 2105 auditu
656 2070 883 2116 iucu11‹la³⁰);
909 2071 968 2103 sed
993 2069 1030 2101 in
1057 2068 1178 2101 animo

286 2123 378 2159 Mihi
406 2131 457 2158 est
482 2135 613 2168 pavor,
641 2134 684 2154 ne
710 2121 795 2166 quid
819 2121 904 2154 mali
928 2120 1099 2160 moliaris,

284 2177 330 2210 Et
351 2182 451 2209 tanto
479 2175 595 2207 minus
618 2185 726 2219 quam
751 2179 853 2205 antea
879 2172 1016 2204 confido
1041 2170 1117 2204 tibi.

287 2227 408 2267 „Nam
438 2225 586 2264 mulier,
617 2236 708 2269 quae
741 2223 809 2256 cito
843 2223 1025 2262 irascitur,
1058 2221 1220 2255 similiter

645 2281 679 2307 et
703 2286 757 2307 vir

272 2392 319 2423 26)
349 2392 416 2415 11.1.
442 2391 469 2414 in
494 2389 576 2414 Editt.
607 2389 700 2418 ¹558.,
730 2388 803 2413 1562.
832 2388 897 2411 nota
922 2392 1022 2417 marg:

310 2427 446 2449 damnosa.

273 2469 320 2500 27)
342 2470 372 2492 u.
392 2468 407 2491 l.
435 2468 461 2490 in
480 2467 576 2490 iisdem
596 2466 680 2491 Editt.
700 2467 765 2490 nota.
783 2470 889 2495 marg.:
917 2462 1091 2493 vituperatio
1112 2463 1224 2492 sapien-

313 2503 367 2526 tiae
387 2504 413 2525 et
431 2501 538 2525 artium.

275 2546 321 2576 ΞΒ)
343 2541 471 2574 habeant]
492 2543 531 2566 sic
552 2544 626 2566 recte
645 2543 693 2566 Ed.
711 2542 802 2572 1558.;
822 2542 871 2566 Ed.
891 2541 966 2565 1562.
985 2541 1092 2564 hahent.

275 2587 323 2618 29)
343 2587 447 2610 'tacebo
463 2602 470 2609 .
487 2583 590 2615 .victa]
618 2584 656 2608 sic
680 2585 763 2607 Editt.
790 2585 881 2613 1558„
907 2584 999 2608 ¹562..
1026 2582 1102 2613 Fix.;
1134 2583 1227 2614 Bam,

310 2622 417 2651 Musgr.
441 2619 600 2643 'tacebimus
615 2637 621 2643 .
636 2637 642 2644 .
659 2637 665 2644 .
681 2618 746 2641 victi
770 2618 878 2648 (Eun-ip.
903 2615 1101 2650 Σιγησόμεσθα
1118 2635 1122 2640 .
1142 2636 1146 2641 .
1164 2636 1169 2641 .
1184 2625 1225 2640 νι-

310 2653 451 2685 κώμενοι).

278 2698 324 2727 30)
345 2693 473 2727 iucunda]
493 2695 541 2719 Ed.
563 2695 635 2719 1562.
657 2700 753 2718 errore
773 2696 900 2725 typogn:
920 2694 1053 2719 iucundia.

1049 2385 1222 2410 Existimatio

785 105 907 141 PffiL.
943 105 1057 142 MEL.
1090 105 1293 143 SCRIPTA
1328 107 1664 143 PHILOLOGICA⁴

2171 111 2247 148 460

1262 196 1335 232 320
1355 195 1530 237 „Facilius
1539 200 1693 234 cavetur,
1710 203 1815 238 quam
1827 195 2024 229 taciturnus
2031 195 2170 239 sapiens
2177 197 2224 243 ³¹)
2236 211 2242 229 ;

1312 247 1468 280 Proinde
1492 246 1544 278 exi
1569 257 1677 290 quam
1702 244 1901 286 celerrime,
1933 259 1977 279 ne
1999 246 2106 280 facias
2134 248 2244 281 multa

1673 296 1795 334 verba,

1314 348 1405 393 Quia
1439 345 1505 380 hoc
1542 348 1722 380 decretum
1756 352 1827 383 est,
1868 358 1982 391 neque
2015 345 2160 382 habebis
2190 360 2245 381 ar-

1677 403 1769 438 tem,
1793 402 1832 430 ut

1312 451 1418 493 Apud
1445 461 1509 482 nos
1533 459 1697 487 maneas,
1720 460 1799 482 cum
1822 446 1867 480 sis
1889 444 1977 479 mihi
2000 447 2136 483 infesta.

1312 503 1407 534 Med.
1439 500 1521 534 Non
1543 507 1606 543 p'er
1631 511 1744 542 genua
1770 505 1804 532 et
1825 497 1934 530 filiam
1962 504 2059 531 tuam
2084 506 2245 544 nuptam.

1262 549 1336 586 325
1369 553 1442 585 Cre.
1475 550 1662 583 Consumis
1686 550 1814 587 verba;
1849 560 1923 581 non
1948 549 2042 582 enim
2065 561 2246 593 persuase-

1675 601 1724 634 ris
1747 612 1815 634 me.

1311 655 1404 688 Med.
1430 651 1592 696 Expelles
1609 664 1664 684 me
1676 679 1685 691 ‚
1708 662 1823 696 neque
1837 651 2054 684 revereberis
2070 651 2246 699 Litas3‘2)'.¹>

1314 707 1386 738 Cre.
1410 703 1491 737 Non
1514 701 1603 735 mihi
1628 701 1770 735 charior
1793 714 1828 735 es
1848 713 1926 734 mea
1952 703 2072 736 domo.

1314 757 1407 789 Med.
1432 754 1465 787 O
1488 754 1625 798 patria,
1651 765 1757 798 quam
1782 753 1883 785 valde
1905 754 2075 786 recordor
2099 761 2145 788 te.

1316 808 1388 840 Cre.
1416 806 1562 838 Praeter
1584 805 1715 838 liberos
1741 810 1791 837 est
1815 801 1903 836 mihi
1930 816 1968 837 ea
1995 802 2212 839 charissima.

1264 857 1336 890 330
1372 859 1464 891 Med.
1495 855 1672 900 „He11³³),
1697 867 1804 900 quam
1830 866 2000 898 magnum
2024 856 2158 889 malum
2182 854 2246 889 ho-

1674 906 1829 939 minibus
1852 911 1902 938 est
1925 906 2042 939 amor!

1315 961 1388 992 Cre.
1415 958 1551 996 Credo,
1574 964 1614 991 ut
1636 957 1757 991 tulerit
1779 957 1935 991 fortuna.

1314 1011 1408 1044 Med.
1434 1007 1588 1053 Iupiter,
1618 1020 1692 1041 non
1717 1009 1825 1041 lateat
1849 1014 1881 1040 te
1906 1008 1955 1047 is,
1980 1007 2042 1053 qui
2065 1013 2170 1040 autor
2197 1013 2248 1040 est

1674 1057 1804 1092 horum
1831 1059 2022 1092 malorum.

1317 1113 1390 1144 Cre.
1411 1110 1530 1149 Vade,
1553 1121 1572 1141 o
1597 1121 1709 1148 vana,
1736 1116 1770 1142 et
1792 1110 1903 1142 libera
1928 1122 1984 1142 rne
2009 1108 2111 1142 curis.

1316 1163 1410 1195 Med.
1449 1160 1523 1194 Nos
1550 1161 1775 1198 laboramus,
1798 1172 1914 1205 neque
1944 1159 2145 1204 indigemus
2170 1159 2247 1192 aliis

1676 1222 1838 1244 miserus.

1266 1259 1339 1295 535
1369 1264 1442 1296 Cre.
1473 1261 1552 1294 Cito
1575 1261 1770 1294 extruderis
1797 1261 1972 1293 violenter
1996 1272 2107 1294 manu
2134 1261 2249 1294 famu-

1673 1313 1804 1345 lorum.

1316 1365 1410 1398 Med.
1435 1363 1671 1407 Nequaquam
1699 1363 1768 1401 ita,
1794 1363 1855 1395 sed
1878 1374 1966 1405 rogo
1989 1368 2045 1402 te,
2069 1361 2201 1395 Creon.

1318 1416 1390 1448 Cre.
1416 1413 1557 1446 Videris
1579 1413 1769 1445 tumultum
1791 1413 1878 1445 velle
1898 1413 2066 1452 excitare,
2090 1412 2230 1446 mulier.

1314 1466 1409 1499 Med.
1433 1464 1602 1508 Fugiam;
1628 1475 1700 1496 non
1728 1461 1794 1496 hoc
1810 1469 1843 1496 te
1860 1475 1968 1506 rogo,
1992 1468 2031 1496 ut
2049 1463 2248 1507 impetrem,

1676 1525 1720 1546 ne
1745 1514 1934 1547 discedam.

1317 1568 1389 1600 Cre.
1428 1566 1524 1610 Quid
1557 1565 1663 1609 igitur
1689 1565 1842 1604 resistis,
1881 1570 1915 1596 et
1943 1574 2018 1595 non
2051 1563 2202 1597 discedis
2231 1575 2248 1596 e

1676 1615 1795 1647 terra?

1267 1666 1341 1700 340
1363 1669 1456 1701 Med.
1484 1666 1646 1699 Concede
1665 1664 1772 1706 mihi,
1798 1672 1837 1699 ut
1852 1665 1985 1710 possim
2001 1670 2140 1698 tantum
2156 1662 2250 1698 hunc

1675 1717 1770 1750 diem
1787 1728 1945 1756 manere,

1318 1767 1364 1800 Et
1387 1768 1554 1811 perficere
1579 1767 1891 1807 deliberationem,
1919 1778 1990 1812 quo
2015 1765 2162 1809 fugiam,

1318 1817 1364 1850 Et
1380 1819 1548 1851 viaticum
1568 1819 1653 1852 meis
1670 1819 1804 1852 liberis:
1827 1818 1970 1863 quando
1988 1817 2134 1862 quidem
2150 1822 2250 1860 pater

1317 1867 1416 1902 Nihil
1441 1875 1541 1901 curat
1563 1870 1705 1902 liberos.

1319 1919 1488 1952 Misereat
1519 1926 1551 1952 te
1580 1919 1744 1955 illorum;
1786 1929 1869 1950 nam
1900 1923 1934 1950 et
1965 1924 2003 1951 tu
2034 1924 2137 1962 pater
2165 1917 2251 1951 libe-

1676 1981 1799 2002 rorum

1490 2020 1776 2054 Consentaneum
1801 2025 1852 2053 est
1874 2025 1907 2052 te
1937 2018 2069 2054 habere
2100 2020 2254 2053 benevo-

1683 2071 1830 2104 lentiam
1851 2082 1932 2113 erga
1960 2071 2103 2104 liberos.

1320 2122 1403 2156 Non
1426 2122 1468 2154 de
1487 2134 1544 2155 rne
1561 2135 1638 2156 sum
1662 2122 1830 2161 sollicita,
1855 2121 2006 2167 quod34)
2030 2121 2175 2165 fugiam,
2199 2121 2255 2154 vel

1687 2173 1882 2217 quomodo,

1321 2221 1468 2256 Illorum
1493 2223 1752 2263 calamitatem,
1784 2234 1853 2267 qua
1880 2228 2113 2266 premuntur,
2138 2223 2255 2268 lugeo.

1324 2276 1396 2308 Cre.
1418 2273 1569 2307 Animus
1595 2286 1694 2307 meus
1719 2273 1867 2306 minime
1887 2279 1938 2306 est
1961 2273 2186 2317 tyrannicus;

1323 2324 1392 2357 Sed
1414 2325 1626 2358 verecundia
1657 2325 1789 2363 victus,
1814 2324 1924 2357 multa
1949 2336 2137 2369 perperam
2164 2325 2230 2370 egi.

1269 2019 1344 2055 345
1376 2020 1436 2054 Es.

1307 2464 1354 2491 ει)
1374 2464 1404 2488 ιι,
1423 2464 1440 2488 1.
1461 2463 1487 2486 in
1507 2463 1590 2489 mitt.
1613 2464 1704 2493 ¹558..
1726 2465 1800 2491 1562.
1819 2467 1885 2489 nota
1903 2470 2004 2496 marg.:
2027 2465 2152 2490 Mulieris
2172 2466 2223 2491 ira.
2258 2450 2262 2453 ⁴

1308 2507 1356 2535 32]
1377 2506 1444 2530 Huic
1464 2507 1565 2530 nomini
1584 2506 1611 2530 in
1630 2507 1692 2532 iisd.
1712 2508 1794 2533 Euitt.
1818 2508 1846 2532 in
1865 2513 1952 2539 marg.
1976 2508 2117 2540 adscripta
2142 2510 2185 2533 est
2208 2513 2258 2533 an-

1344 2541 1463 2564 notatio:
1482 2541 1586 2564 Numen
1605 2542 1757 2571 supplicum
1777 2543 1904 2566 tutelare.

1309 2583 1358 2611 33)
1378 2584 1461 2621 nem]
1481 2583 1522 2621 5²⁰
1542 2583 1625 2607 Editt.
1647 2584 1738 2616 1558„
1757 2585 1848 2617 ¹⁵6²-3
1873 2584 1957 2611 Editt.
1977 2587 2078 2611 recent.
2099 2588 2146 2616 (ε
2163 2577 2255 2617 nnip.

1346 2624 1416 2648 φευ,
1438 2618 1515 2648 (peu.)
1534 2618 1607 2648 fleu,
1627 2618 1692 2642 heu!

1309 2660 1358 2688 34]
1377 2660 1461 2689 quod]
1487 2659 1527 2683 sio
1544 2659 1626 2684 Editt.
1649 2661 1741 2693 1562„
1759 2662 1869 2693 §Bai-n„
1892 2663 2013 2694 Husgr.;
2043 2663 2092 2687 Ed.
2113 2663 2188 2688 ¹558:
2206 2669 2257 2694 que

1345 2694 1451 2724 (Em-ip.
1470 2695 1508 2725 εἰ,
1527 2694 1592 2718 Fix:
1612 2695 1658 2724 si).
