2373 2980
208 70 280 105 559

263 157 368 189 Patre
379 156 532 191 natum,
559 156 687 183 natura
712 159 784 182 esse
812 146 990 181 liberum?

264 206 378 241 ‘Nimis
411 216 466 237 me
498 199 751 235 contumeliose
779 204 927 239 tractas,
965 204 1000 232 et
1027 198 1199 233 iuveniles

629 261 810 284 sermones

266 309 350 342 lacis
374 307 409 339 iu
433 317 516 343 nos,
546 314 620 336 non
641 301 690 334 ita
718 312 773 334 me
795 300 939 334 vincens
968 299 1149 347 abibis⁷⁰).

268 360 340 403 Ego
365 365 396 390 te
420 355 609 389 haeredem
636 353 765 385 domus
788 352 907 397 genui,

216 412 287 445 685
316 410 358 442 Et
383 405 547 444 educavi,
583 410 621 438 ut
644 402 770 443 debui,
810 415 884 436 non
909 408 948 436 ut
971 414 1037 447 pro
1064 409 1098 435 te
1123 414 1199 435 mo-

627 465 742 492 rerer;

265 515 346 548 §ou
370 509 463 543 enim
488 506 579 540 hanc
601 504 754 550 patriam
780 505 891 549 legem
917 504 1048 548 accepi,

267 565 313 597 [t
338 566 501 607 parentes
527 562 753 590 morerentur
780 567 845 600 pro
869 555 1007 594 liberis,
1030 565 1145 599 neque
1165 553 1200 586 id
1225 544 1227 554 ¹

631 613 850 644 consuetum.

270 664 381 705 „Tibi
407 662 524 700 enim,
549 659 621 694 sive
637 657 683 691 sis
709 657 967 696 infortunatus,
992 656 1064 690 sive
1089 656 1201 688 fortu-

629 715 745 747 natus,

271 768 406 807 „Natus
426 777 477 800 es;
497 769 530 796 et
540 772 630 807 quae
643 771 705 803 ego
722 759 893 792 debebam
912 757 989 797 tibi,
1005 758 1062 790 illa
1081 755 1201 790 habes.

222 821 293 855 590
326 817 481 860 Imperiis
504 812 645 850 multis,
670 816 703 842 et
728 811 857 843 multos
883 821 986 853 agros

273 869 448 912 l'xelinquo
475 863 556 901 tibi;
588 874 671 895 nam
692 867 725 893 et
743 859 829 894 haec
845 872 909 904 ego
932 858 1050 902 accepi
1066 870 1085 890 a
1103 863 1203 902 patre

627 924 718 945 meo.

276 974 354 1016 Qua
372 982 407 1001 re
428 975 459 999 te
478 964 607 998 iniuria
627 962 748 1001 affeci,
772 972 841 1006 qua
864 973 902 993 re
921 972 984 1004 ego
1000 966 1033 992 te
1051 959 1154 1002 privo
1164 958 1178 990 '5‘

272 1023 324 1057 Ne
348 1016 515 1052 moriaris
536 1026 601 1059 pro
626 1025 702 1050 me,
725 1023 841 1056 neque
867 1023 931 1054 ego
957 1022 1023 1054 pro
1046 1015 1092 1042 te.

275 1071 447 1108 ..Gaudes
469 1068 592 1099 videns
615 1065 754 1102 lumen,
782 1068 816 1095 et
837 1067 940 1106 putas
968 1066 1106 1105 patrem
1132 1070 1206 1092 non

635 1113 802 1147 delectari
825 1112 921 1145 vita?

226 1174 297 1210 695
328 1173 461 1211 „Certe
487 1167 648 1202 existimo
676 1165 821 1208 longum
846 1169 925 1207 post
952 1167 1105 1195 mortem
1132 1161 1207 1193 fore

277 1253 297 1262 „
307 1225 464 1266 Tempus
476 1234 483 1255 ;

638 1266 761 1300 dulcis.

274 1325 502 1370 impudenter
526 1325 643 1353 autem
662 1316 866 1355 contendis,
892 1327 935 1347 ne
954 1313 1144 1347 morereris
1154 1312 1210 1355 ⁷¹),

279 1377 323 1411 Et
348 1374 454 1412 vivis,
478 1383 573 1405 nunc
598 1370 750 1404 evadens
769 1367 912 1401 fatalem
937 1365 1044 1404 diem,

281 1429 380 1461 Hanc
411 1424 585 1457 occidens.
644 1420 782 1453 Deinde
816 1429 900 1451 vero
933 1428 1049 1449 meam
1079 1414 1212 1448 timidi-

639 1477 749 1504 tatem

232 1532 304 1566 700
333 1530 504 1562 Accusas,
532 1537 552 1557 o
571 1521 813 1560 timidissime,
843 1531 863 1552 a
887 1518 1034 1552 muliere
1056 1516 1157 1555 victe,

284 1582 384 1626 Quae
403 1590 467 1622 pro
491 1583 524 1608 te
546 1571 693 1618 pulchro
716 1569 978 1605 adolescentulo
994 1573 1135 1601 mortua
1153 1572 1214 1599 est.

282 1636 404 1665 Astute
429 1627 496 1660 hoc
522 1623 745 1668 excogitasti,
766 1628 805 1655 ut
830 1631 1015 1665 nunquam
1038 1617 1216 1655 moriaris,
1240 1639 1241 1642 =

284 1684 373 1716 Cum
400 1675 616 1724 persuaseris
639 1673 733 1707 mori
757 1678 979 1717 praesentem

284 1732 469 1767 Mulierem
488 1740 553 1772 pro
578 1733 628 1763 te;
652 1724 779 1758 deinde
804 1735 888 1756 vero
913 1733 992 1754 cum
1019 1719 1141 1752 amicis
1158 1731 1217 1751 ex-

645 1775 815 1820 postulas,

241 1834 310 1868 705
340 1832 410 1877 Qui
429 1829 495 1863 hoc
514 1829 709 1861 noluerunt
727 1826 862 1863 facere,
890 1835 968 1856 cum
986 1829 1024 1855 tu
1047 1821 1120 1864 ipse
1145 1831 1219 1852 non
1244 1831 1245 1855 ς

653 1876 788 1910 seceris.

292 1964 312 1972 ,,
324 1935 438 1971 Tace,
470 1937 502 1962 et
517 1929 566 1963 sic
581 1928 694 1971 cogita
706 1954 715 1967 ,
743 1927 770 1959 si
789 1925 932 1970 quidem
950 1930 989 1956 tu
1006 1929 1102 1956 tuam
1124 1934 1221 1955 amas
1245 1914 1247 1951 ἶ

294 1985 465 2026 ’,Υἰῖειιιῃ
492 1987 525 2013 et
543 1979 699 2023 reliquos
721 1989 820 2010 suam
844 1986 983 2009 amare;
1009 1974 1038 2008 si
1062 1973 1165 2007 nobis

293 2032 538 2070 Maledixeris‚
569 2029 690 2063 audies
714 2029 816 2072 plura
845 2033 878 2059 et
902 2037 975 2058 non
997 2025 1095 2058 falsa,

297 2089 394 2123 Chor.
411 2084 514 2118 Nunc
525 2081 630 2114 nimis
647 2080 748 2124 plura
763 2077 855 2111 dicta
872 2082 954 2110 sunt
969 2082 1003 2108 et
1020 2083 1101 2109 ante
1111 2073 1204 2111 mala
1218 2086 1223 2104 :

249 2141 318 2173 710
345 2136 496 2173 Desine,
521 2144 644 2170 senex,
667 2130 739 2163 filio
767 2135 826 2161 tuo
849 2128 940 2160 male
963 2126 1073 2171 loqui.

296 2191 395 2225 Adm.
423 2185 509 2223 Dic,
537 2184 626 2217 sicut
642 2193 705 2225 ego
723 2179 814 2218 dixi,
841 2179 868 2212 si
887 2178 1005 2217 doles,
1030 2178 1176 2212 audiens

297 2239 449 2273 Verium
484 2247 557 2268 non
584 2231 742 2277 oportuit
758 2237 790 2263 te
816 2229 985 2262 iniustum
1010 2240 1082 2261 esse
1104 2230 1227 2262 adver-

653 2295 710 2317 sus
731 2293 797 2314 me.

304 2343 403 2375 Pher.
445 2336 558 2380 Magis
586 2345 802 2379 peccassem,
845 2330 874 2363 si
902 2329 1043 2363 fuissem
1070 2335 1231 2362 mortuus

659 2396 724 2429 pro
746 2391 792 2416 tc.

308 2443 403 2473 Adm.
428 2437 521 2470 ldem
538 2437 668 2470 scilicet
683 2440 733 2468 est
751 2434 913 2467 iuvenem
932 2430 1024 2463 mori
1041 2436 1074 2462 et
1091 2430 1233 2463 senem?

294 2557 341 2584 7ο)
359 2560 413 2578 non
438 2553 476 2575 ita
501 2558 542 2575 me
568 2551 680 2573 vincens
708 2546 805 2578 abibis]
833 2547 873 2569 hic
897 2547 923 2569 in
944 2551 1029 2576 marg.
1049 2546 1131 2569 Editt.
1153 2548 1238 2579 1558„

332 2589 404 2613 1562.
423 2586 562 2615 adscripta
583 2586 647 2607 suut
666 2584 746 2606 haec:
768 2582 858 2606 Habeo
878 2580 947 2610 quod
966 2580 1154 2609 respondeam,

295 2626 342 2651 71)
370 2619 530 2650 morereris]
558 2619 596 2641 sic
625 2618 672 2641 Ed.
696 2617 785 2645 1558.;
819 2615 868 2639 Ed.
895 2614 967 2638 1562.
991 2619 1087 2637 errore
1112 2617 1239 2646 t5p0g1-,2
1264 2639 1265 2656 3

331 2656 455 2681 moreris.

791 62 912 97 PHIL.
943 62 1055 97 MEL.
1090 61 1292 97 SCRIPTA
1321 60 1654 98 PHILOLOGICA.

536 1217 652 1251 brevis
688 1221 805 1248 autem
841 1220 892 1247 est
923 1213 994 1245 vita
1025 1218 1059 1245 et
1088 1210 1234 1244 tamen‘

2159 59 2233 96 560

1223 148 1325 208 Ι715
1370 151 1469 184 Pher.
1510 147 1689 181 Debemus
1725 157 1796 179 una
1831 145 1950 179 anima
1987 146 2126 186 vivere,
2161 158 2234 180 non

1663 197 1812 231 duabus.

1302 254 1400 286 Adm.
1445 248 1555 294 Atqui
1585 246 1668 281 Iove
1698 247 1810 291 magis
1839 247 2050 291 longaevum
2083 247 2171 282 vivis
2188 247 2234 294 ⁷‘²)

1305 353 1404 386 Pher.
1449 348 1633 383 Maledicis
1662 305 1874 394 ssssgffi'bu,
1909 348 2006 382 nulla
2029 348 2158 383 iniuria
2187 349 2236 381 af-

1661 401 1783 434 fectus.

1303 455 1402 488 Adm.
1434 450 1556 485 Sentio
1582 458 1614 485 te
1638 462 1759 484 amare
1784 451 1927 494 longam
1952 449 2075 484 vitam.

1301 506 1403 538 Pher.
1430 502 1526 537 Num
1555 501 1641 548 quid
1662 508 1701 536 tu
1712 500 1789 546 {hoc
1810 502 1961 535 cadaver
1976 512 2042 545 pro
2061 507 2094 533 te
2110 499 2236 533 effers?

1253 555 1326 591 720
1353 556 1454 588 Adm.
1482 553 1578 587 Haec
1603 559 1686 587 sunt
1710 553 1809 597 signa
1833 559 1915 586 tuae
1938 551 2150 585 timiditatis.

1304 607 1405 639 Pher.
1436 603 1517 638 Mea
1539 615 1643 638 causa
1666 615 1741 636 non
1767 603 1894 648 periit,
1916 614 1991 636 non
2015 603 2108 636 dices
2132 599 2211 635 hoc.

1306 658 1404 690 Adm.
1435 654 1533 696 Heu,
1556 656 1694 688 utinam
1719 653 1911 699 experiaris
1932 653 2125 698 aliquando
2142 650 2237 687 hunc

1226 707 1229 737 Ι
1669 705 1798 739 virum.

1306 759 1408 791 Pher.
1438 756 1517 790 Duc
1532 757 1681 796 multas,
1702 762 1743 789 ut
1757 757 1876 800 plures
1894 767 1959 799 pro
1976 761 2008 788 te
2025 755 2237 788 moriantur.

1305 811 1404 842 Adm.
1437 808 1555 841 Tuum
1574 814 1625 842 est
1642 808 1809 845 dedecus;
1836 813 1874 840 tu
1891 806 1985 839 enim
2005 817 2079 839 non
2096 806 2237 839 voluisti

1665 858 1769 892 mori.

1228 901 1230 915 ³
1257 908 1330 946 725
1359 911 1458 943 Pher.
1486 909 1625 943 Lumen
1650 909 1732 943 solis
1758 915 1792 942 et
1808 906 1896 941 mihi
1914 906 2060 941 charum
2074 913 2137 940 est.

1308 963 1407 1006 sgdm.
1429 959 1560 1004 [gnava
1580 973 1678 994 mens
1696 966 1764 999 est,
1789 971 1904 1004 neque
1922 959 2016 991 inter
2032 957 2127 991 viros
2144 969 2239 990 com-

1662 1011 1906 1044 memoranda.

1311 1063 1410 1094 Pher.
1442 1061 1525 1094 Non
1547 1060 1734 1107 rIdebi573)
1751 1073 1807 1094 me
1817 1060 1846 1080 ⁷3
1856 1060 1888 1105 ³)
1909 1060 2068 1093 efferens.

1309 1114 1408 1146 Adm.
1441 1110 1608 1144 Morieris
1635 1112 1778 1144 tandem
1802 1111 1984 1155 inglorius.

1315 1164 1411 1196 Pher.
1442 1161 1535 1194 Male
1558 1161 1680 1195 audire
1704 1168 1868 1195 mortuus
1891 1173 1966 1194 non
1992 1172 2090 1194 curo.

1261 1213 1334 1246 730
1366 1215 1466 1247 Adm.
1497 1211 1576 1246 Heu
1585 1213 1650 1257 74),
1668 1225 1775 1258 quam
1795 1213 1984 1256 impudens
1999 1218 2050 1244 est
2067 1211 2242 1245 senectus!

1314 1256 1414 1297 Pher.
1444 1263 1591 1297 Alcestis
1613 1276 1689 1297 non
1710 1264 1778 1297 fuit
1800 1263 2008 1307 impudens,
2029 1263 2091 1296 sed
2113 1262 2232 1296 stulta.

1314 1317 1412 1348 Adm.
1451 1313 1521 1347 Abi
1549 1320 1606 1354 tu,
1636 1321 1670 1348 et
1693 1314 1768 1348 sine
1788 1326 1845 1347 me
1873 1313 2020 1358 sepelire
2044 1325 2164 1347 meum
2189 1325 2244 1346 ca·

1672 1366 1792 1398 daver.
2157 1373 2159 1375 ’

1317 1416 1417 1449 Pher.
1449 1413 1568 1455 Abeo,
1592 1416 1740 1459 sepelias
1764 1415 1881 1453 illam,
1910 1426 2016 1459 quarn
2042 1413 2211 1448 occidisti.

1314 1465 1359 1498 Et
1386 1465 1529 1510 insuper
1551 1477 1706 1509 poenam
1732 1464 1830 1498 dabis
1852 1464 1920 1498 tuis
1944 1464 2125 1497 affinibus:

1265 1514 1339 1550 735
1365 1515 1430 1548 Vel
1447 1515 1594 1550 Acastus
1611 1529 1686 1549 non
1702 1516 1853 1559 amplius
1871 1515 1939 1547 erit
1952 1514 2045 1547 inter
2059 1513 2173 1555 vivos,
2200 1526 2202 1529 ·

1316 1566 1381 1599 Vel
1398 1578 1550 1610 poenam
1566 1567 1609 1599 de
1630 1573 1663 1599 te
1679 1571 1793 1600 sumet
1810 1577 1876 1609 pro
1891 1565 2063 1608 sanguine
2079 1566 2223 1599 sororis.

1319 1619 1417 1651 Adm.
1448 1617 1576 1650 Pereas
1600 1617 1696 1661 ipse,
1720 1623 1753 1650 et
1778 1622 1839 1650 tua
1864 1615 2019 1649 coniunx

1319 1668 1427 1708 Orbi,
1451 1667 1533 1701 vivo
1556 1668 1650 1708 filio,
1673 1668 1762 1701 sicut
1785 1667 1884 1711 digni
1907 1666 1997 1700 estis.

1320 1719 1514 1759 Senescite,
1544 1731 1728 1764 nunquam
1752 1718 1863 1751 redite
1888 1717 1926 1749 in
1949 1729 2065 1750 meam
2089 1718 2247 1751 domum.

1271 1769 1344 1804 740
1373 1770 1480 1814 Quod
1500 1770 1529 1803 si
1538 1770 1584 1815 ⁷5)
1606 1775 1747 1814 oportet
1764 1781 1821 1802 me
1844 1768 2050 1801 renuntiare
2070 1780 2134 1812 per
2148 1779 2249 1812 prae-

1686 1832 1809 1853 eonem

1324 1871 1466 1904 Patriae
1493 1871 1639 1910 domui,
1665 1871 1930 1904 renuntiavero.

1325 1922 1395 1955 Sed
1420 1933 1587 1966 praesens
1611 1921 1746 1955 malum
1771 1928 1821 1955 est
1841 1921 2039 1954 serendum.

1325 1972 1478 2012 Eamus,
1502 1978 1542 2006 ut
1564 1984 1739 2016 ponamus
1766 1973 1804 2005 in
1828 1983 1955 2015 rogum
1978 1971 2140 2004 cadaver.

1328 2025 1426 2058 Cher.
1453 2023 1486 2056 O
1510 2023 1660 2063 misera,
1687 2035 1778 2068 quae
1801 2034 1971 2067 generosa
1997 2033 2079 2055 ausa
2108 2034 2143 2055 es

1276 2072 1350 2108 745
1373 2074 1417 2107 Et
1444 2074 1760 2118 praestantissima,

1330 2124 1434 2163 Vale,
1462 2125 1654 2158 benevolus
1680 2132 1713 2158 et
1735 2126 1985 2158 subterraneus
2011 2123 2207 2156 Mercurius

1328 2175 1373 2208 Et
1397 2175 1501 2208 Pluto
1530 2176 1723 2220 excipiant,
1750 2176 1777 2208 si
1801 2174 1850 2207 ihi

1225 591 1228 618 i

1314 2310 1361 2340 72)
1381 2308 1464 2340 vivis]
1484 2308 1522 2332 sic
1541 2309 1624 2332 Editt.
1645 2309 1737 2334 15-58.,
1760 2308 1848 2333 1562:
1868 2309 1959 2337 narn„
1978 2308 2082 2338 Musgr.
2102 2309 2149 2335 (Ξ
2168 2307 2260 2337 Eurip.

1352 2341 1388 2366 ιῖν
1408 2341 1496 2372 ζώοις)
1517 2343 1613 2371 vivas;
1632 2342 1696 2366 Fix:
1715 2340 1752 2365 ἄν
1770 2340 1834 2374 ζῴης
1854 2355 1888 2359 -
1908 2341 2022 2364 vixeris.

1317 2387 1365 2414 73)
1385 2387 1443 2410 Non
1467 2385 1584 2414 ridebis]
1604 2385 1644 2408 sic
1660 2385 1773 2414 scripsiz
1792 2386 1890 2415 Baru.,
1913 2385 2033 2413 Musgr.:
2051 2384 2146 2407 Nonne
2159 2383 2264 2407 rideres

1354 2421 1461 2451 (Eurip.
1482 2417 1536 2444 Οὐκ
1555 2417 1696 2451 ἔγγελᾷθς
1717 2419 1799 2443 Editt.
1820 2419 1910 2449 1553„
1932 2418 2006 2442 1562.
2025 2418 2084 2441 Non
2103 2417 2216 2441 videbis.

1319 2461 1384 2492 73a)
1410 2461 1463 2493 me]
1490 2462 1530 2485 sic
1554 2461 1636 2485 Editt.
1659 2461 1750 2491 1558,
1777 2461 1867 2491 1562.;
1897 2461 1979 2484 Editt.
2005 2462 2105 2483 recent.
2132 2459 2180 2490 (--
2197 2462 2264 2485 text.

1355 2495 1411 2527 gr.)
1432 2497 1553 2519 vetulum
1571 2496 1698 2519 cadaver.

1323 2536 1370 2568 74³)
1391 2536 1460 2568 Heu]
1487 2536 1528 2560 sic
1547 2536 1629 2560 Editt.
1651 2535 1742 2565 1558„
1769 2535 1860 2564 ¹562.;
1887 2535 1969 2558 Editt.
1988 2538 2089 2559 recent.
2109 2535 2155 2566 (=
2174 2536 2266 2566 Eurip.

1358 2570 1431 2600 Φεῦ,
1450 2570 1535 2603 φεῦ·)
1554 2571 1631 2599 Heu,
1649 2569 1718 2593 heu!

1325 2613 1372 2643 ⁷5)
1393 2614 1469 2642 Quod
1483 2612 1574 2644 si],sic
1586 2613 1669 2637 Editt.
1685 2613 1769 2643 1558„
1785 2613 1875 2641 1562.;
1893 2613 1986 2641 Barn.,
2000 2613 2105 2643 Musgr.
2119 2612 2164 2644 (=
2173 2612 2265 2642 Eur-ip.

1359 2645 1469 2672 Νῆα-ὅθ’
1489 2648 1512 2672 εἰ
1530 2643 1572 2678 δ’)
1592 2647 1678 2671 Abite.
1716 2647 1745 2671 Si
1763 2647 1834 2670 enim
1854 2645 1986 2678 [Musgm
2006 2645 2096 2678 veroJ.
