2373 2980
238 112 312 150 527
818 114 938 148 Pfflt„

239 200 334 235 1165
364 200 471 234 Cuius
492 199 676 243 coniugem
697 204 882 242 paternam
892 199 938 246 ⁸²)
958 200 1131 234 violenter
1149 201 1224 246 pol-

638 248 729 281 luit?

282 304 374 335 Nun.
402 299 522 343 Iugum
543 299 679 343 proprii
698 312 821 334 currus
840 300 995 345 perdidit
1013 314 1114 343 eum,

283 352 327 384 lit
347 351 618 395 imprecationes
634 351 704 384 oris
725 351 794 391 tui,
821 364 909 397 quas
926 358 964 386 tu
982 353 1077 397 patri
1094 360 1174 394 tuo,

283 402 440 434 Domino
456 401 564 435 maris
576 428 584 441 ‚
612 401 742 435 vovisti
757 403 799 435 de
818 409 878 436 tuo
897 403 982 437 filio.

286 455 380 486 Thes.
410 453 442 485 O
458 451 537 492 Dii,
564 452 749 496 Neptune,
778 466 883 499 quam
903 467 937 488 es
954 461 1056 499 pater
1071 468 1170 490 meus

236 505 330 538 1170
358 503 468 544 Vere,
503 510 694 549 postquam
727 505 893 538 audivisti
924 518 1021 540 meas
1052 506 1225 551 impreca-

640 554 767 589 tiones.

281 606 366 645 Dic,
395 607 538 651 quando
555 604 718 650 perierit,
745 607 927 651 quomodo
945 607 1121 641 vindictae

282 658 388 690 Clau·
410 658 579 701 percussit
597 668 675 690 eum
689 683 697 695 ,
727 657 787 702 qui
807 669 861 689 me
878 658 1052 692 dedecore
1068 658 1210 692 affecit?

280 711 373 742 ssim.
402 709 475 742 Nos
492 709 586 742 iuxta
607 707 721 747 littus,
750 709 846 753 quod
864 709 1009 742 alluitur
1026 710 1202 750 fluctibus,

281 760 454 793 Curamus
465 760 510 805 ⁹⁵)
529 759 619 804 pilos
637 770 810 803 equorum
829 759 1021 804 strigilibus

234 810 330 844 1175
366 811 571 848 Plorantes;
622 821 702 841 nam
744 810 840 843 venit
877 811 1023 845 nuntius
1059 811 1223 857 quidam,

633 860 753 893 dicens

281 912 387 956 Quod
405 924 477 944 non
495 911 646 955 amplius
664 911 700 943 in
717 908 783 943 hac
801 917 894 944 terra
913 920 1001 946 esset
1016 925 1205 947 mansurus

279 963 512 1007 Hippolytus,
565 960 698 994 habens
733 974 751 993 a
788 968 820 994 te
857 965 1067 997 mandatum
1103 964 1223 998 miseri

640 1011 747 1045 exilii.

279 1064 355 1109 Ipse
372 1063 486 1102 venit,
513 1063 628 1096 ferens
643 1062 738 1095 idem
757 1074 900 1095 carmen
916 1060 1143 1108 lachrymans
1156 1091 1165 1105 ‚

280 1115 391 1149 Nobis
407 1115 451 1147 ad
469 1114 584 1151 littus;
613 1125 764 1158 magnus
780 1114 995 1159 sequebatur

233 1167 328 1202 1180
351 1166 480 1199 Coetus
497 1164 694 1197 amicorum
713 1165 1012 1210 aequaliui1],jqui
1027 1177 1096 1199 una
1112 1166 1222 1201 ibant.

280 1219 443 1251 Tandem
463 1216 625 1250 desinens
642 1215 794 1256 eiulare,
821 1216 926 1249 dixit:

282 1270 378 1314 Quid
396 1269 461 1302 ista
480 1266 652 1311 deploro?
687 1267 1008 1312 obtemperandum
1032 1273 1083 1301 est
1107 1267 1223 1301 verbis

644 1318 768 1362 patris.

281 1370 417 1414 lungite
436 1382 545 1415 equos
561 1370 711 1402 serentes
728 1369 808 1413 iuga
827 1369 987 1402 curribus
999 1395 1008 1409 ‚

282 1422 379 1455 Serxi
392 1448 401 1462 ‚
427 1434 500 1453 non
517 1420 668 1464 amplius
687 1426 737 1453 est
751 1418 839 1453 mihi
857 1419 944 1453 haec
959 1419 1093 1452 civitas.

233 1472 330 1508 1185
359 1472 443 1505 lnde
463 1484 585 1505 omnes
598 1471 830 1511 festinabant,

280 1525 327 1557 Et
343 1525 436 1557 dicto
455 1523 556 1557 citius
575 1528 765 1566 apparatos

282 1576 402 1621 liquos
419 1576 463 1608 ad
481 1575 667 1607 dominum
684 1573 798 1617 ipsum
820 1572 1082 1606 collocavimus.

282 1625 530 1671 Appreliendit
549 1624 713 1658 manibus
731 1622 888 1657 habenas
907 1636 926 1656 a
945 1625 1027 1657 sede
1042 1635 1185 1663 currus,

282 1678 474 1722 Applicans
492 1678 617 1721 pedem
635 1675 720 1719 ipsis
737 1674 872 1708 calceis.

236 1730 334 1764 1190
368 1729 412 1762 Et
438 1728 592 1772 primum
620 1728 664 1759 ad
687 1726 782 1759 Deos
813 1736 941 1758 manus
972 1725 1132 1765 sustulit,
1172 1723 1223 1756 di-

646 1777 785 1822 xitque:

284 1830 416 1875 Iupiter
428 1857 436 1870 ,
463 1841 605 1873 peream
619 1855 628 1868 ,
656 1828 685 1861 si
703 1828 817 1860 malus
833 1825 983 1872 sum⁹⁶)!

284 1882 418 1915 Sentiat
437 1887 556 1925 pater,
583 1880 679 1925 quod
697 1877 893 1922 ignominia
911 1889 968 1909 me
987 1875 1113 1915 afficit,

281 1934 362 1967 Sive
380 1933 495 1964 vivam
509 1958 518 1971 ,
545 1931 617 1964 sive
636 1935 798 1962 mortuus
815 1928 894 1962 sim.

284 1985 422 2017 Deinde
441 1982 615 2026 accipiens
637 1981 819 2014 stimulum
839 1979 876 2011 in
892 1989 1037 2017 manus,
1065 1975 1225 2009 admovit

238 2034 334 2070 1195
361 2034 472 2080 Equis
490 2033 670 2079 sequendo
689 2030 814 2076 eos97).
863 2030 938 2064 Nos
956 2028 1109 2061 ministri
1131 2039 1224 2072 pone

647 2094 789 2116 currum

284 2138 402 2181 Prope
419 2137 517 2169 frena
536 2135 771 2180 sequebamur
789 2131 975 2164 dominum

287 2188 346 2221 llla
365 2188 420 2219 via
435 2214 443 2227 ,
472 2199 562 2232 quae
581 2192 631 2219 est
645 2191 739 2218 recta
759 2185 802 2216 ad
815 2183 927 2226 Argos
945 2188 977 2214 et
989 2179 1225 2224 Epidaurum.

288 2241 354 2273 Sed
373 2246 560 2284 postquam
580 2236 770 2270 transimus
788 2235 823 2267 in
839 2235 955 2267 locum
973 2233 1149 2265 desertum
1161 2257 1170 2270 ‚

287 2291 349 2324 Est
368 2291 548 2335 quoddam
564 2288 661 2321 littus
679 2300 696 2320 e
713 2287 857 2331 regione
873 2283 978 2318 huius
996 2289 1111 2316 terrae
1123 2308 1132 2321 ,

273 2410 321 2436 94]
340 2407 494 2436 paternam]
523 2406 561 2428 sic
589 2404 633 2435 [Z
655 2404 746 2433 Eurip.
774 2404 823 2427 Ed.
850 2401 932 2425 Basil.
954 2399 1028 2423 1551.
1056 2396 1086 2437 ἐξ
1110 2395 1227 2434 πατρὸς)

307 2442 390 2466 Editt.
402 2441 486 2471 1558„
504 2439 591 2467 1562.;
613 2440 693 2462 Editz.
708 2441 828 2463 recent.:
849 2439 878 2459 ut
899 2434 983 2465 patris
1005 2434 1051 2465 (:-
1065 2440 1100 2459 w,-
1113 2439 1226 2462 πατρος,

309 2482 387 2506 quam
406 2475 549 2497 lectionem
570 2474 608 2496 illi
628 2472 834 2503 praeferendam
853 2472 903 2493 hae
917 2469 1000 2492 Euitt.
1022 2467 1207 2496 receperunt).

271 2520 320 2547 95)
340 2515 488 2547 Cui-ainus]
508 2516 546 2539 sic
565 2516 645 2539 l-Lditt.
668 2516 753 2545 155S.‚
774 2514 865 2543 1562.;
884 2512 966 2536 Editt.
984 2511 1087 2535 recent.
1111 2511 1157 2538 (=
1170 2509 1227 2532 Eu-

309 2553 360 2582 rip.
378 2550 563 2582 laevigatur)
585 2551 764 2578 pecu—hamus.

275 2596 321 2625 96)
342 2595 365 2618 si
390 2595 477 2617 malus
503 2594 575 2620 suni]
602 2592 642 2615 sic
667 2592 750 2615 Editt.
772 2591 864 2617 1558„
892 2589 985 2615 1562.;
1022 2588 1105 2613 Editt.
1125 2588 1227 2612 recent.

307 2630 353 2660 (z
373 2629 464 2658 Eurip.
484 2628 507 2651 εἰ
524 2625 607 2653 κακὸς
624 2622 731 2657 mirsi-z'
751 2623 834 2655 ιῖιίζρ)
855 2624 878 2647 si
898 2624 984 2647 malus
1003 2630 1062 2646 suin
1082 2622 1134 2647 vir.

275 2672 322 2702 97)
343 2671 480 2700 sequendo
507 2671 569 2698 eos]
597 2669 636 2692 sic
663 2668 746 2693 Editt.
770 2668 860 2697 1555„
889 2667 979 2696 1562.;
1017 2666 1099 2689 Editt.
1125 2665 1227 2688 recent.

312 2709 358 2734 t:
378 2706 469 2735 Eurip.
489 2702 609 2736 τῖμυςιῑῇ)
629 2703 717 2726 simul.

977 115 1087 148 MEL.
1121 115 1321 149 SCRIPTA
1357 115 1693 150 PIHLOLOGICA.

2191 116 2265 154 528

1281 203 1378 237 1200
1404 203 1516 236 Situm
1538 202 1580 233 ad
1599 212 1696 233 mare
1714 200 1937 237 Saronicum.

1325 252 1409 286 Inde
1427 253 1570 298 quidam
1589 252 1724 286 sonitus
1743 264 1784 285 ex
1801 259 1892 287 terra
1905 280 1914 294 ,
1941 253 2031 287 sicut
2048 265 2115 285 vox
2129 251 2241 292 Iovis,

1328 304 1455 338 Emisit
1487 301 1732 336 vehementem
1765 304 1944 338 fremitum
1975 302 2183 337 horribilem
2205 316 2266 338 au-

1682 354 1757 386 ditu
1771 367 1777 392 ;

1329 404 1445 448 Caput
1458 411 1658 438 statuerunt
1677 411 1830 437 erectum
1842 431 1852 445 ,
1887 411 1920 438 et
1937 417 2058 438 aurem
2074 406 2111 439 in
2128 405 2265 439 coelum

1326 455 1430 499 Equi.
1463 455 1550 488 Erat
1566 455 1601 488 in
1619 456 1721 489 uobis
1738 462 1864 495 metus,
1889 462 1928 490 ut
1943 457 2038 500 apud
2055 456 2267 504 iuvenes⁹⁸),

1280 504 1376 542 1205
1404 506 1591 539 Undenam
1611 513 1700 540 esset
1716 507 1870 545 souitus;
1899 508 1958 540 sed
1977 508 2013 540 in
2029 508 2208 541 marinum

1327 556 1443 591 Littus
1459 558 1656 597 intuentes,
1683 558 1837 592 vidimus
1856 559 2034 601 ingentem

1326 608 1488 642 Fluctum
1508 609 1543 641 in
1563 609 1660 641 coelo
1678 615 1827 642 stantem
1840 636 1849 649 ,
1876 616 1916 642 ut
1935 622 2008 642 non
2027 621 2208 654 possemus

1326 659 1455 692 Videre
1475 661 1571 693 littus
1593 659 1760 693 Scironis.

1327 710 1431 743 Texit
1447 709 1617 744 lstlunum
1637 717 1670 743 et
1688 717 1824 754 petram
1840 711 2060 755 Aesculapii;

1279 762 1375 799 1210
1404 762 1542 795 Deinde
1560 762 1796 795 intumescens
1808 789 1816 801 ,
1843 768 1876 794 et
1893 762 2051 807 undique
2071 773 2234 806 spumam

1327 813 1524 846 Plurimam
1544 814 1676 858 pellens
1695 826 1773 846 cum
1792 813 1911 846 sonitu
1929 813 2090 853 marino,

1326 863 1433 897 Venit
1451 866 1493 897 ad
1514 865 1610 897 littus
1623 891 1631 904 ,
1659 864 1719 897 nbi
1737 870 1839 897 erant
1854 864 2066 909 quadrigae;

1327 914 1467 948 Etcum
1487 916 1562 960 ipsa
1585 915 1737 959 procella
1758 921 1792 948 et
1808 921 2016 960 tempestate

1325 965 1469 1000 Fluctus
1486 967 1543 999 ille
1559 966 1720 1010 exposuit
1736 972 1891 1006 taurum,
1918 967 2033 999 ferum
2051 970 2267 1004 monstrum,

1278 1015 1376 1052 1215
1403 1017 1511 1051 Cuius
1527 1018 1647 1050 sonitu
1666 1024 1759 1050 terra
1778 1017 1894 1051 omnis
1909 1018 2012 1062 plena

1326 1068 1555 1101 Horribiliter
1579 1069 1780 1102 resonabat.
1834 1067 2056 1102 Intuentibus

1326 1119 1403 1152 Hoc
1419 1120 1680 1163 spectaculum,
1707 1119 1903 1162 apparebat
1925 1118 2118 1152 terribilius
2142 1122 2266 1150 nostro

1684 1171 1862 1213 adspectu.

1327 1220 1452 1254 Statim
1471 1220 1594 1253 incidit
1612 1220 1647 1252 in
1667 1232 1776 1265 equos
1793 1232 1919 1263 magna
1939 1218 2191 1253 consternatio.

1326 1271 1372 1304 Et
1391 1272 1577 1311 dominus,
1598 1271 1635 1303 in
1650 1283 1688 1304 re
1705 1271 1860 1316 equestri

1278 1323 1376 1358 1220
1402 1323 1554 1356 Multum
1575 1329 1752 1362 versatus,
1778 1321 1886 1354 traxit
1905 1321 2071 1354 manibus
2088 1318 2266 1358 habenas,

1328 1372 1512 1412 Retrahst,
1539 1385 1675 1405 remum
1694 1379 1864 1417 tanquam
1882 1378 2011 1411 nauta,

1326 1425 1485 1457 Flectens
1504 1435 1630 1467 corpus
1647 1429 1742 1455 retro
1760 1423 1864 1460 loris;

1328 1475 1393 1508 Sed
1428 1474 1508 1520 equi
1532 1475 1736 1506 mordentes
1761 1473 1879 1506 frenos
1901 1471 1938 1503 in
1963 1470 2036 1514 igni
2060 1470 2170 1503 factos
2195 1468 2267 1502 suis

1685 1523 1902 1556 mandibulis

1328 1576 1510 1608 Violenter
1527 1576 1664 1612 serunt,
1691 1585 1806 1618 neque
1826 1583 1970 1605 manum
1986 1569 2155 1608 rectoris,

1279 1625 1377 1663 1225
1402 1627 1526 1671 Neque
1544 1627 1620 1658 lora
1630 1624 1695 1669 9⁹),
1722 1636 1838 1669 neque
1858 1623 2066 1656 coniunctos
2082 1631 2206 1653 currus

1329 1678 1513 1710 Curantes.
1566 1676 1612 1709 Et
1629 1676 1656 1709 si
1675 1676 1712 1707 in
1728 1676 1834 1719 plana

1328 1728 1440 1761 Terra
1460 1726 1594 1760 liabens
1610 1726 1846 1770 gubernacula
1867 1724 2029 1757 flectebat
2044 1733 2184 1755 cursum
2195 1746 2206 1761 ,

1327 1779 1524 1812 Videbatur
1541 1778 1715 1816 anterius,
1742 1783 1782 1809 nt
1799 1781 2042 1813 converteret,

1329 1830 1471 1863 Taurus
1487 1828 1777 1874 perterrefaciens
1794 1827 2044 1872 quadriiugum
2062 1834 2219 1855 currum.

1280 1881 1378 1917 1230
1407 1881 1513 1925 Quod
1530 1881 1558 1913 si
1576 1880 1781 1912 ferebantur
1798 1890 1918 1911 versus
1937 1882 2054 1920 petras
2068 1871 2223 1917 rabiosi,

1329 1932 1452 1965 Tacite
1469 1932 1783 1976 appropinquans,
1811 1929 1915 1963 simul
1937 1925 2174 1960 comitabatur
2192 1934 2270 1956 cur-

1684 1993 1763 2014 rum
1777 2008 1785 2021 ,

1329 2033 1452 2066 Donec
1468 2031 1615 2076 impegit
1633 2038 1667 2064 et
1684 2032 1852 2070 excussit,

1327 2083 1515 2128 Impellens
1531 2083 1700 2116 circulum
1718 2089 1817 2116 rotae
1835 2093 1932 2115 saxO.

1329 2135 1460 2167 Omnia
1481 2141 1582 2167 erant
1599 2135 1761 2174 confusa,
1786 2132 1878 2167 radii
1896 2137 1993 2164 extra

1281 2184 1379 2222 1235
1405 2186 1516 2219 Rotas
1535 2185 1727 2225 saliebant,
1754 2191 1789 2217 et
1803 2184 1893 2217 clavi
1912 2182 2043 2215 axium.

1331 2235 1531 2281 lpsejmiser
1549 2234 1698 2269 haerens
1715 2236 1807 2268 inter
1824 2236 1899 2267 lora
1912 2260 1921 2273 ,

1330 2286 1504 2321 Trahitur
1518 2287 1655 2320 vinctus
1672 2287 1813 2319 vinculo
1831 2281 2088 2328 inexplicabili,

1330 2338 1444 2373 Illisus
1460 2345 1561 2371 antea
1581 2336 1728 2371 charum
1745 2344 1851 2382 caput
1867 2338 1911 2369 ad
1928 2341 2064 2380 petras,

1331 2390 1546 2424 Concutiens
1579 2401 1726 2433 corpus,
1760 2395 1793 2422 et
1818 2389 1973 2421 clamans
1997 2383 2184 2418 horribilia
2207 2395 2269 2416 au-

1687 2440 1778 2473 ditu:

1314 2552 1361 2579 98)
1380 2551 1485 2579 metus,
1504 2549 1533 2570 ut
1551 2546 1620 2576 apud
1640 2546 1767 2574 iuvenes]
1785 2546 1825 2569 sic
1844 2544 1927 2569 Editt.
1945 2543 2037 2573 1558„
2060 2541 2150 2570 15⁶2.;
2170 2542 2267 2565 Barn.:

1347 2586 1437 2609 metus
1456 2582 1599 2611 iuvenilis5
1624 2582 1740 2611 Musgr.‚
1759 2580 1835 2605 Fam
1861 2581 1949 2602 metus
1968 2578 2065 2608 iugens
2084 2576 2192 2606 (Eurip.
2212 2573 2268 2607 φό-

1347 2621 1394 2650 βος
1413 2614 1559 2643 νεανικὸς).

1313 2662 1362 2689 99)
1384 2662 1458 2689 tora]
1478 2659 1518 2682 sic
1537 2661 1583 2687 (z
1604 2658 1697 2688 Eun-ip.
1717 2654 1913 2688 ἱπποδέσμων)
1933 2655 2015 2678 Editt.
2034 2655 2158 2684 recent.;
2185 2654 2268 2678 Editt.

1354 2696 1447 2725 1555„
1468 2694 1542 2718 1562.
1561 2699 1656 2717 errore
1676 2695 1802 2723 0120ng
1832 2692 1899 2715 loca.
