2373 2980
110 105 186 155 433
511 101 617 136 LvH.

111 191 210 228 1205
237 190 374 237 Futura
390 187 435 222 sit
458 187 496 221 in
520 194 703 237 posterum
730 186 818 222 haec
840 189 944 228 urbs,
971 188 1032 221 Dii
1054 201 1112 223 cu-

523 240 667 273 rabunt.

164 290 316 338 Char-⁸³)
345 288 541 324 Pulchrum
560 297 611 325 est
627 290 788 330 vincere;
820 291 849 326 si
868 302 953 326 vero
963 289 1024 323 Dii
1040 302 1114 323 me·
1139 306 1141 332 ῃ

527 342 655 376 liorem

162 393 368 427 Habuerint
386 393 601 428 sententiam
615 419 624 433 ,
650 404 715 437 ego
732 393 814 427 felix
833 405 958 428 essem.

161 442 228 481 Ιοό.
262 442 418 479 Pulchre
453 442 607 484 habent,-
649 455 740 490 quae
773 451 856 479 sunt
883 444 1047 479 Deorum
1080 450 1114 477 et

119 494 123 499 '
525 496 704 528 fortunae.

161 546 244 580 Filii
264 553 348 581 sunt
364 546 472 586 salvi,
500 552 534 579 et
550 545 674 580 civitas
691 545 801 580 evasit
816 546 1029 590 periculum.

114 597 212 638 1210
241 597 359 643 Creon
376 597 518 631 videtur
533 609 695 630 mearum
712 597 922 641 nuptiarum
934 624 943 638 ,

137 640 139 649 x
156 644 208 683 vEt
224 645 355 682 boi-'um
374 649 552 682 malorum
564 647 696 693 Oedipi
713 660 848 693 poenas
865 649 963 682 luere
981 647 1114 686 infelix,

161 700 330 742 Privatus
340 700 461 734 liberis
471 713 483 742 :¹
498 699 580 734 urbi
593 700 737 745 quidem
746 700 902 734 faustum
915 699 951 732 id
970 705 1004 732 et
1019 699 1115 738 felix,

132 790 134 793 ι
163 750 341 784 Privatim
360 763 446 783 vero
464 747 632 784 acerbum
650 757 720 788 est;
755 752 816 784 sed
839 757 988 785 narrato
1006 747 1115 790 mihi,

119 803 136 846 J
164 801 361 849 Quidwpost
375 799 463 834 haec
479 801 543 834 filii
561 801 631 835 mei
649 807 788 846 parent.
971 843 973 845 Ι

116 840 213 888 1215
237 850 333 887 Nun.
361 852 498 887 Omitte
519 853 675 898 reliqua,
703 865 845 897 semper
864 864 899 886 es
920 853 1114 886 fortunata.

164 908 232 940 loc.
256 904 333 937 Hoc
349 903 467 938 dixisti
484 904 689 949 suspiciose,
708 916 782 937 non
797 911 848 938 est
864 904 1115 937 omittendum.

166 952 260 999 Nun.
301 954 398 1001 Quid
433 955 486 990 vis
519 955 635 989 maius
675 954 827 996 habere,
872 967 981 1001 quam
1023 955 1116 988 filios

127 1007 129 1009 ’
184 1002 188 1007 ’
213 1000 224 1011 ‘⁵
259 1002 261 1004 ¹
527 1006 669 1041 salvos?

122 1095 123 1098 ,
166 1061 233 1094 loo.
261 1057 319 1091 An
346 1065 380 1092 et
404 1058 440 1092 in
465 1065 648 1104 posterum
673 1071 820 1103 prorsus
844 1059 910 1092 sim
927 1057 1028 1097 felix,
1056 1069 1117 1091 au-

533 1111 608 1144 dire
632 1111 728 1144 volo.

166 1162 262 1195 Nun.
285 1159 436 1194 Dimitte
453 1173 529 1200 me3
556 1162 648 1195 filius
666 1168 747 1195 tuus
764 1167 815 1194 est
833 1159 907 1194 sine
927 1160 1117 1205 armigero.

120 1211 218 1247 1220
245 1214 311 1246 Ioc.
342 1211 501 1258 Aliquod
523 1212 658 1246 malum
680 1212 855 1252 occultas,
898 1218 932 1246 et
962 1212 1117 1246 involvis

531 1263 699 1299 tenebris.

168 1316 261 1348 Nun.
293 1313 532 1361 Nequaquam
550 1316 667 1349 dicam
685 1322 766 1360 post
780 1316 896 1359 bona,
925 1322 985 1349 tua
1011 1316 1118 1349 mala.

168 1367 235 1399 loc.
281 1364 359 1399 Nisi
395 1366 526 1400 dixeris
538 1393 547 1407 ‚
600 1367 842 1412 effugiendum
877 1367 942 1400 tibi
978 1367 1047 1401 erit
1082 1367 1118 1400 in

535 1429 668 1452 aerem.

166 1467 262 1500 Nun.
288 1466 386 1508 Heu,
416 1480 527 1514 quare
544 1482 601 1503 me
617 1482 692 1503 non
709 1469 795 1504 sinis
811 1475 893 1515 post
909 1469 1043 1504 laetum

168 1516 345 1552 Nuntium
362 1519 461 1553 abire
472 1547 481 1560 ,
508 1522 568 1555 sed
585 1522 638 1556 vis
653 1534 710 1555 me
727 1521 844 1555 dicere
863 1521 983 1555 mala?

120 1566 219 1606 1225
246 1568 329 1602 Filii
346 1571 480 1614 gemini
498 1572 550 1605 tui
567 1579 650 1606 sunt
668 1573 706 1605 in
721 1573 880 1606 facinore
889 1571 936 1617 8¹¹)

170 1619 415 1664 Turpissimo:
442 1623 637 1666 pugnaturi
653 1635 813 1657 seorsum
829 1623 960 1657 duello.

168 1668 312 1704 Etenim
331 1672 497 1706 dixerunt
516 1674 657 1719 Argivis
674 1680 708 1707 et
727 1672 910 1707 Thebanis

166 1720 292 1755 Palam
305 1749 314 1764 ‚
343 1736 434 1769 quae
450 1737 637 1771 nunquam
654 1725 770 1759 dicere
791 1726 980 1759 debebant.

168 1771 330 1808 Eteocles
345 1781 442 1809 stans
460 1776 498 1808 in
515 1777 628 1810 arduo
649 1777 728 1810 loco
740 1803 749 1817 ‚
776 1777 878 1822 prior
895 1776 1028 1821 incepit

122 1822 219 1858 1230
246 1824 300 1859 De
314 1826 426 1867 turri,
453 1827 579 1862 iubens
593 1828 703 1862 indici
716 1828 898 1862 silentium
915 1827 1097 1862 exercitui.

164 1875 270 1910 'Dixit
287 1883 424 1911 autem:
453 1878 486 1912 O
505 1880 611 1914 duces
629 1880 759 1914 Graeci

168 1926 473 1963 Praestantissimi
490 1930 713 1965 Graecorum
724 1957 733 1971 ‚
763 1930 825 1976 qui
844 1928 913 1964 huc
929 1930 1075 1964 venistis
1086 1957 1095 1971 ,

170 1977 217 2011 Et
232 1991 295 2013 vos
310 1979 404 2013 cives
420 1978 606 2020 Thebani,
633 1992 679 2013 ne
695 1988 845 2025 propter
863 1982 1072 2025 Polynicem

170 2027 324 2062 Vendite
341 2029 500 2070 animas,
528 2036 562 2063 et
578 2043 645 2075 pro
661 2030 766 2064 nobis
783 2031 901 2065 simul.

122 2076 220 2113 1235
246 2079 324 2124 Ego
341 2079 436 2113 enim
452 2080 527 2126 ipse
546 2079 615 2115 hoc
630 2082 830 2127 periculum
846 2081 1032 2116 remittens
1043 2108 1052 2122 ,

171 2130 276 2165 Solus
290 2130 473 2176 ingrediar
490 2139 673 2166 certamen
690 2146 770 2167 cum
784 2146 864 2167 meo
882 2134 1005 2167 fratre.

169 2181 216 2215 Et
231 2182 260 2216 si
278 2180 374 2216 hunc
393 2183 577 2225 occidem,
605 2185 701 2219 solus
719 2185 876 2229 regnabo
893 2185 931 2217 in
946 2184 1081 2230 patria,

169 2233 293 2268 Victus
309 2240 429 2268 autem
441 2261 450 2276 ‚
477 2233 561 2269 huic
580 2237 718 2269 tradam
737 2236 880 2269 urbem:

170 2283 245 2320 Vos
262 2285 466 2321 omittentes
485 2293 685 2329 certarnen,
711 2287 749 2321 in
773 2287 927 2333 patriam

125 2335 224 2371 1240
250 2336 428 2372 Redibitis
439 2365 448 2379 ,
475 2350 551 2371 non
567 2339 812 2385 relinquentes
828 2337 885 2372 hic
900 2339 1030 2375 vitam;

173 2385 339 2421 Thebani
355 2401 441 2422 vero
459 2390 584 2434 populi
597 2391 682 2425 satis
695 2397 758 2432 est,
774 2391 836 2436 qui
846 2390 936 2423 iacet
945 2395 1121 2423 mortuus.

175 2437 232 2471 Sic
247 2439 348 2475 dixit.
401 2440 502 2475 Tuus
520 2448 639 2476 autem
657 2442 750 2477 filius
768 2442 957 2487 Polynices

157 2527 206 2560 83)
226 2529 325 2560 chon]
347 2532 388 2558 sie
405 2533 489 2560 Editt.
507 2534 606 2566 Barn.,
625 2535 748 2567 Musgr.,
774 2534 853 2565 Fix.;
887 2534 914 2559 in
933 2535 1018 2560 Editt.
1034 2536 1121 2565 1558„

195 2563 269 2588 ¹5⁸²-
295 2567 340 2593 (=
360 2568 453 2598 Eurip.
471 2569 521 2594 Ed.
543 2570 626 2593 Basil.
647 2570 736 2602 1551.)
762 2570 804 2594 hie
823 2575 923 2594 versus
948 2574 975 2594 et
1000 2577 1120 2601 sequens

193 2603 249 2622 non
267 2598 373 2631 chori,
392 2603 441 2626 sed
460 2602 567 2629 Nuntii
585 2605 670 2628 verba
688 2607 761 2629 suut.

158 2640 208 2669 84)
227 2644 292 2667 sunt
310 2642 337 2666 in
357 2644 492 2674 facinore]
513 2646 553 2669 sic
565 2646 615 2671 Ed.
636 2648 726 2677 1562.;
755 2648 802 2671 Ed.
819 2648 894 2673 1558.
914 2649 979 2671 sunt
999 2648 1121 2672 facinore

194 2674 303 2742 {53:221aess
321 2675 453 2708 μέλλετον
471 2678 650 2711 τολμήματα,
674 2682 772 2711 Bam„
798 2682 916 2713 Musgn:
948 2682 1056 2713 agitant
1076 2682 1119 2706 fa-

125 2748 309 2782 MELANTH.
327 2751 433 2783 Oran-
465 2753 551 2784 Vol..
569 2754 689 2786 XVIH.

679 101 1082 153 INTERPRETATIO
1109 102 1487 139 PHOENJSSARUM
1514 101 1767 137 EURIPIDIS.

2090 103 2165 138 434

1219 190 1271 224 Ex
1296 190 1436 234 agmine
1466 189 1625 222 celeriter
1653 190 1807 223 accurrit
1835 197 1867 224 et
1904 189 2064 225 laudavit
2098 188 2165 223 hoc

1576 240 1721 275 dictum.

1219 291 1353 324 Omnes
1370 290 1495 334 Argivi
1512 288 1580 323 hoe
1599 292 1894 334 approbaverunt
1908 305 2101 332 concursu,

1139 338 1141 370 ἒ
1172 340 1268 377 1245
1296 342 1341 375 Et
1358 340 1544 380 Thebani⁷
1572 341 1814 375 existimantes
1834 342 1924 377 iusta
1944 342 2032 377 haec
2048 355 2132 377 esse.

1220 394 1374 437 Propter
1391 390 1477 425 haec
1493 397 1577 425 sunt
1590 392 1701 424 sactae
1718 392 1901 435 induciae,
1929 401 1964 428 et
1986 395 2024 428 in
2046 396 2166 428 medio

1585 441 1664 475 loco
1683 443 1775 476 inter
1795 445 1886 479 acies

1220 493 1470 528 Iusiurandum
1497 493 1674 526 dederunt
1701 505 1824 529 omnes
1847 496 1952 530 duces
1976 496 2019 530 iis
2040 509 2076 531 se
2097 503 2166 531 sta-

1580 550 1679 577 turos
1699 556 1784 579 esse.

1218 594 1293 628 Iam
1315 596 1541 630 occultabant
1559 606 1687 639 corpus
1704 596 1823 630 aeneis
1841 597 1950 631 armis

1219 647 1301 681 Duo
1321 648 1466 682 iuvenes
1483 646 1576 679 senis
1593 645 1737 691 Oedipi.

1172 699 1269 734 1250
1295 699 1411 732 Amici
1428 698 1607 731 ornabant
1624 698 1749 731 ducem
1764 695 1870 732 huius
1884 705 1999 732 terrae
2012 725 2020 739 ,

1221 751 1403 795 Principes
1419 748 1601 787 Thebani3
1630 749 1781 782 alterum
1798 762 1884 782 vero
1907 750 2085 795 principes
2101 751 2166 784 Ar-

1584 812 1762 844 givorum.

1220 853 1401 886 Steterunt
1416 853 1610 896 fulgentes,
1638 864 1702 884 nec
1730 857 1962 885 mutaverunt
1989 852 2144 886 colorem
2158 882 2167 893 ‚

1220 904 1425 937 Tendentes
1442 904 1578 947 impetu
1596 904 1639 935 ad
1658 909 1822 936 mutuum
1842 914 2081 948 congressum.

1220 956 1436 989 Accedentes
1454 955 1513 987 alii
1529 954 1671 987 aliunde
1690 953 1816 993 amici,

1174 1006 1270 1043 1255
1298 1006 1508 1039 Animantes
1526 1017 1691 1039 sermone
1707 1004 1873 1037 dicebant
1890 1002 1993 1038 haec:

1221 1057 1427 1102 Polynices,
1453 1068 1561 1101 penes
1578 1061 1611 1089 te
1630 1055 1697 1089 erit
1710 1061 1865 1089 statuere
1882 1062 2037 1090 statuam
2055 1055 2148 1092 Iovis

1221 1109 1459 1153 Tropaealem
1479 1114 1513 1141 et
1530 1119 1696 1151 magnam
1716 1107 1866 1151 gloriam
1884 1119 2014 1152 parare
2024 1109 2140 1154 Argis.

1222 1161 1404 1195 Eteoclem
1420 1160 1468 1194 sic
1490 1157 1795 1194 adhortabantur:
1831 1158 1935 1194 Nunc
1957 1172 2025 1204 pro
2048 1161 2165 1205 patria

1583 1223 1720 1257 pugnas
1731 1238 1740 1252 ,

1222 1266 1326 1300 Nunc
1343 1265 1457 1298 victor
1475 1263 1644 1302 existens,
1672 1261 1808 1296 tenebis
1823 1274 1986 1306 regnum.

1176 1318 1272 1356 1260
1300 1317 1394 1351 Haec
1413 1316 1598 1355 dicebant,
1626 1312 1812 1348 hortantes
1829 1315 1873 1347 ad
1889 1326 2065 1359 pugnam;

1222 1369 1330 1403 Vates
1348 1380 1433 1402 vero
1452 1367 1658 1401 mactabant
1671 1367 1823 1411 pecudes
1834 1391 1844 1407 ‚
1872 1371 1906 1399 et
1922 1365 2041 1410 igneas
2058 1365 2170 1407 acies,

1221 1421 1269 1455 Et
1283 1427 1452 1465 rupturas
1466 1417 1625 1464 hepatis,
1653 1417 1874 1452 contrarium
1890 1414 2079 1451 humorem
2091 1425 2113 1457 ,ἶ

1223 1473 1271 1506 Et
1285 1473 1396 1505 facem
1409 1498 1418 1511 ,
1444 1482 1534 1516 quae
1551 1468 1658 1503 habet
1676 1470 1765 1503 duos
1781 1470 1888 1510 fines,

1225 1524 1372 1567 Signum
1392 1522 1563 1555 victoriae
1582 1527 1616 1554 et
1631 1521 1772 1565 signum
1790 1520 2063 1566 imperatorum.

1178 1574 1274 1611 1265
1303 1575 1372 1608 Sed
1392 1574 1420 1608 si
1438 1574 1535 1619 quod
1554 1573 1772 1612 remedium,
1800 1572 1830 1606 si
1848 1585 1955 1618 quam
1974 1576 2171 1621 sapientem

1587 1621 1696 1658 habes
1714 1623 1914 1658 orationem
1927 1651 1937 1666 ‚

1225 1677 1273 1711 Et
1288 1675 1422 1723 philtra
1433 1676 1733 1719 incantationum,
1750 1677 1839 1711 vade
1856 1683 1890 1711 et
1905 1675 2031 1712 cohibe
2043 1679 2174 1715 liberos

1225 1732 1257 1764 A
1270 1742 1375 1764 saevo
1388 1728 1595 1769 certamine,
1611 1728 1694 1775 quia
1709 1728 1908 1773 periculum
1923 1737 1975 1764 est
1989 1744 2173 1776 magnum,

1225 1781 1271 1814 Et
1287 1780 1447 1825 praemia
1466 1780 1588 1824 gravia
1602 1793 1609 1813 ι
1636 1780 1762 1814 afferet
1776 1780 1840 1814 tibi
1857 1793 1912 1816 res
1926 1780 2146 1829 lachrymas,

1226 1832 1431 1866 Privaberis
1448 1832 1587 1865 duobus
1604 1831 1685 1866 filiis
1702 1832 1740 1865 in
1757 1844 1798 1865 eo
1818 1832 1886 1868 die.

1178 1884 1277 1920 1270
1304 1886 1371 1918 loe.
1399 1883 1432 1917 O
1449 1883 1521 1916 filia
1539 1883 1739 1927 Antigone,
1768 1885 1936 1928 egredere
1953 1893 2035 1921 ante
2059 1889 2173 1924 aedes.

1225 1936 1307 1970 Non
1327 1935 1364 1968 in
1381 1932 1520 1968 choreis
1531 1961 1540 1975 ‚
1565 1947 1682 1980 neque
1697 1935 1735 1968 in
1751 1935 1931 1980 virginum
1949 1945 2051 1973 coetu
2062 1967 2070 1980 ‚

1226 1987 1330 2021 Nunc
1348 1986 1414 2019 tibi
1432 1985 1594 2031 procedit
1614 1992 1725 2020 status
1741 1987 1919 2023 fortunae.

1226 2038 1293 2070 Sed
1308 2037 1405 2071 viros
1422 2037 1578 2081 optimos
1593 2043 1627 2070 et
1642 2037 1771 2072 fratres
1788 2044 1868 2073 tuos

1227 2088 1431 2122 'Tendentes
1449 2089 1494 2121 ad
1513 2094 1688 2129 mortem,
1715 2088 1868 2123 liberare
1884 2096 1917 2123 te
1935 2099 2077 2135 oportet

1178 2138 1276 2175 1275
1304 2139 1394 2173 Cum
1412 2145 1527 2172 matre
1542 2145 1602 2173 tua
1614 2165 1623 2180 ,
1651 2151 1695 2172 ne
1711 2146 1837 2174 mutuo
1855 2142 2056 2178 concidant.

1225 2193 1308 2225 Ant.
1337 2190 1531 2236 Quomodo
1548 2196 1664 2224 mater
1680 2204 1883 2225 moerorem
1899 2205 2034 2227 novum

1227 2242 1341 2276 Sonus
1360 2242 1584 2286 amicislante
1604 2239 1667 2276 has
1686 2242 1814 2276 aedes?

1226 2296 1292 2328 loc.
1321 2293 1354 2327 Ο
1371 2294 1462 2334 filia,
1488 2293 1580 2338 perit
1595 2293 1667 2326 vita
1685 2299 1830 2326 tuorum
1848 2294 2013 2330 fratrum.

1226 2348 1310 2380 Ant.
1339 2345 1533 2390 Quomodo
1559 2342 1671 2377 dicis?
1730 2346 1797 2378 Ioc.
1826 2344 2019 2380 Constituti
2038 2353 2119 2380 sunt
2137 2347 2173 2380 in

1587 2394 1766 2438 singulare
1792 2402 1983 2432 certamen.

1178 2447 1274 2481 1280
1310 2449 1392 2480 Ant.
1427 2446 1505 2479 Heu
1529 2443 1617 2478 mihi
1629 2471 1638 2486 ,
1674 2445 1762 2491 quid
1787 2446 1874 2481 dicis
1897 2447 2038 2481 mater?

1590 2496 1675 2531 Non
1690 2503 1810 2541 grata;
1838 2499 1899 2533 sed
1916 2512 2074 2545 sequere.

1225 2551 1307 2584 Ant.
1327 2548 1408 2592 Quo
1420 2574 1428 2587 ,
1457 2559 1501 2580 an
1521 2546 1721 2594 relinquam
1738 2561 1956 2594 gynaeceum
1968 2550 1984 2583 ἐ’
2034 2553 2100 2585 Ιοε.
2118 2551 2170 2583 Ad

1586 2599 1792 2635 exercitum.

1226 2652 1308 2684 Ant.
1337 2649 1534 2695 Pudet‘me
1558 2651 1681 2684 venire
1703 2651 1738 2684 in
1763 2651 1917 2686 turbam.
1978 2654 2046 2686 Ioc.
2071 2651 2170 2685 Tuae

1583 2714 1639 2736 res
1656 2714 1728 2735 non
1744 2702 1933 2748 requirnnt
1950 2705 2136 2749 pudorem.

1539 2753 1588 2788 28

2106 2450 2173 2483 loc.
