2373 2980
504 111 578 148 LII.

113 114 186 150 181
634 114 668 148 1.
696 113 1063 149 PRAEFATIONES
1089 113 1139 149 IN

109 201 281 236 tercando
296 197 484 232 veritatem
504 198 688 234 amittunt.
741 200 835 234 Nam
851 207 892 234 ut
913 200 983 233 alia
1008 199 1114 232 omit-

109 260 203 294 tam,
236 250 398 296 plerique
426 247 728 294 philosophorum
746 251 863 285 Deum
884 250 1113 284 administra-

108 305 207 338 tione
215 302 262 349 ⁶²³)
281 313 402 335 rerum
419 302 654 344 submovent,
671 309 876 349 negantque
895 303 927 336 ei
943 315 998 336 res
1016 313 1112 334 mor-

109 355 234 389 talium
248 364 353 387 curae
370 364 456 388 esse.
516 353 643 400 Neque
661 354 956 388 animadvertunt
972 354 1017 386 ab
1035 353 1110 397 ipsa

107 412 237 440 natura
264 416 331 439 nos
356 405 599 445 commoneri,
643 418 717 440 esse
749 406 907 452 aliquam
940 411 1112 444 mentem,

108 468 200 502 quae
225 454 315 490 haec
337 453 497 489 humana
522 463 644 500 regat,
676 458 792 491 bonos
811 463 949 498 servet,
975 457 1112 500 impro-

105 508 171 542 bos
188 508 328 553 puniat.
380 507 511 541 Melius
528 507 637 552 igitur
653 508 850 549 Hesiodus,
879 509 941 554 qui
950 508 997 555 64)
1020 507 1113 540 iniu-

107 559 279 606 stitiaeffi)
300 559 498 604 praeceptis
524 559 709 604 flagitiosis
732 559 960 603 gravissimas
976 570 1112 604 poenas

106 610 381 650 interminatur,
416 611 579 655 praemia
602 611 708 645 bonis
732 611 935 655 pollicetur.
1003 609 1112 643 Venit

105 659 197 695 mihi
211 662 250 694 in
263 667 421 694 mentem
439 660 609 703 Luciam,
646 662 727 708 qui,
763 669 804 696 ut
829 662 936 702 solet,
971 673 1036 706 per
1060 661 1111 693 io-

108 725 188 746 cum
208 725 287 747 cum
299 712 457 747 Hesiodo
475 713 745 760 expostulat‘ffi),
773 726 847 754 cur,
876 726 955 747 cum
974 712 1112 758 pollici-

106 771 163 798 tus
181 764 226 799 sit
241 777 276 798 se
295 765 513 809 scripturum
528 761 612 799 ‘coit’
630 764 740 800 ἔοντα
757 763 821 799 καὶ
843 763 891 799 τὰ
916 764 1111 809 ἐσσόμενα,

107 816 310 860 praesentia
346 822 381 849 et
412 816 552 856 futura,
597 815 689 849 nihil
725 822 846 849 tamen
882 815 1112 861 praedixerit,

106 867 205 901 nulla
223 879 346 901 rerum
362 869 567 901 futurarum
586 867 755 901 vaticinia
773 868 974 914 reliquerit.
1034 866 1111 911 Ego

107 931 193 952 vero
231 931 306 953 non
338 925 412 953 tam
447 919 638 952 vaticinari
669 920 761 953 duco
787 917 989 953 Chaldaeos
1020 919 1112 958 illos,

109 982 198 1016 quos
213 977 367 1012 vocant,
401 970 464 1017 qui
480 971 715 1015 praedicunt,
749 977 829 1004 uter
854 971 892 1004 in
917 971 1016 1011 alea,
1051 983 1113 1004 seu

107 1022 192 1055 ludo
208 1023 366 1056 talorum
390 1022 550 1057 victurus
574 1023 639 1064 sit,
674 1029 736 1057 aut
761 1023 868 1056 etiam
893 1023 955 1069 qui
977 1029 1113 1066 tempe·

107 1079 239 1108 statum
256 1075 349 1109 vices
366 1075 597 1120 praevident,
625 1088 734 1121 quam
751 1074 948 1109 Hesiodum
970 1086 1012 1108 ex
1029 1086 1113 1107 con-

107 1125 193 1159 siliis
210 1123 402 1160 hominum
422 1127 535 1161 exitus
552 1133 586 1160 et
601 1139 701 1161 casus
726 1127 999 1160 coniectantem.
1061 1125 1112 1158 Ea

108 1177 282 1211 divinatio
310 1177 398 1224 etffl)
424 1190 465 1211 ex
488 1178 694 1213 certissimis
716 1185 794 1211 orta
820 1179 935 1213 causis
966 1183 1035 1217 est,
1081 1183 1115 1209 et

107 1229 204 1262 bono
221 1229 300 1262 viro
317 1229 525 1272 dignissima
552 1242 622 1275 qua
651 1236 686 1263 et
707 1230 840 1264 multos
865 1230 955 1263 alios
981 1235 1016 1262 et
1032 1228 1114 1262 Pla-

108 1286 231 1313 tonem
246 1292 351 1314 usum
370 1281 413 1313 de
429 1280 606 1325 Dionysio
631 1280 815 1321 videmus,
852 1281 998 1327 quando
1022 1280 1114 1312 cala-

108 1331 280 1365 mitosum
302 1332 505 1377 tyrannidis
525 1331 657 1365 exitum
685 1332 929 1378 praedixjtsss).
988 1331 1113 1376 Neque

109 1383 206 1415 aliud
232 1383 522 1426 praedictionum
557 1395 667 1427 genus
696 1384 742 1416 ad
769 1384 881 1416 vitam
903 1383 1027 1417 utilius
1052 1388 1114 1423 est,

110 1433 166 1467 cui
181 1434 211 1467 si
227 1433 345 1474 Nero,
373 1434 403 1468 si
417 1433 648 1468 Domitianus
667 1441 702 1468 et
726 1434 890 1481 plerique
918 1435 980 1467 alii
1006 1435 1113 1467 fidem

108 1485 228 1529 potius
245 1483 510 1526 adhibuissent,
538 1498 647 1532 quam
667 1486 769 1520 vanis
784 1487 970 1531 promissis
992 1484 1114 1519 hario-

108 1536 227 1570 lorum
242 1536 309 1584 69),
346 1537 383 1570 in
411 1544 529 1572 tantas
552 1538 771 1572 calamitates
796 1551 872 1572 non
895 1538 1114 1573 incidissent.

108 1588 184 1623 Nos
198 1601 283 1622 vero
310 1600 391 1622 cum
410 1589 609 1623 Hesiodum
635 1590 802 1625 audimus
827 1602 1113 1625 commemorau-

109 1646 200 1680 tem,
236 1652 329 1686 quae
352 1641 525 1686 supplicia
550 1642 725 1686 improbis
748 1643 1003 1687 impendeant,
1038 1654 1114 1675 non

108 1689 270 1726 humana
288 1692 422 1739 aliqua,
447 1694 508 1727 sed
524 1693 646 1727 divina
664 1706 752 1727 voce
767 1706 834 1728 nos
852 1707 872 1727 a
889 1694 1114 1739 turpitudine

144 1820 193 1843 na)
211 1819 467 1849 adminiztratione]
484 1820 523 1843 sic
533 1820 618 1844 Editt.
632 1819 718 1850 1532„
738 1821 865 1851 1541.A.,
880 1820 955 1844 1541.
966 1821 1007 1847 Β..
1028 1821 1115 1851 1514..

179 1849 268 1880 1559.,
290 1849 377 1873 1562..
400 1851 534 1880 1515121„
556 1851 643 1881 1570„
666 1851 759 1875 1582:
778 1855 861 1875 Euat.
880 1855 1007 1883 1541.F.,
1029 1855 1115 1883 1557..

177 1884 255 1909 1564.
269 1884 319 1915 Ι...
341 1884 432 1914 1569,
455 1884 547 1914 1581..
569 1885 645 1908 1591.
669 1885 703 1908 ab
723 1885 974 1909 administratione.

143 1926 191 1955 64)
212 1925 274 1956 qui]
300 1926 341 1949 sic
366 1926 450 1950 Editt.
472 1927 565 1953 1532..
587 1927 663 1952 1541.
678 1928 728 1957 A„
751 1928 845 1957 1544„
868 1929 959 1957 1559.,
981 1929 1055 1953 1564.
1070 1931 1115 1960 A„

179 1961 272 1992 1570.,
298 1960 391 1989 1587.;
428 1961 513 1986 Editt.
539 1961 614 1986 1541.
636 1962 683 1993 B.,
719 1963 793 1986 1541.
815 1963 863 1994 R,
900 1963 992 1995 1557„
1028 1964 1115 1994 1562..

178 1995 256 2018 1564.
273 1995 322 2026 L.,
344 1995 419 2018 1569.
433 2012 440 2021 ,
462 1996 535 2020 1531.
548 2013 555 2027 ,
577 1996 654 2021 1591.
674 1996 745 2027 quia.

144 2036 192 2069 65)
212 2037 378 2066 iniustitiae]
399 2037 440 2060 sic
461 2038 543 2061 Edltt.
565 2039 639 2061 1541.
656 2040 708 2070 A.,
736 2040 828 2067 1544..
856 2040 929 2063 1559.
943 2056 949 2066 .
977 2040 1051 2065 1561.
1070 2042 1115 2072 A„

182 2072 276 2101 1570..
309 2072 400 2096 1587.ι
435 2072 519 2096 Editt.
543 2073 618 2097 1541.
639 2074 685 2103 B.,
723 2074 796 2098 1511.
821 2074 868 2105 Ι·“.,
903 2075 995 2101 1557..
1030 2076 1116 2106 1562.,

182 2107 256 2131 1564.
271 2107 320 2137 L„
347 2106 440 2133 1569..
471 2107 561 2133 1581..
590 2107 663 2130 1591.
682 2108 709 2130 in
731 2108 867 2139 iustitiae;
907 2111 996 2132 utram
1017 2110 1116 2133 lectio-

1165 113 1358 148 HESIODI
1385 113 1550 148 OPERA
1574 113 1639 148 ET
1667 113 1786 149 DIES.
2094 119 2166 155 182

1166 200 1379 240 absterreri,
1407 207 1442 234 et
1458 202 1504 234 ad
1520 201 1690 235 virtutem
1714 201 1900 235 colendam
1925 202 2070 236 invitari
2096 204 2166 238 exi-

1165 251 1363 284 stimemus.

1268 300 1352 333 Dixi
1368 302 1411 333 de
1429 310 1641 345 argumento
1667 303 1800 348 prioris
1824 304 1955 346 libelli,
1988 308 2168 350 posterior

1166 357 1265 384 ortus
1292 358 1327 385 et
1359 363 1504 385 occasus
1535 354 1712 395 siderum,
1754 362 1788 389 et
1820 357 1990 403 pleraque
2027 357 2169 406 φυσικὰ

1166 402 1337 435 continet.
1391 401 1437 435 Et
1457 402 1540 448 quia
1557 405 1672 437 solent
1689 407 1726 438 in
1749 405 1878 442 scholis
1906 409 2052 454 quidam
2074 408 2170 444 tech-

1165 453 1238 486 nici
1256 452 1368 486 libelli
1385 453 1428 486 de
1445 460 1575 487 natura
1593 467 1712 489 rerum
1730 459 1907 501 proponi,
1942 461 2064 505 quales
2088 468 2171 495 sunt

1166 505 1223 538 vel
1246 505 1290 537 de
1313 501 1466 548 sphaera
1492 507 1772 540 commentarius
1787 507 1855 554 ⁷⁰),
1889 512 1945 544 vel
1967 512 2169 547 Aristotelis

1164 554 1355 603 μετέωρα,
1383 555 1439 588 vel
1456 557 1500 589 de
1517 557 1616 591 coelo
1629 585 1639 598 ,
1667 558 1810 592 videtur
1827 558 1917 593 mihi
1934 562 1969 595 in
1989 561 2043 597 his
2061 565 2168 598 etiam

1166 607 1295 653 aliquis
1312 608 1410 641 locus
1427 606 1584 642 Hesiodo
1610 609 1820 644 tribuendus
1845 623 1936 653 esse,
1974 615 2056 659 quia
2083 623 2170 649 tem-

1166 671 1296 703 porum
1314 659 1420 698 vices,
1449 666 1548 694 ortus
1568 660 1739 701 siderum,
1765 661 1904 696 dierum
1922 665 2048 708 spatia,
2078 668 2169 701 mira

1166 710 1351 754 diligentia
1387 712 1597 752 annotavit,
1644 713 1859 759 videturque
1897 715 1992 749 inter
2035 719 2170 762 primos

1166 763 1263 807 apud
1287 762 1444 796 Graecos
1469 764 1730 798 astronomiam
1755 765 1924 809 attigisse.
1992 767 2066 802 'Nec
2098 770 2171 803 eius

1167 814 1253 848 artis
1271 816 1554 848 contemnendus
1571 815 1871 850 autorAristoteli
1887 825 1920 851 et
1937 818 2056 853 Plinio
2077 821 2171 855 visus

1167 872 1235 906 est,
1264 865 1327 911 qui
1352 866 1542 912 aliquoties
1569 867 1643 901 eius
1670 866 1917 902 testimonium
1948 871 2101 916 allegant
2113 872 2171 919 τι).

1165 916 1229 951 Est
1250 923 1370 951 autem
1397 930 1476 952 cum
1507 919 1671 953 omnium
1697 925 1847 954 naturae
1874 922 2052 965 partium,
2094 930 2170 958 tum

1168 969 1322 1003 maxime
1346 969 1551 1004 coelestium
1567 978 1731 1004 motuum
1752 978 1786 1004 et
1802 973 1959 1007 siderum
1977 975 2172 1019 perlibera-

1167 1021 1208 1054 lis
1226 1021 1395 1064 cognitio.
1448 1021 1522 1055 Nec
1545 1020 1634 1055 mihi
1654 1022 1787 1056 iniuria
1805 1023 1910 1058 Plato
1929 1026 2056 1061 dixisse
2077 1028 2173 1061 vide-

1167 1079 1246 1112 tur,
1273 1084 1348 1105 non
1364 1070 1639 1113 homines,>sed
1662 1075 1806 1108 suillum
1830 1088 1937 1119 pecus
1963 1091 2058 1120 esse,
2095 1080 2173 1125 qui-

1168 1136 1307 1169 cunque
1326 1124 1426 1157 nullo
1447 1123 1522 1158 eius
1542 1125 1628 1160 artis
1646 1126 1765 1160 studio
1790 1132 1958 1162 tenentur
1967 1129 1995 1149 ⁷¹
2005 1130 2050 1175 ὃ).
2104 1132 2174 1166 ΝΒ-

1168 1188 1227 1208 mo
1256 1175 1351 1208 enim
1375 1176 1442 1209 suit
1467 1188 1627 1223 unquam
1657 1189 1764 1212 sanus
1787 1175 1918 1220 homo,
1948 1182 2011 1227 qui
2035 1184 2174 1217 etiamsi

1169 1227 1257 1260 alias
1275 1233 1368 1261 artes
1387 1225 1576 1263 hominum
1594 1229 1770 1264 industria
1790 1232 2006 1276 excogitatas
2024 1246 2098 1268 esse
2123 1236 2175 1269 iu-

1168 1279 1322 1320 dicaret,
1373 1292 1448 1314 non
1481 1282 1621 1316 videret
1652 1289 1790 1317 tantam
1824 1296 1897 1318 esse
1930 1287 2174 1321 astronomiae

1168 1332 1446 1375 praestantiam,
1485 1340 1524 1367 ut
1555 1333 1738 1368 neminem
1769 1335 1840 1369 nisi
1864 1335 1982 1373 Deum
2010 1344 2175 1379 autorem

1169 1382 1243 1416 eius
1259 1389 1293 1415 et
1310 1390 1531 1428 repertorem
1548 1386 1751 1420 faciendum
1777 1394 1932 1432 putaret.
1992 1391 2117 1440 Itaque
2141 1403 2176 1430 et

1167 1433 1339 1469 Manilius
1357 1433 1518 1470 ethnicus
1536 1438 1690 1481 scriptor
1710 1446 1817 1482 negat
1833 1442 1989 1484 potuisse
2005 1445 2100 1486 fieri,
2136 1454 2175 1481 ut

1167 1497 1222 1519 res
1239 1492 1312 1519 tam
1332 1487 1493 1531 procula
1518 1489 1622 1522 nobis
1647 1490 1784 1533 positae
1809 1491 2175 1539 deprehenderentur,

1168 1537 1236 1572 nisi
1255 1535 1445 1572 hominum
1467 1539 1596 1574 animis
1613 1541 1786 1576 divinitus
1802 1551 2024 1580 monstratae
2047 1557 2174 1585 essent.

1168 1589 1225 1623 Sic
1242 1590 1338 1623 enim
1358 1590 1407 1624 ait
1418 1590 1481 1638 72);

1257 1649 1331 1682 Quis
1354 1650 1435 1679 foret
1458 1649 1587 1680 humano
1611 1659 1731 1682 conatus
1754 1661 1877 1692 pectore
1900 1662 2015 1686 tantum

1254 1702 1356 1730 Invitis
1380 1708 1412 1731 ut
1436 1703 1497 1730 Diis
1517 1709 1640 1741 cuperet
1661 1705 1744 1734 Deus
1766 1707 1830 1744 ipse
1853 1706 1973 1735 videri?

1169 1752 1287 1786 Sensit
1305 1753 1399 1786 enim
1419 1756 1601 1799 quandam
1623 1756 1821 1791 divinitatis
1831 1757 1877 1805 73)
1901 1759 2171 1796 similitudinem

1169 1816 1264 1844 esse,
1299 1805 1442 1839 illarum
1466 1818 1588 1840 rerum
1616 1808 1784 1842 notitiam
1810 1810 1967 1852 potuisse
1993 1815 2173 1860 consequi.

1168 1856 1251 1888 Non
1268 1855 1355 1887 libet
1372 1862 1492 1888 autem
1509 1855 1579 1890 hoc
1596 1863 1758 1902 tempore
1775 1860 1945 1896 utilitates
1963 1860 2068 1899 huius
2088 1867 2175 1901 artis

1170 1918 1401 1944 enumerare;
1429 1915 1513 1941 sunt
1533 1909 1627 1941 enim
1647 1913 1910 1955 propemodum
1931 1914 2111 1957 infinitae,
2141 1925 2175 1951 et

1170 1959 1346 2002 quaedam
1366 1958 1414 1991 ita
1432 1966 1515 1993 sunt
1533 1961 1577 1993 ob
1598 1962 1719 1996 oculos
1735 1963 1894 2007 positae,
1930 1972 1969 1999 ut
1994 1967 2102 2001 etiam
2129 1970 2172 2002 ab

1169 2009 1322 2043 indoctis
1339 2009 1436 2042 cerni
1454 2019 1599 2056 queant.

1273 2060 1363 2094 Cum
1396 2061 1504 2106 igitur
1527 2063 1702 2098 Hesiodus
1731 2066 2024 2109 gravissimarum
2050 2083 2170 2105 rerum

179 2147 241 2165 nem
252 2141 300 2164 Ed.
313 2141 386 2164 1532.
406 2141 522 2173 habeat,
542 2141 651 2165 dubium
666 2144 709 2165 est
725 2148 783 2166 eam
798 2144 830 2166 oh
845 2149 972 2168 causam.
994 2145 1064 2173 quod
1084 2145 1116 2168 in
1140 2126 1145 2143 Ι
1169 2119 1357 2157 praecepta
1377 2120 1579 2156 conuneat’
1606 2122 1639 2149 et
1665 2117 1711 2150 ad
1734 2130 1853 2152 mores
1876 2119 2104 2162 formandos'
2138 2130 2172 2156 et

180 2181 236 2199 nou
256 2176 282 2198 in
303 2176 396 2198 eadem
418 2176 506 2202 linea,
538 2177 586 2199 sed
613 2177 639 2199 in
666 2178 858 2206 praecedentis
879 2179 932 2201 siue
951 2179 1042 2207 posita
1061 2181 1114 2208 est,

181 2211 347 2240 quapropter
368 2211 394 2233 ct
413 2211 443 2233 in
463 2211 598 2234 iustitiae
618 2211 644 2233 et
664 2211 834 2235 iniustitiae
859 2212 915 2241 legi
939 2214 1045 2241 potest:
1080 2213 1115 2235 li-

180 2245 263 2268 neola
281 2244 416 2268 divisoria
434 2246 479 2272 (-)
499 2244 571 2268 enim
591 2245 755 2274 saepissime
774 2245 802 2268 in
820 2246 870 2268 hac
884 2246 933 2268 Ed.
954 2246 1097 2269 omittitur.

145 2287 194 2316 66)
213 2287 327 2311 Luciaui
353 2287 503 2317 disputatio
532 2294 591 2311 cum
619 2287 758 2317 Hesiodo,
796 2287 822 2311 in
843 2288 959 2311 Luciaui
979 2290 1046 2318 Opp.
1073 2289 1114 2313 ed.

181 2322 299 2346 Schmid.
327 2323 401 2345 Tom.
419 2322 481 2348 Vll.
503 2329 527 2351 p.
541 2322 701 2346 255—265.
723 2335 756 2339 —
810 2323 878 2346 Huic
905 2323 965 2346 loco
985 2323 1011 2346 in
1030 2324 1114 2347 Editt.

182 2357 276 2384 1559..
306 2357 381 2380 1564.
395 2357 444 2383 A..
471 2357 562 2387 1570..
593 2357 668 2380 1587.
689 2356 815 2387 apposita
834 2358 877 2380 est
896 2359 963 2381 nota
981 2358 1114 2389 margin:
1141 2368 1144 2379 ι

180 2391 294 2414 Luciani
314 2391 501 2420 expostulatio
521 2398 581 2415 cum
601 2391 729 2415 Hesiodo.

147 2433 195 2464 67)
215 2435 257 2462 et]
283 2433 324 2457 sic
348 2434 433 2457 Editt.
454 2434 546 2463 1532,
574 2435 714 2461 1541.Α..
743 2435 880 2463 1541.Β..
911 2435 1001 2462 1544..
1029 2436 1114 2466 1559..

180 2468 273 2497 1562,
298 2468 372 2493 1561.
391 2470 440 2500 A„
461 2469 553 2498 1570.,
575 2469 672 2498 1537.;
708 2470 736 2492 in
756 2470 840 2494 Editt.
862 2470 938 2495 1541.
954 2470 1000 2501 F„
1029 2470 1114 2501 1552,

184 2502 324 2532 1561.1..,
345 2503 438 2533 1569..
459 2504 552 2533 1551..
575 2504 648 2527 1591.
669 2504 758 2530 deest.

149 2544 196 2572 68)
217 2545 292 2569 Haec
305 2547 433 2575 spectare
445 2546 574 2570 videntur
589 2547 623 2570 ad
637 2547 762 2570 Platonis
779 2547 923 2577 epistolam
937 2548 1010 2573 vlll.
1031 2548 1113 2579 (Opp.

183 2579 234 2602 Ed.
250 2579 334 2604 Henr.
354 2581 447 2610 steph.
477 2582 550 2605 Toni.
565 2581 608 2605 111.
636 2588 661 2611 P.
675 2582 736 2606 353.
758 2583 785 2605 B.
807 2582 837 2606 C.
861 2595 895 2600 -ι
931 2583 981 2607 Ed.
1006 2584 1114 2613 Bipont.

184 2613 306 2637 vom-tl.
328 2621 354 2643 p.
370 2615 418 2638 155
433 2614 498 2645 sq).
513 2627 547 2632 —
567 2616 636 2639 Huic
656 2617 715 2640 loco
733 2617 760 2639 iu
775 2617 859 2641 Editt.
876 2617 963 2646 1559..
986 2618 1059 2643 1564.
1073 2619 1114 2647 Α..

184 2647 276 2678 1570..
303 2649 379 2673 1587.
405 2650 532 2679 apposita
557 2652 601 2674 est
627 2652 693 2674 nota
719 2651 850 2682 margin:
895 2651 1006 2676 Certum
1033 2658 1115 2682 prae-

184 2682 312 2705 dictionis
329 2689 427 2713 genus.

148 2723 196 2757 6⁹)
216 2725 399 2756 hariolorum]
419 2726 485 2750 illae
503 2726 603 2752 Editt.:
631 2727 790 2753 ariolorum.

1202 2242 1469 2275 7⁰)111tell1‘gendus
1497 2248 1553 2270 est:
1590 2247 1675 2270 Liber
1699 2248 1808 2272 loannis
1841 2250 1874 2274 de
1903 2251 1990 2275 Sacro
2021 2253 2106 2278 Busto
2138 2256 2171 2279 de

1239 2279 1368 2308 sphaera.
1407 2280 1473 2303 (ssum
1492 2281 1664 2310 praefatione
1677 2282 1723 2304 Ph.
1737 2284 2076 2315 31eia11t11.W1ttebe1-gae
2095 2290 2170 2315 1531.

1237 2314 1261 2337 8.
1282 2326 1316 2330 -—
1352 2314 1453 2337 lterum
1479 2315 1560 2338 edit.:
1594 2316 1704 2339 loannis
1729 2318 1762 2340 de
1782 2319 1869 2342 sacro
1888 2320 1973 2344 Busto
1998 2315 2109 2346 lifiellus
2138 2324 2171 2348 de

1239 2348 1367 2376 sphaera.
1403 2350 1532 2373 Accessit
1561 2350 1682 2373 eiusdem
1713 2352 1836 2375 auctoris
1861 2356 2004 2383 computus
2027 2357 2170 2382 Ecclesia-

1240 2382 1344 2406 sticus,
1361 2395 1395 2399 —
1416 2389 1475 2406 cum
1495 2384 1581 2413 praef.
1603 2384 1727 2408 P11.Mel.
1747 2385 1789 2416 (ln
1807 2386 1890 2419 fine:)
1911 2388 2082 2421 Vitebergae
2099 2393 2171 2423 apud

1239 2417 1277 2440 lo.
1298 2418 1465 2447 (ratonem,
1487 2423 1558 2442 anno
1578 2419 1614 2442 Μ.
1629 2418 1684 2442 DL.
1710 2420 1735 2444 8.

1203 2458 1250 2491 71)
1272 2460 1409 2484 Hesiodus
1435 2462 1470 2485 ab
1489 2461 1642 2484 Aristotele
1669 2462 1800 2488 laudatur
1818 2471 1840 2489 e.
1861 2471 1885 2491 e.
1910 2466 1938 2490 in
1957 2467 2096 2497 Pliysicae
2119 2475 2171 2494 au-

1257 2496 1434 2519 scultationis
1454 2496 1472 2520 l.
1489 2495 1539 2526 lv,
1562 2496 1584 2518 1.
1605 2497 1632 2519 et
1649 2501 1666 2520 a
1685 2497 1774 2522 Plinio
1794 2499 1864 2524 Hist.
1885 2501 1947 2526 Nat.
1968 2502 2071 2535 XVIII,
2091 2504 2133 2529 24.

1203 2537 1233 2561 71
1246 2538 1272 2565 ss)
1293 2538 1364 2563 Plat.
1385 2539 1417 2561 de
1436 2538 1541 2567 republ.
1559 2538 1604 2561 lib.
1620 2538 1681 2563 vll.
1703 2538 1783 2570 (Opp.
1798 2542 1848 2566 Ed.
1863 2543 1955 2574 Stepln.
1976 2545 2006 2572 Τ,
2017 2545 2051 2569 11.
2070 2553 2096 2576 p.
2110 2546 2169 2572 535.

1239 2573 1269 2596 E.
1290 2584 1321 2589 -—
1359 2573 1408 2596 Ed.
1428 2572 1535 2601 Bipont.
1555 2571 1693 2598 v01.v11.
1713 2581 1737 2604 p.
1756 2575 1839 2608 170.).

1203 2615 1252 2643 72)
1272 2615 1377 2638 Manilii
1397 2614 1582 2640 Astronomic.
1602 2615 1646 2639 lib.
1661 2616 1682 2642 Ι.
1703 2625 1728 2641 ν.
1741 2618 1782 2643 28.
1803 2619 1846 2644 29.

1203 2657 1249 2688 73)
1269 2657 1404 2687 quandam
1423 2658 1591 2686 divinitatis]
1612 2658 1652 2682 sic
1671 2660 1755 2684 Editt.
1779 2662 1865 2689 1532..
1886 2664 1961 2687 1541.
1974 2665 2016 2695 Α.,
2038 2665 2168 2695 1541.13.‚

1240 2692 1332 2731 1544..
1354 2692 1440 2717 1559..
1462 2693 1537 2716 1564.
1552 2694 1594 2722 Α..
1617 2694 1702 2725 1570..
1725 2696 1814 2725 1587.;
1833 2697 1916 2721 Editt.
1934 2698 2006 2721 1541.
2021 2699 2062 2729 R,
2083 2701 2169 2729 1552,

1242 2727 1317 2751 1064.
1333 2727 1382 2753 Β..
1404 2727 1496 2759 1569..
1518 2728 1609 2756 1581..
1633 2729 1708 2755 1591.
1728 2730 1881 2756 divinitatis
1902 2733 2046 2762 quandam.

1563 2761 1644 2798 12*
