2373 2980
209 683 323 722 hxl.
370 682 463 723 PH.
491 681 653 724 MEL.
686 652 1260 726 IN'PERPRET‘ATIO
1294 683 1823 726 ANDROMACHES
1856 682 2229 726 EURIPIDIS.

206 806 325 860 Huius
350 834 516 870 tragoediae
541 834 741 871 interpretatio
766 835 856 861 latina
879 832 1074 861 Melanthonis
1098 833 1125 859 in
1146 830 1325 871 Xylantlri
1345 834 1434 862 Editt.
1453 833 1563 871 1558„
1588 834 1680 864 1562.
1704 836 1868 873 reperitur,
1892 837 2060 873 quibuscum
2080 835 2231 864 Editione·

207 873 382 908 Barac-sii,
407 874 600 912 ,llusgravii
622 883 651 904 et
674 875 775 904 Fisie·
795 876 978 904 contulimus.
1002 890 1044 895 —
1075 875 1217 902 Versuum
1242 886 1377 904 numeros
1399 884 1488 913 atque
1511 878 1694 915 stropharum
1719 878 1890 915 partitiones
1913 879 2045 916 aliasque
2067 871 2230 915 inscriptio-

208 928 258 945 nes
284 918 421 954 quasdam
445 928 480 947 ex
505 919 561 948 Ed.
585 918 716 946 Barnesii
740 918 944 954 adscripsimus
969 918 1047 945 uncis
1071 917 1206 946 inclusas.

761 1142 1135 1180 EURIPIDIS
1175 1141 1669 1179 ANDROMACHE

688 1212 940 1242 rfllLIPPo
973 1209 1344 1242 MELANTHONE
1377 1210 1738 1240 1NTERPRE'1'E.

1240 1303 1351 1337 verita
1375 1303 1611 1347 praesentiam
1635 1303 1873 1348 Neoptolemi.
1941 1304 2145 1339 Adveniens
2171 1317 2231 1339 au-

528 1339 869 1383 Argumentum.

276 1424 532 1468 Neoptolemus
548 1423 594 1456 ad
609 1421 760 1456 Troiam
776 1434 907 1456 munus
928 1422 1104 1467 accipiens
1118 1424 1191 1457 An-

201 1473 436 1514 dromachen,
473 1473 636 1507 Hectoris
660 1485 828 1513 uxorem,
862 1473 974 1507 filium
1001 1486 1043 1507 ex
1068 1486 1108 1507 ea
1134 1486 1191 1517 ge-

198 1526 507 1571 nuitssMolossuuu
535 1530 656 1569 postea
673 1530 791 1558 autem
807 1524 1014 1568 superduxit
1027 1524 1192 1558 Hermio-

200 1591 288 1617 nen,
324 1576 478 1611 Menelai
508 1576 630 1609 filiam.
696 1575 765 1609 Sed
789 1587 868 1608 cum
889 1575 1045 1619 primum
1069 1582 1189 1620 postu-

200 1632 303 1664 lasset
330 1640 482 1673 poenam
506 1625 762 1660 interfectionis
784 1624 932 1660 Achillis
957 1627 1002 1660 ab
1023 1626 1190 1671 Apolline

199 1682 236 1714 in
251 1678 417 1724 Delphis,
446 1678 551 1712 rediit
574 1678 619 1711 ad
644 1678 848 1717 oraculum,
875 1689 981 1721 agens
1005 1678 1190 1722 poeniten-

200 1733 284 1765 tiam
298 1759 307 1771 ,
340 1737 377 1765 ut
394 1730 510 1764 Deum
535 1729 703 1773 placaret.
763 1728 832 1762 Sed
853 1728 976 1773 regina
999 1726 1133 1763 habens
1155 1741 1190 1763 se

202 1784 362 1827 zelotype
379 1794 460 1825 erga
475 1777 775 1820 Andromachen,
808 1779 933 1812 molita
961 1786 1013 1813 est
1036 1780 1069 1813 ei
1094 1791 1189 1813 mor-

201 1842 291 1872 tem,
321 1844 499 1866 accersens
515 1831 730 1865 Menelaum.
788 1829 849 1863 Illa
875 1836 993 1863 autem
1017 1831 1188 1864 infantem

202 1885 396 1929 ablegaxit,
446 1896 485 1916 ac
520 1882 594 1927 ipsa
620 1881 709 1925 fugit
741 1881 785 1913 ad
820 1881 990 1925 templum
1016 1880 1190 1916 Thetidis.

199 1937 314 1969 Porro
337 1935 398 1981 qui
420 1940 521 1967 erant
544 1933 634 1966 circa
650 1932 874 1972 Menelaum,
908 1938 942 1965 et
964 1944 1115 1976 puerum
1138 1933 1190 1965 in-

203 1994 396 2025 venerunt,
431 1991 465 2019 et
489 1984 586 2017 illam
610 1984 792 2028 deceptam
816 1983 950 2027 templo
974 1985 1190 2022 eduxerunt;

201 2050 351 2084 cumque
383 2042 496 2071 essent
529 2033 749 2069 interfecturi
774 2040 984 2080 utrumque,
1018 2033 1189 2079 prohibiti

202 2097 280 2124 sunt
299 2091 342 2122 ab
370 2086 626 2121 interveniente
644 2085 764 2119 Peleo.
820 2084 1004 2120 Menelaus
1027 2098 1110 2130 ergo
1137 2098 1191 2119 re-

201 2142 263 2174 ·liit
278 2141 461 2184 Spartam;
489 2137 683 2172 Hermione
700 2142 817 2170 autem
835 2136 905 2180 egit
921 2136 1192 2181 poenitentiam,

1240 1361 1312 1388 tem
1356 1354 1499 1388 Orestes
1545 1352 1638 1388 hanc
1685 1355 1828 1400 quidem
1879 1355 2019 1389 reduxit
2052 1355 2230 1400 Spartam,

1239 1406 1476 1449 Neoptolemo
1499 1411 1616 1438 autem
1641 1405 1785 1439 insidias
1815 1406 1951 1450 posuit;
1992 1406 2092 1451 isque
2122 1406 2230 1439 inter-

1239 1457 1347 1490 fectus
1380 1461 1603 1499 apportatur.
1669 1456 1776 1489 Peleo
1809 1462 1927 1489 autem
1953 1456 2087 1490 volenti
2110 1457 2230 1500 lugere

1239 1514 1419 1540 mortuum
1431 1532 1441 1546 ,
1468 1504 1592 1541 Thetis
1608 1518 1784 1551 apparens
1803 1504 1897 1540 hunc
1914 1507 2058 1552 quidem
2078 1507 2179 1541 iussit
2193 1507 2231 1539 in

1239 1556 1386 1602 Delphis
1408 1557 1569 1601 sepeliri,
1602 1555 1879 1590 Andromachen
1906 1563 2025 1590 autem
2059 1557 2152 1590 mitti
2185 1558 2230 1590 ad

1238 1609 1414 1642 Molossos
1439 1620 1519 1641 curn
1544 1619 1668 1651 puero.
1736 1607 1853 1652 Ipsum
1879 1614 1996 1641 autem
2020 1608 2124 1641 Pelea
2143 1608 2231 1641 dixit

1239 1659 1543 1693 immortalitatem
1560 1656 1783 1692 habiturum:
1813 1671 1882 1704 qua
1899 1660 1927 1693 is
1943 1659 2094 1704 potitus,
2123 1656 2231 1703 ,habi-

1239 1711 1327 1745 tavit
1344 1711 1379 1743 in
1398 1709 1521 1743 insulis
1538 1710 1740 1744 fortunatis.

1341 1779 1449 1812 Scena
1475 1777 1617 1811 fabulae
1645 1784 1696 1812 est
1718 1777 1755 1811 in
1772 1775 1925 1816 Phthia,
1958 1774 2087 1811 chorus
2111 1784 2230 1811 autem

1239 1836 1376 1863 constat
1398 1842 1438 1862 ex
1457 1826 1596 1862 Phthiis
1618 1828 1836 1862 mulieribus.
1888 1827 2076 1862 Praefatur
2089 1828 2231 1862 Andro-

1240 1878 1373 1914 mache.
1428 1879 1524 1912 Haec
1538 1880 1655 1913 sabula
1674 1885 1724 1913 est
1738 1878 1882 1913 secundi
1898 1878 2045 1913 ordinis.
2104 1879 2231 1912 Prolo-

1239 1944 1301 1976 gus
1326 1938 1376 1965 est
1399 1930 1604 1975 perspicuus
1631 1936 1665 1963 et
1693 1929 1931 1963 verisimiliter
1945 1931 2077 1968 dictus;
2112 1936 2146 1963 et
2163 1931 2231 1963 ele-

1239 1983 1336 2027 giaca
1362 1982 1519 2015 carmina
1545 1981 1582 2013 in
1606 1981 1749 2026 querela
1775 1979 2044 2015 Andromaches
2075 1987 2158 2015 sunt
2180 1993 2232 2015 se·

1241 2033 1345 2067 cundi
1370 2033 1512 2077 gradus.
1563 2030 1691 2065 Oratio
1710 2031 1923 2065 Hermiones
1946 2038 1997 2065 est
2017 2031 2164 2076 regalis,
2199 2039 2231 2065 et

1240 2083 1387 2129 pulchra
1412 2083 1518 2117 etiam
1541 2082 1658 2116 oratio
1681 2084 1725 2116 ad
1741 2080 2030 2117 Andromachen.
2083 2082 2180 2116 Bene
2199 2090 2232 2115 et

1240 2136 1365 2170 Peleus
1380 2134 1538 2180 loquitur
1555 2160 1564 2173 ,
1602 2134 1757 2168 liberans
1772 2131 2048 2166 Andromachen
2063 2134 2104 2179 ¹).

931 2237 1173 2272 Fabulae
1219 2247 1511 2283 personae.

611 2304 863 2340 Andromache

610 2357 759 2390 Famula

606 2406 745 2442 Chorus
761 2420 802 2441 ex
820 2406 958 2442 Phthiis
968 2408 999 2452 ⁹)

611 2458 807 2492 Hermione

612 2509 796 2544 Menelaus

241 2611 267 2636 ι)
287 2608 343 2631 Hoc
361 2607 550 2636 argumentum
569 2612 667 2636 graece
682 2608 785 2635 legitur
798 2608 824 2631 in
838 2607 931 2637 Eur-ip.
946 2608 995 2633 Ed,
1010 2608 1093 2632 Basti.
1110 2607 1194 2637 ¹551„

273 2640 453 2665 Melanthonis
471 2642 560 2663 autem
580 2641 772 2671 interpretatio
791 2642 850 2665 eius
868 2642 994 2665 latinam
1010 2642 1093 2667 Editt.
1108 2642 1193 2671 1558,

275 2675 351 2699 ¹562.
372 2676 479 2698 exstat.
512 2680 580 2703 quae
599 2681 651 2698 nna
672 2682 731 2698 cum
751 2677 826 2699 textu
846 2682 945 2705 graeco
965 2677 991 2700 in
1013 2677 1059 2700 Ed.
1079 2678 1193 2701 Barnea

276 2710 391 2739 repetita
413 2711 463 2732 cst.

1453 2302 1627 2335 Molossus

1445 2353 1571 2386 Peleus

1447 2404 1590 2437 Orestes

1446 2453 1600 2488 Nuntius

1449 2503 1584 2538 Thetis.

1279 2639 1310 2667 2)
1332 2646 1365 2662 ex
1383 2638 1500 2667 Phthiis]
1519 2637 1559 2661 sic
1573 2636 1657 2662 Editt.
1674 2636 1764 2660 1558..
1790 2636 1852 2660 1562
1873 2644 1879 2660 :
1906 2637 1984 2659 Barn.
1996 2652 2003 2660 .
2024 2638 2127 2665 Musgr.
2143 2640 2191 2665 (ε
2204 2637 2233 2662 ἐκ

1318 2671 1490 2703 Φθκυτίδων)
1510 2679 1543 2695 ex
1563 2671 1666 2695 Phthiis
1691 2671 1866 2695 mutieribus:
1900 2671 1955 2694 fix.
1982 2671 2117 2701 singulam
2143 2678 2232 2696 vocem

1318 2705 1411 2738 Χόρος
1429 2708 1534 2732 Chorus
1555 2707 1641 2729 habet.
