2373 2980
21 2682 25 2778 ὲ

20 2786 26 2980 Ξ

107 60 205 96 1057
624 60 743 96 LXXI.

156 150 230 181 Ion.
258 146 432 180 Divinum
451 145 517 180 hoc
533 153 604 185 est;
630 148 796 193 deinceps
814 150 923 183 simus

153 198 272 231 Beati:

523 249 704 297 felicia‘ffl).

447 331 661 381 [strophe
689 334 749 383 4.]

152 403 226 436 Cre.
254 400 342 441 Fili,
369 413 443 434 non
460 401 535 435 sine
552 400 745 448 lachrymis
762 404 876 438 editus
894 417 947 444 es,

149 451 195 484 Et
224 452 360 496 ingenti
392 453 488 486 luctu
521 465 562 485 ex
595 454 760 488 manibus
784 455 908 489 matris
931 456 1094 489 extermi-
1121 478 1122 481 =

505 510 628 542 natus3

100 552 197 588 1460
224 553 327 588 Nune
342 565 426 586 vero
445 555 488 587 ad
504 561 582 588 tuas
598 568 704 599 genas
724 557 821 601 spiro

148 604 298 649 Magnas
316 611 418 638 nacta
437 606 649 650 voluptates.
1118 645 1119 653 ἵ

146 658 218 689 Ion.
246 655 407 689 Eandem
425 657 607 690 fortunam
624 664 721 691 tuam
740 665 774 691 et
791 670 906 691 meam
922 659 1018 692 dicis.
1116 688 1118 708 Ε

442 740 654 789 [Strophe
684 740 746 789 5.]

147 810 219 842 Cre.
254 808 338 842 Sine
362 809 482 844 liberis
505 823 578 843 non
606 810 758 854 amplius
790 822 931 849 sumus,
973 822 1087 856 neque
1114 828 1116 836 ν

503 862 594 894 orbi.
1114 856 1115 864 ¹

142 909 189 942 Et
206 922 285 944 mea
306 912 433 945 domus
449 912 595 951 colitur,
623 917 657 944 et
671 908 778 943 habet
798 911 974 946 dominos.

96 959 192 995 1465
219 961 434 1006 Repubescit
449 960 670 996 Erechtheus
682 989 691 1002 ,
718 968 752 995 et
769 963 947 1007 terrigena

142 1011 280 1046 Domus
299 1025 373 1046 non
390 1014 542 1057 amplius
558 1019 699 1047 noctem
716 1013 831 1054 videt,

141 1063 234 1097 Solis
250 1076 335 1096 vero
351 1065 577 1109 splendorem
597 1065 767 1098 intuetur.

141 1115 214 1148 Ion.
242 1114 379 1156 Mater,
407 1128 487 1149 cum
503 1123 605 1160 pater
620 1116 692 1148 inm
711 1116 821 1155 adsit,
848 1116 893 1148 sit
909 1115 1024 1149 socius

143 1164 255 1199 Huius
273 1166 486 1211 voluptatis,
514 1180 620 1212 quam
640 1167 787 1211 praebui
809 1167 921 1200 vobis.

437 1250 650 1299 [strophe
679 1251 740 1299 6.]

91 1317 189 1352 1470
218 1320 292 1353 Cre.
321 1317 354 1351 Ο
370 1318 438 1358 fili,
463 1318 547 1364 quid
569 1319 644 1352 ais?
714 1322 786 1353 Ion.
816 1320 1009 1364 Quomodo
1033 1319 1084 1351 in·
1111 1330 1113 1337 >

498 1369 648 1402 venior?
1111 1384 1113 1417 ς

140 1421 214 1453 Cre.
243 1419 339 1463 Quid
357 1418 502 1454 dixisti?
529 1421 672 1453 aliunde
689 1427 793 1454 natus
808 1433 842 1454 es
854 1447 863 1459 ,
892 1421 1046 1453 aliunde.

137 1473 210 1504 Ion.
237 1469 316 1503 Heu
332 1476 393 1503 tua
414 1470 600 1515 virginitas
619 1472 757 1516 peperit
775 1484 832 1504 me
850 1469 1002 1505 nothum
1012 1472 1073 1518 4¹).

121 1621 167 1653 40)
188 1621 252 1646 Cre.
272 1621 295 1644 Ο
314 1619 399 1643 fili—
414 1619 541 1644 infelicia.
564 1620 619 1647 (vs.
637 1621 857 1652 1439-1457.)]
877 1621 916 1645 sic
930 1622 1084 1647 Ed.1562.:

155 1656 205 1680 Ed.
224 1655 313 1678 1558:

192 1689 254 1714 Cre.
276 1689 298 1713 Ο
318 1689 374 1719 fiii,
403 1694 418 1712 o
439 1689 527 1711 lumen
549 1689 627 1712 matri
648 1690 746 1712 melius
766 1690 844 1714 solis.

190 1722 272 1747 Dabit
291 1722 363 1746 enim
381 1723 490 1746 veniam
510 1723 598 1749 Dens,
626 1724 652 1746 in
673 1724 795 1747 maninus
817 1726 843 1747 te
863 1725 955 1748 habco.

189 1758 362 1787 Insperatum
380 1757 538 1785 inventum.
565 1763 643 1786 quein
662 1758 688 1780 in
708 1760 785 1781 terra
804 1758 952 1782 inferorum

189 1792 327 1821 Inferum,
353 1792 381 1814 et
399 1791 469 1819 apud
489 1791 684 1820 Proserpinam
703 1792 858 1815 existimavi
877 1794 1007 1817 habitare.

189 1826 253 1849 Ion.
273 1826 326 1855 At,
354 1831 369 1848 o
387 1826 471 1847 chara
489 1825 524 1847 mi
544 1827 645 1855 mater.
673 1826 701 1848 in
721 1826 844 1849 manibus
865 1827 917 1848 tnis

187 1860 315 1883 Mortuus
334 1859 362 1882 et
380 1858 461 1881 vivus
480 1858 617 1888 imaginor
636 1866 708 1884 esse.

189 1893 252 1917 Cre.
272 1893 318 1921 10,
337 1893 380 1923 io,
399 1893 468 1915 clari
487 1894 609 1916 aetheris
628 1899 767 1920 convexa.

189 1928 276 1956 Quam
295 1932 390 1950 vocem
406 1924 532 1950 sonabo?

188 1957 343 1985 clamabo?
380 1961 456 1983 Unde
475 1961 539 1983 milii

189 1994 313 2025 Contigit
331 1994 472 2023 insperata
490 1992 637 2023 voluptas?

188 2029 266 2052 Unde
284 2029 439 2057 accepimus
459 2026 609 2058 gaudium?

189 2063 251 2087 Ion.
271 2063 337 2086 Mihi
354 2063 480 2086 accidere
500 2063 591 2086 omnia
610 2064 717 2092 potius.

188 2098 296 2125 Mater,
324 2096 474 2126 creditum,
497 2102 564 2126 prae
582 2097 632 2125 iis,
657 2098 728 2127 qnod
749 2100 811 2121 tuus
832 2100 882 2122 sim
905 2106 965 2125 ean.

190 2132 252 2156 Cre.
276 2131 372 2155 Adhuc
394 2132 468 2155 metu
493 2133 589 2155 tremo.
642 2132 704 2156 lon.
730 2133 798 2156 Num
825 2140 877 2156 non
908 2135 1008 2156 hahere
1027 2141 1078 2161 me,

494 2163 618 2189 hahens?
1104 2166 1106 2181 l

190 2200 252 2224 Cre.
273 2200 329 2223 uas
351 2199 423 2223 euim
443 2206 508 2228 spes
527 2200 613 2223 abieci
632 2201 734 2230 procul.

187 2235 216 2257 lo
236 2234 349 2262 mulier,
376 2234 511 2257 undenam
529 2235 659 2264 accepisti
679 2241 764 2259 meum
786 2235 916 2259 infantem
935 2233 1030 2260 ulnis?
1103 2236 1105 2267 ς

188 2269 241 2291 Per
260 2274 338 2298 quam
358 2275 466 2292 manum
485 2269 560 2292 venit
579 2269 613 2292 ad
632 2270 740 2292 domum
754 2268 914 2299 Apollinis?

188 2303 248 2326 Ion.
267 2302 395 2326 Divinum
412 2303 478 2332 hoc;
502 2304 551 2326 sed
569 2303 675 2333 reliqna
693 2304 821 2328 fortunae

190 2337 261 2360 Bene
279 2337 442 2365 habeamus,
466 2338 496 2360 ut
515 2339 579 2362 ante
597 2340 659 2362 acta
678 2338 808 2364 infelicia.

120 2387 167 2419 41)
188 2388 252 2412 Cre.
270 2386 325 2410 Fili
345 2402 377 2406 —
397 2387 516 2412 nothum.
537 2387 592 2419 (vs.
613 2389 835 2419 1458-1472.)]
856 2391 895 2414 sic
916 2391 962 2415 Ed.
985 2391 1075 2417 ¹562.:

153 2422 203 2447 Ed.
223 2421 314 2445 1553:

189 2456 252 2480 Cre.
272 2455 339 2483 Fui„
362 2461 415 2480 uon
435 2456 496 2479 sine
512 2456 663 2487 lachrymis
683 2458 778 2482 enixus
797 2466 836 2484 es,

189 2489 317 2513 Luctibus
336 2496 402 2514 vero
422 2490 517 2514 matris
537 2497 570 2514 ex
589 2492 712 2516 manibus
732 2494 872 2517 abductus.

188 2525 265 2548 Nunc
282 2530 348 2548 vero
367 2530 453 2555 genas
474 2525 545 2554 apud
563 2526 626 2549 tuas
645 2527 772 2559 suspiro,

188 2558 373 2582 Felicissimas
392 2560 490 2588 adepta
507 2560 674 2589 voluptates.

187 2592 248 2616 lon.
266 2593 354 2616 Meum
374 2594 480 2621 dicenS,
500 2594 527 2617 et
545 2595 617 2618 tuum
637 2596 814 2620 communiter
833 2597 909 2621 diciS.

188 2627 252 2651 Cre.
271 2627 337 2650 Sine
357 2628 451 2651 liberis
470 2633 525 2651 uon
543 2628 660 2658 amplius
681 2636 758 2661 sum.
777 2637 864 2661 neque
880 2632 982 2661 absque
1001 2631 1073 2654 ffliia.

186 2661 289 2684 Domus
305 2667 372 2685 vero
392 2663 563 2689 celebratur,
589 2663 656 2686 haec
673 2670 741 2688 vero
759 2665 838 2688 habet
857 2665 988 2689 dominos.

88 2702 269 2734 Mfflwrn.
295 2701 401 2734 Opim.
424 2704 508 2734 Vm..
531 2705 653 2734 XVIII.

1096 2689 1103 2701 ί

796 62 1194 100 INTERPRETATIO
1226 65 1350 101 10le
1383 66 1629 104 EURIPIDIS.

319 209 410 243 quae
435 205 720 242 praecesserunt,
762 201 846 234 satis
877 202 1020 235 suerunt
1045 202 1098 235 in·
1124 230 1125 242 ἶ

2053 79 2148 114 1058

1124 166 1127 200 1
1496 153 1711 201 [Strophe
1747 156 1809 205 7.]

1124 206 1126 225 ¹
1204 224 1277 256 Cre.
1304 222 1388 256 Non
1408 222 1472 255 sul)
1492 222 1629 257 facibus
1642 251 1650 263 ‚

1201 272 1283 305 Non
1301 285 1379 306 cum
1399 273 1565 317 tripudiis

1123 328 1124 361 1
1154 322 1250 356 1475
1277 323 1505 368 Hymenaeus
1522 336 1641 365 meus,
1671 338 1690 358 o
1711 327 1779 366 fiii,

1121 371 1123 405 1¹
1197 373 1342 417 Peperit
1357 382 1455 408 tuum
1475 383 1590 419 caput.

1121 411 1122 462 l
1199 426 1270 458 lon.
1298 424 1399 463 Heu,
1429 432 1558 466 mater,
1587 427 1681 459 unde
1704 440 1786 472 ergo
1811 437 1915 464 natus
1938 445 2014 466 sum
2044 434 2142 478 igno-

1555 476 1661 510 hilis?

1485 549 1701 596 [strophe
1729 550 1790 599 8.]

1313 615 1442 648 Testor
1476 616 1747 650 interfectricem
1785 619 1975 664 Gorgonis.

1557 667 1653 711 Quid
1663 668 1691 688 '⁴¹
1702 668 1734 713 a)
1752 668 1819 703 hoc
1836 672 1977 706 dixisti?

1195 717 1267 750 Cre.
1296 716 1396 761 Quae
1415 717 1568 761 scopulis
1585 718 1623 750 in
1640 719 1727 752 meis

1197 617 1269 649 cre.
2070 630 2140 662 Ion.

1115 776 1117 794 Ξ
1145 765 1243 799 1480
1270 766 1400 801 Insidet
1417 781 1539 802 saxum
1559 769 1706 813 gignens
1723 770 1828 805 oleas.

1192 820 1264 851 Ion.
1292 818 1390 852 Dicis
1409 818 1497 852 mihi
1516 820 1683 861 obscura,
1711 833 1776 854 nec
1795 824 1980 859 manifesta
2001 826 2096 864 haec.

1194 870 1267 903 Cre.
1295 871 1351 903 Ad
1368 883 1495 915 rupem
1512 871 1743 905 lusciniarum
1761 871 1908 908 Phoebo
1931 895 1979 902 —

1192 922 1264 953 Ion.
1293 921 1389 965 Quid
1406 935 1530 956 narras
1547 921 1759 956 Phoebum?

1194 972 1267 1004 Cre.
1296 971 1446 1006 Furtivo
1464 974 1554 1006 lecto
1571 974 1690 1007 iuncta
1710 987 1800 1009 sum.

1144 1020 1239 1055 1485
1268 1025 1340 1056 Ion.
1369 1024 1501 1068 Perge,
1530 1025 1612 1069 quia
1634 1025 1720 1058 (licis
1739 1026 1872 1072 aliquid
1891 1030 2084 1073 gloriosum
2104 1042 2137 1068 et

1547 1076 1703 1109 faustum
1727 1075 1827 1111 mihi.

1484 1149 1695 1199 [Strophe
1723 1152 1784 1201 9.]

1191 1220 1265 1252 Cre.
1294 1217 1334 1251 In
1349 1220 1485 1253 decima
1502 1222 1726 1255 revolutione
1737 1224 1867 1258 mensis

1189 1269 1376 1303 Occultum
1396 1278 1538 1314 partum
1558 1274 1681 1317 peperi
1699 1272 1859 1309 Phoebo,

1190 1322 1261 1354 Ion.
1285 1320 1318 1354 O
1336 1323 1535 1365 gratissima
1550 1324 1682 1364 locutu,
1711 1326 1739 1358 si
1756 1327 1864 1360 modo
1883 1339 1966 1361 vera
1983 1329 2068 1365 dicis
2077 1332 2134 1379 ⁴²).

1473 1398 1687 1447 [Strophe
1717 1401 1802 1449 10.]

1192 1466 1264 1499 Cre.
1291 1465 1490 1509 Virginnles
1508 1480 1593 1501 vero
1613 1480 1714 1502 meae
1731 1470 1856 1504 matris

1141 1515 1239 1550 1490
1265 1516 1408 1551 Fascius
1427 1525 1630 1562 tegumenta
1647 1518 1734 1552 haec
1752 1521 1817 1553 tibi

1188 1568 1384 1612 Appendo,
1413 1571 1552 1603 varium
1572 1583 1661 1615 opus
1679 1571 1748 1604 mei
1767 1572 1869 1605 radii.

1188 1618 1312 1665 Neque
1330 1633 1414 1654 vero
1432 1621 1485 1654 lac
1502 1634 1619 1667 neque
1634 1635 1829 1656 mammam
1850 1625 1999 1667 praebui

1240 1729 1403 1758 Repubescit
1422 1730 1608 1758 Erechtheus,
1633 1731 1659 1753 et
1678 1730 1820 1760 terrigena

1240 1762 1342 1786 Domus
1362 1769 1415 1786 non
1435 1764 1550 1793 amplius
1569 1765 1678 1787 noctem
1699 1765 1788 1793 videt,

1239 1797 1314 1820 Solis
1334 1803 1400 1820 vero
1421 1798 1534 1827 respicit
1556 1799 1755 1827 splendoribus.

1239 1831 1303 1854 Ion.
1321 1832 1427 1859 Mater,
1455 1838 1586 1860 praesens
1605 1834 1632 1855 et
1652 1833 1715 1855 mihi
1734 1834 1813 1861 pater
1832 1834 1969 1864 particeps
1988 1837 2034 1860 fiat

1238 1865 1396 1894 Voluptatis
1416 1866 1514 1895 huius,
1539 1867 1616 1890 cuius
1636 1869 1740 1895 partem
1761 1868 1867 1891 exhibui
1887 1870 1973 1894 vobis.

1238 1899 1302 1923 Cre.
1323 1900 1344 1923 0
1364 1899 1419 1927 fili,
1444 1900 1507 1929 qnid
1525 1898 1590 1924 ais?
1629 1901 1687 1925 Iun.
1707 1901 1747 1924 lta
1767 1904 1795 1924 nt
1816 1902 1949 1927 invenior.

1236 1933 1299 1957 Cre.
1321 1933 1391 1962 Quid
1410 1931 1525 1958 dixisti?
1551 1935 1662 1958 aliunde
1682 1936 1751 1958 enim
1773 1939 1853 1959 natus
1872 1944 1918 1963 es,
1944 1938 2061 1965 aliunde.

1236 1967 1298 1991 Ion.
1317 1968 1408 1997 Eheu,
1434 1969 1559 1997 spurium
1578 1976 1620 1992 me
1639 1969 1787 1999 virginitas
1806 1972 1853 1994 tna
1872 1970 1999 2002 peperit?

1168 2008 1237 2038 418)
1259 2010 1343 2039 Quid]
1366 2010 1407 2033 sic
1426 2011 1508 2034 Editt.
1526 2012 1600 2036 1553.
1624 2014 1651 2036 et
1669 2014 1801 2042 receutt.;
1826 2013 1876 2036 Ed.
1896 2014 1970 2040 1562.
1992 2017 2077 2045 Quod.

1166 2053 1215 2080 42)
1234 2053 1297 2077 Cre.
1318 2053 1376 2075 Non
1396 2065 1429 2069 —
1448 2053 1524 2076 dicis.
1552 2054 1608 2084 (vs.
1633 2055 1699 2078 1473
1713 2067 1745 2072 —-
1763 2055 1868 2086 1488.)]
1895 2057 1936 2080 sic
1962 2058 2009 2082 Ed.
2037 2061 2125 2085 1562:

1201 2087 1249 2110 Ed.
1267 2086 1357 2109 1558.:

1235 2120 1299 2144 Cre.
1318 2120 1377 2143 Non
1400 2122 1450 2145 sul)
1469 2122 1590 2152 facibus,

1234 2155 1293 2177 Non
1313 2155 1440 2184 tripudiis

1234 2189 1411 2218 Hymenaeus
1429 2196 1522 2219 meus,
1551 2196 1566 2214 o
1585 2190 1640 2222 fili,

1232 2222 1343 2252 Peperit
1360 2225 1435 2247 tuum
1453 2227 1543 2255 caput.

1232 2257 1296 2281 Ion.
1316 2258 1392 2288 Vae,
1412 2264 1479 2287 vae,
1502 2261 1582 2283 natus
1602 2266 1662 2283 snm
1681 2260 1827 2290 ignobiiiS.
1846 2264 1948 2287 mater.
1969 2262 2060 2288 unde?

1233 2291 1297 2315 Cre.
1313 2292 1405 2315 Testis
1420 2293 1559 2321 Gorgonis
1575 2294 1754 2318 interfectrix.
1783 2296 1844 2320 [οη.
1861 2297 1927 2325 Quid
1944 2297 1992 2319 hoc
2006 2298 2120 2324 dixisti?

1233 2326 1295 2350 Cre.
1316 2327 1391 2355 Quae
1410 2328 1531 2356 scopulis
1550 2328 1576 2350 iu
1594 2330 1663 2351 meis

1231 2359 1307 2383 oleis
1325 2360 1434 2389 plenum
1452 2361 1549 2384 collem
1568 2363 1689 2391 occupat.

1232 2394 1293 2417 Ιοη.
1313 2395 1390 2417 Dicis
1408 2395 1471 2417 milii
1490 2396 1604 2425 dolosa,
1631 2403 1718 2426 neque
1736 2398 1884 2421 manifesta
1902 2399 1975 2423 haec.

1232 2428 1296 2452 Cre.
1315 2429 1392 2457 Apud
1407 2428 1530 2452 lusciniis
1545 2431 1748 2460 frequentatum
1763 2437 1873 2456 saxum.
1893 2439 1952 2457 cum
1967 2434 2074 2459 Phoebo
2086 2450 2118 2454 —

1233 2462 1292 2486 Ion.
1313 2462 1382 2491 Quid
1400 2462 1536 2487 Phoebum
1555 2461 1676 2487 narras?

1232 2496 1296 2521 Cre.
1315 2496 1430 2520 Furtivo
1447 2498 1518 2521 lecto
1538 2498 1662 2522 dormivi.

1233 2531 1294 2555 Ion.
1315 2530 1420 2561 Perge,
1450 2533 1576 2561 quoniam
1595 2533 1663 2556 dicis
1682 2533 1744 2564 qnid
1764 2535 1875 2560 bonum.
1902 2538 1928 2559 et
1947 2538 2116 2566 auspicatum

1539 2567 1612 2593 mihi,

1231 2599 1294 2623 Cre.
1313 2599 1423 2623 Decimo
1442 2606 1509 2624 vero
1529 2602 1557 2624 te
1573 2601 1679 2625 mensis
1697 2602 1724 2625 in
1743 2604 1825 2628 orbe.

1230 2633 1344 2657 occulto
1363 2635 1444 2663 partu
1465 2635 1558 2664 peperi
1578 2636 1695 2661 Phoebo.

1231 2668 1290 2692 Ion.
1310 2667 1332 2692 0
1353 2669 1516 2698 gratissima
1534 2670 1662 2701 loquuta,
1687 2670 1712 2694 si
1730 2671 1809 2695 modo
1828 2672 1895 2695 dicis
1918 2679 1991 2698 vera.

1605 2705 1655 2738 67
