2373 2980
105 88 180 126 553
597 88 688 124 LVI.

155 177 252 210 Men.
284 174 357 207 Cur
378 185 452 207 non
476 173 567 217 fugis
590 175 682 207 ultra
711 175 882 209 terminos
903 174 1044 208 terrae?

157 229 215 261 Or.
249 225 524 258 Circumdamur
548 226 706 271 undique
733 226 851 260 aeneis
876 227 997 260 armis.

741 87 787 124 IN
792 88 1140 124 TERPRETATIO
1166 90 1367 125 ORESTIS
1392 90 1644 127 EURIPIDIS.
2067 94 2144 132 354

1205 176 1337 216 ,‚Heu,
1362 189 1471 222 quam
1494 178 1630 211 malum
1657 183 1708 211 est
1730 190 1803 211 non
1825 179 1913 213 scire
1935 180 2068 216 futura.

1200 225 1267 260 Iste
1292 228 1478 261 matricida
1506 230 1614 262 draco
1645 235 1726 262 ante
1750 231 1853 264 aedes

104 277 179 313 445
211 278 307 311 Men.
331 276 507 310 Privatim
536 278 580 309 ab
606 275 786 318 hostibus,
812 289 859 310 an
881 278 926 311 ab
953 276 1094 310 civitate
1122 284 1129 335 J
1151 276 1223 310 480
1248 278 1377 311 Vibrat
1402 280 1542 323 fulgura
1565 280 1801 328 morbosa⁸⁸)‚
1827 282 1961 316 invisus
1983 280 2083 317 mihi.

509 328 640 371 Argiva
653 327 669 361 ἶ.)

154 380 211 412 Or.
244 377 428 417 Breviter,
472 378 516 410 ab
541 380 707 413 omnibus
732 379 887 419 civibus,
917 384 956 412 ut
987 378 1096 412 inter-

521 430 597 462 ficia
604 442 631 463 r.

149 482 246 515 Men.
269 480 301 513 Ο
319 480 436 520 miser,
453 480 552 513 venis
571 481 606 512 in
624 487 817 514 extremam
837 481 1091 515 calamitatem.

150 533 210 566 Or.
242 532 321 564 Mea
349 543 427 574 spes
454 529 560 563 habet
586 532 760 575 refugium
781 533 958 565 malorum
983 532 1018 564 in
1048 539 1092 566 te.

149 583 217 615 Sed
235 582 380 615 veniens
404 583 607 616 fortunatus
634 584 782 623 miseris,

96 631 172 668 450
203 633 338 666 Amicis
365 633 508 677 imperti
535 635 578 666 de
602 640 658 666 tua
687 635 871 667 felicitate:

147 683 195 717 Et
226 696 301 717 non
341 685 437 717 solus
478 691 617 723 teneto,
662 698 741 718 cum
775 685 951 730 acceperis
983 686 1090 718 bene—

516 736 654 775 ficium,

145 786 213 818 Sed
237 786 373 829 suscipe
399 792 433 818 et
457 786 598 819 labores
627 799 689 830 per
716 786 809 820 vices

145 836 357 870 Persolvens
383 844 571 881 paternum
604 837 814 871 beneficium
840 837 929 877 illis,
959 838 1089 883 quibus

515 895 668 932 oportet.

145 938 338 978 ‚.Nomen‚
362 950 433 971 non
461 951 536 971 rem
566 937 697 977 liabent
723 939 851 979 amici,

92 987 168 1024 455
190 990 293 1034 „Qui
318 1002 390 1022 non
413 990 448 1022 in
475 990 736 1023 calamitatibus
763 996 848 1023 sunt
876 988 1046 1035 amit-iffi).

143 1043 241 1075 Ghor.
271 1041 381 1086 Atqui
407 1039 475 1073 liuc
497 1043 684 1074 contendit
707 1041 811 1075 senili
835 1041 924 1084 pede

140 1091 338 1135 Spartiates
361 1092 552 1137 Tyndarus
563 1093 609 1139 85)
634 1094 670 1125 in
695 1093 794 1136 nigra
826 1098 933 1131 veste,

141 1142 257 1176 Rasus
280 1143 421 1186 lugubri
445 1145 554 1176 modo
582 1151 730 1188 propter
756 1144 878 1176 filiam.

144 1195 203 1228 Or.
227 1194 323 1226 Perii
346 1193 528 1233 Menelao,
553 1194 745 1239 Tyndarus
756 1193 802 1240 ⁸⁵)
828 1194 892 1226 iste

91 1245 166 1280 460
188 1246 334 1277 Accedit
360 1246 402 1276 atl
430 1257 513 1283 nos,
539 1246 638 1279 cuius
661 1245 814 1278 maxime
838 1255 964 1277 vereor

141 1294 179 1327 ln
206 1302 433 1339 conspectum
459 1296 580 1328 venire
606 1303 753 1340 propter
776 1293 863 1328 haec
887 1296 998 1332 facta;

139 1345 232 1379 Nam
259 1358 314 1378 me
338 1346 427 1378 aluit
454 1347 643 1390 parvulum
654 1347 714 1393 8⁶),
739 1353 773 1380 et
797 1347 910 1379 multa

139 1396 270 1429 Oscula
295 1397 478 1440 implevit,
502 1398 784 1441 Agamemnonis

137 1447 268 1480 Filium
293 1448 386 1481 ulnis
410 1454 550 1491 gestans
577 1456 611 1482 et
636 1462 715 1482 cum
742 1448 839 1480 Leda

86 1496 163 1533 465
198 1498 389 1531 Honorans
414 1511 469 1531 me
492 1511 565 1531 non
590 1500 708 1533 minus
732 1511 839 1545 quam
862 1497 956 1531 Iovis
978 1496 1079 1531 filios.

138 1549 298 1594 Quibus,
322 1562 342 1582 o
368 1550 486 1582 infelix
510 1563 571 1583 cor
596 1558 630 1584 et
653 1551 773 1584 anima
796 1562 889 1591 mea,

136 1601 292 1633 Reddidi
315 1614 388 1633 non
406 1602 537 1634 bonam
564 1602 734 1645 gratiam:
758 1614 865 1647 quam
891 1600 1078 1643 caliginem

135 1652 318 1695 Accipiam
347 1652 486 1685 vultui?
516 1665 622 1697 quam
644 1654 812 1686 nebulam
838 1658 920 1685 ante
945 1663 1000 1684 me

135 1703 273 1735 Ponam
297 1703 435 1746 fugiens
460 1704 611 1747 pupillas
634 1705 819 1737 oculorum
843 1701 961 1737 senis?

84 1751 159 1787 470
192 1756 279 1798 Tyn.
309 1754 379 1787 Ubi
407 1755 545 1787 videam
575 1756 744 1789 maritum
771 1767 871 1789 meae
896 1754 990 1787 filiae

137 1805 366 1839 Menelaum?
384 1818 466 1838 nam
479 1808 521 1838 ad
534 1805 838 1851 Clytaemnestrae
848 1803 1076 1850 sepulchrum

136 1855 284 1889 Inferias
309 1857 462 1891 fundens
488 1858 629 1898 audivi,
657 1860 754 1904 quod
781 1858 817 1891 in
843 1856 1036 1900 Naupliarn

134 1907 241 1940 Venit
261 1920 339 1940 cum
359 1907 518 1953 uxorem)
528 1915 688 1943 servatus
708 1916 786 1954 post
802 1909 932 1942 multos
950 1919 1077 1942 anuos.

135 1958 262 1991 Ducite
287 1971 359 1997 me;
384 1972 465 1992 nam
490 1960 572 1992 volo
597 1961 642 1992 ad
666 1962 826 1994 dextram
852 1959 961 2003 ipsius

84 2009 158 2044 475
183 2010 286 2043 Stans
311 2010 465 2044 salutare
489 2011 642 2044 amicum
668 2013 792 2046 videns
820 2024 862 2045 ex
886 2011 994 2055 longo
1020 2009 1077 2042 in-

494 2063 656 2096 tervallo.

133 2113 229 2146 Men.
250 2111 283 2144 Ο
299 2125 417 2153 senex,
434 2114 542 2153 salve,
563 2111 696 2147 habens
716 2115 864 2147 eandem
885 2112 1072 2157 coniugem

496 2178 576 2198 cum
602 2164 695 2199 love.

135 2215 223 2257 Tyn.
247 2213 280 2247 O
302 2214 397 2247 salve
423 2222 456 2248 et
480 2222 518 2249 tu
542 2216 725 2257 Menelae,
752 2228 851 2249 meus
877 2216 1004 2249 affinis.

116 2384 164 2417 84)
185 2387 251 2411 Huic
270 2388 329 2412 loco
349 2389 374 2412 in
395 2389 476 2413 Editt.
500 2390 591 2421 1558,
614 2391 686 2415 ¹552.
714 2391 821 2415 adiecta
839 2394 889 2420 gest
910 2393 975 2416 nota
995 2398 1070 2416 mar-

153 2421 220 2450 gon:
242 2423 309 2446 Veri
328 2424 418 2448 amici.

116 2469 164 2501 85)
188 2472 345 2505 Tyndarus]
370 2475 409 2498 sic
433 2476 516 2499 Editt.
535 2476 626 2505 1553,
644 2478 761 2506 Musgr„
779 2477 854 2506 Fix.;
891 2478 974 2502 Editt.
991 2479 1063 2503 ¹562.

152 2507 245 2530 Bam:
266 2509 428 2538 Tyndareus
446 2511 554 2540 (Em-ip.
574 2508 757 2542 Τυνδάρεως).

116 2555 164 2586 88)
185 2558 337 2591 parvulum]
361 2561 401 2584 sic
428 2561 510 2585 Editt.
533 2561 622 2589 1562..
650 2563 745 2592 Bam,
771 2562 998 2595 Musgr.‚g!i‹*ix.;
1025 2565 1074 2590 Ed.

153 2590 228 2614 1553.
248 2596 389 2621 parvuttnn
408 2596 570 2619 existentem
587 2597 694 2626 [Eurip.
713 2595 815 2629 μικρὸν
834 2595 936 2631 duram

1068 2497 1075 2510 5

114 2640 162 2671 87)
188 2648 246 2665 cum
274 2645 371 2673 uxore]
401 2646 441 2668 sie
474 2645 520 2677 (=
546 2647 637 2676 Eurip.
663 2646 716 2671 σύν
740 2646 962 2681 ἀ).όχῳ)’·ᾓΕι1ἰῐϊ,
984 2632 1074 2681 ἱὸὓῖ,

150 2676 248 2705 Earn„
268 2678 388 2708 musgr„
408 2680 483 2709 1⁴·ix.;
502 2681 529 2703 in
544 2682 591 2705 Ed.
610 2682 682 2707 1555.
704 2684 771 2707 haee
784 2685 855 2707 mate
875 2684 981 2708 omissa
995 2686 1071 2710 sunt.

82 2716 263 2747 mimum.
283 2718 387 2749 Opzn.
420 2721 503 2751 Vol„
521 2722 642 2752 xvllt.

1202 328 1377 368 Monetae,
1399 330 1592 375 alloqueris
1620 343 1700 364 enm
1724 333 1929 375 poliutum?

1200 381 1295 413 Men.
1326 378 1488 424 Quidni?
1529 387 1579 413 est
1602 382 1694 415 filius
1718 383 1788 415 mei
1812 385 1943 418 fratris.

1203 432 1290 474 Tyn.
1313 431 1370 462 An
1396 443 1476 464 cum
1503 431 1582 464 talis
1607 432 1668 471 sit,
1693 445 1733 465 ex
1759 433 1820 467 illo
1845 443 1949 469 natus
1974 434 2050 469 est?

1199 482 1295 515 Men.
1330 481 1444 515 Natus
1477 489 1545 520 est;
1580 482 1609 515 si
1638 489 1754 515 autem
1781 492 1832 518 est
1864 487 1899 519 in
1927 487 2142 527 calamitate,

1563 538 1682 565 tamen
1709 537 1885 570 curandus
1910 544 1971 571 est.

1147 579 1222 615 485
1252 585 1338 627 Tyn.
1360 582 1520 623 „Factus
1539 595 1574 616 es
1589 584 1781 626 barbarus,
1805 587 1866 620 diu
1883 589 2011 632 degens
2021 588 2067 634 ⁸⁹)
2088 589 2141 621 in-

1558 641 1612 667 ter
1630 636 1815 671 barbaros.

1196 685 1293 717 Men.
1318 682 1395 717 Imo
1410 682 1479 717 hoc
1500 691 1552 719 est
1568 685 1745 721 Graecum
1759 715 1767 728 ‚
1793 701 1917 722 curare
1936 696 2140 733 cognatum.

1199 737 1287 778 Tyn.
1312 734 1361 768 Et
1384 735 1473 768 illud
1496 743 1547 770 est
1566 737 1743 771 Graecum
1757 766 1766 779 ,
1791 752 1864 773 non
1888 741 1977 773 velle
1994 753 2067 774 esse
2083 754 2141 775 su-

1563 788 1743 832 periorem
1768 790 1916 834 legibus.

1194 836 1290 869 Men.
1315 836 1427 869 Omni
1452 839 1650 872 necessitati
1676 842 1836 875 serviunt
1860 843 2037 887 sapientes
2050 842 2110 890 ⁹⁰).

1198 889 1286 930 Tyn.
1308 887 1449 922 Habeas
1475 895 1513 922 tu
1538 887 1624 930 hoc,
1652 903 1717 934 ego
1742 905 1816 926 non
1842 891 1994 928 habebo·

1142 936 1217 971 490
1245 940 1343 973 Men.
1376 939 1491 973 Simul
1520 947 1603 974 sunt
1637 944 1732 986 apud
1756 950 1790 976 te
1820 945 1872 977 ira
1902 952 1936 978 et
1965 951 2138 986 senectus,

1554 998 1747 1038 utrumque
1765 1007 1838 1028 non
1861 1003 1913 1030 est
1935 997 2087 1041 sapiens.

1195 1042 1281 1083 Tyn.
1309 1040 1410 1085 Quae
1433 1042 1627 1086 disputatio
1651 1045 1792 1089 sapiens
1815 1047 1859 1080 sit
1887 1049 1930 1081 de
1953 1048 2104 1095 isto⁹¹)?

1191 1090 1227 1122 Si
1253 1097 1347 1124 recta
1375 1099 1457 1126 sunt
1486 1094 1653 1128 omnibus
1682 1098 1887 1140 manifesta,
1921 1099 2028 1132 etiam
2061 1111 2137 1133 non

1554 1151 1662 1179 recta.

1190 1192 1279 1235 Quis
1304 1190 1414 1226 homo
1438 1200 1489 1227 est
1512 1195 1580 1229 isto
1607 1197 1762 1239 stultior,
1778 1193 1786 1199 ¹

1190 1243 1261 1286 Qui
1288 1256 1363 1277 non
1390 1246 1630 1280 consideravit
1656 1248 1723 1289 ius,

1107 1292 1212 1340 1495
1256 1295 1381 1340 Neque
1411 1297 1510 1330 venit
1539 1298 1575 1330 in
1613 1299 1725 1342 legem
1759 1313 1986 1335 communem
2020 1303 2134 1337 Grae-

1556 1350 1705 1383 corum?

1188 1395 1385 1442 Postquam
1432 1398 1527 1432 enim
1577 1401 1829 1443 Agamemnon
1877 1404 2069 1449 exspiravit
2083 1404 2130 1453 ⁹²)

1548 1457 1673 1491 vitam,

1186 1496 1380 1532 Percussus
1403 1499 1441 1531 in
1468 1500 1583 1544 capite
1608 1514 1626 1534 a
1653 1514 1732 1535 mea
1759 1502 1829 1536 filia

1186 1547 1302 1592 Turpi
1329 1549 1501 1590 facinore,
1528 1550 1730 1598 (nunquam
1750 1554 1845 1587 enim
1863 1555 1897 1588 id
1917 1556 2109 1605 laudabo)

1186 1598 1388 1643 Oportebat
1422 1601 1585 1636 Orestem
1619 1604 1778 1649 infligere
1811 1619 1965 1651 poenam
1998 1611 2132 1654 perfusi

1549 1667 1732 1699 sanguinis

1133 1697 1209 1734 500
1237 1700 1390 1744 Iustam,
1418 1707 1618 1739 accusando
1647 1707 1773 1741 eiicere
1800 1721 1841 1741 ex
1868 1710 2013 1745 aedibus

1184 1752 1358 1792 Matrem;
1385 1756 1574 1800 accepisset
1600 1757 1743 1792 laudem
1763 1761 1959 1795 modestiae
1983 1764 2020 1795 in
2037 1764 2131 1797 cala-

1544 1809 1681 1849 mitate,

1180 1851 1228 1886 Et
1250 1853 1364 1898 legem
1392 1865 1584 1900 servasset,
1610 1867 1644 1893 et
1670 1868 1758 1895 esset
1780 1862 1871 1906 pius.

1181 1903 1286 1938 Nunc
1333 1908 1431 1940 venit
1475 1909 1513 1942 in
1559 1912 1709 1945 eandem
1755 1913 1997 1948 infelicitatem
2039 1916 2130 1951 sicut

1543 1968 1670 1996 mater.
2089 1965 2097 1970 i

1182 2005 1273 2040 Nam
1299 2007 1377 2042 iure
1400 2010 1606 2047 existimans
1634 2013 1732 2046 illam
1761 2027 1834 2049 esse
1861 2017 2007 2059 malam,

1130 2054 1205 2091 505
1230 2056 1308 2102 Ipse
1329 2061 1442 2095 factus
1459 2069 1510 2096 est
1526 2064 1704 2105 deterior,
1731 2066 1946 2103 interficiens
1963 2076 2127 2104 matrem.

1181 2107 1415 2155 Interrogaho
1443 2120 1476 2147 te
1505 2111 1593 2156 hoc,
1624 2116 1805 2151 Menelae:

1163 2240 1210 2271 88)
1237 2241 1346 2272 fulgura
1373 2244 1514 2274 morbosa]
1548 2245 1589 2269 sic
1624 2248 1671 2274 (=
1690 2247 1783 2276 Eut-ip.
1812 2245 1941 2274 νοσώδεις
1967 2243 2126 2280 εἷο-τραπεὶς)

1199 2276 1283 2299 Editt.
1320 2278 1411 2305 1562..
1442 2280 1540 2310 Barn„
1572 2281 1695 2311 Musgr.,
1727 2282 1803 2311 Fix.;
1839 2282 1887 2306 Ed.
1910 2282 1984 2306 1558.
2014 2284 2128 2314 fulgura

1199 2310 1306 2340 aegroti
1325 2312 1452 2335 hominis.

1163 2349 1211 2381 89)
1233 2352 1277 2375 diu
1297 2352 1413 2385 degens]
1433 2354 1473 2377 sic
1491 2354 1575 2379 Editt.
1596 2355 1689 2386 1562,
1709 2356 1808 2386 Bam,
1831 2358 1953 2388 Musgr.‚
1974 2358 2051 2391 Fix.;
2077 2360 2127 2385 Ed.

1202 2386 1276 2409 1558.
1297 2387 1422 2410 existens
1443 2388 1496 2411 diu.

1163 2427 1211 2458 9⁰)
1232 2429 1311 2452 Omni
1331 2430 1491 2454 necessitati
1512 2431 1637 2455 serviunt
1656 2432 1816 2465 sapientes]
1837 2434 1878 2458 sic
1895 2435 1944 2460 Ed,
1962 2436 2054 2463 1562:
2075 2437 2124 2461 Ed.

1200 2463 1274 2486 1558.
1296 2464 1380 2487 Omne
1395 2465 1480 2487 fatate
1492 2471 1603 2489 servunt
1619 2468 1663 2490 est
1678 2468 1759 2491 etiam
1774 2469 1843 2498 apud
1864 2470 2012 2498 sapientes
2034 2472 2125 2500 (tum

1199 2497 1285 2520 Omne
1308 2498 1473 2521 necessitate
1492 2499 1648 2529 impositum
1670 2502 1774 2525 servile
1794 2506 1837 2526 est
1857 2504 2009 2534 sapientm.

1164 2538 1212 2570 91)
1240 2541 1316 2568 Quae
1342 2540 1490 2569 disputatio
1517 2542 1629 2571 sapiens
1656 2544 1692 2567 sit
1718 2545 1751 2568 de
1779 2543 1866 2577 ist022]
1896 2547 1937 2569 sic
1961 2548 2010 2571 Ed.
2033 2548 2125 2578 1562.;

1198 2574 1248 2597 Ed.
1264 2575 1338 2597 1553.
1355 2577 1430 2603 Quae
1444 2575 1595 2605 disputatio
1612 2578 1644 2600 de
1657 2584 1742 2602 causa.
1756 2582 1799 2603 est
1812 2581 1883 2609 apud
1899 2581 1978 2604 istum
1989 2579 2002 2605 ’ἐ
2017 2583 2125 2611 (ΒΜ-ιι,

1197 2609 1318 2638 Musgn:
1339 2610 1405 2632 Num
1420 2609 1483 2639 quid
1502 2615 1562 2634 cuin
1581 2617 1612 2635 eo
1633 2615 1771 2637 certamen
1791 2616 1835 2637 est
1853 2615 1886 2638 de
1905 2614 2087 2645 sapientise).

1163 2650 1211 2681 92)
1232 2650 1398 2683 exspiravit]
1419 2652 1459 2676 sie
1476 2653 1560 2679 Editt.
1582 2654 1672 2686 1562,
1695 2656 1793 2684 Barth,
1819 2658 1940 2689 Musgr.,
1966 2659 2043 2689 Fix.;
2075 2659 2127 2683 Ed.

1202 2685 1278 2708 1558.
1299 2687 1447 2712 exhalavit.
