2373 2980
208 119 303 156 1035

253 210 325 241 Cre.
353 201 424 235 Cur
442 196 528 241 tegis
543 190 701 237 caputffl)
721 196 822 223 tuum
838 186 1088 233 lachrymans?

252 260 332 292 Seu.
357 252 409 285 Te
427 256 460 282 et
476 253 613 292 patrem
628 249 729 276 tuum
746 241 849 274 video
867 239 1019 284 agitatos
1033 237 1191 273 tristibus

614 293 762 327 casibus.

253 361 325 392 Cre.
354 354 422 386 Res
440 347 645 384 mortalium
665 342 870 377 huiusmodi
885 348 985 382 sunt,
1012 339 1100 374 nihil
1119 352 1191 373 ma-

608 401 668 428 net
685 395 721 426 in
738 394 861 426 eodem
879 399 983 427 statu.

202 462 274 495 970
304 460 382 492 Sen.
400 453 451 488 Ne
468 461 562 484 nunc
579 446 731 490 amplius
747 443 997 478 inhaereamus
1015 443 1190 488 querelae.

252 514 323 545 Cre.
353 505 449 550 Quid
467 514 523 535 me
545 503 687 544 oportet
709 496 848 530 facere?
886 495 992 529 miser
1016 501 1066 528 est
1089 494 1192 538 inops

609 548 759 582 consilii.

251 615 331 646 Seu.
371 607 488 651 Ipsum
520 601 676 647 primum
703 598 932 632 iniuriantem
966 603 998 630 te
1026 596 1191 630 ulciscere

612 650 741 684 Deum.

253 717 325 748 Cre.
356 709 399 743 Et
416 705 598 754 quomodo
621 712 755 735 numen
779 701 940 734 mortalis
962 700 1111 733 existens
1137 710 1191 731 su-
1218 736 1220 753 ἢ

1246 747 1319 782 995
1349 750 1421 782 Cre.
1451 747 1563 781 Huius
1583 747 1709 791 pellem
1729 759 1802 781 esse
1819 747 1856 780 in
1872 754 2014 791 pectore
2031 747 2199 783 Palladis.

612 751 772 798 peralbo?

252 819 333 850 Sen.
362 810 510 844 lncende
528 807 602 840 eius
619 809 780 838 sanctum
803 802 985 845 templum.

201 866 274 901 975
305 867 375 899 Cre.
405 862 546 898 Metuo,
583 863 616 890 et
639 866 734 888 nunc
757 852 902 898 quidem
925 852 1008 885 satis
1033 850 1192 885 miseria·
1218 872 1220 894 ἲ

608 918 688 939 rum
707 903 835 937 habeo.

251 971 330 1002 Seu.
364 962 467 997 Ausis
495 959 601 1003 igitur
629 954 830 1000 possibilia,
874 953 1063 986 interficias
1092 958 1191 984 tuum

608 1012 791 1039 mantum.

366 1065 548 1098 Revereor
583 1056 809 1100 coniugium,

613 1120 693 1142 cum
710 1112 800 1140 esset
815 1105 942 1138 bonus.

253 1072 325 1104 Cre.

253 1173 331 1205 Seu.
348 1167 450 1201 Nunc
465 1169 581 1197 autem
599 1160 711 1193 filium
728 1157 946 1191 declaratum
966 1154 1133 1187 adversus
1149 1159 1194 1187 te.
1220 1174 1221 1178 =

253 1224 325 1256 Cre.
343 1212 559 1263 Quomodo?
587 1211 617 1245 si
633 1216 721 1244 esset
734 1207 913 1253 possibile,
928 1217 1035 1251 quam
1054 1205 1193 1238 vellem!

203 1273 276 1307 980
305 1273 385 1305 Sen.
413 1268 566 1301 Armans
582 1270 662 1297 tuos
679 1260 837 1294 comites.

255 1326 328 1358 Cre.
352 1321 472 1353 Placet
491 1314 598 1353 mihi;
626 1324 750 1345 verum
768 1310 830 1344 ubi
845 1309 904 1341 fiet
920 1305 1014 1340 hoc?

257 1377 336 1408 Seu.
374 1370 411 1404 ln
437 1368 544 1404 sacris
565 1361 822 1401 tabernaculis,
862 1358 924 1392 ubi
957 1356 1086 1401 excipit
1112 1369 1194 1389 con-

605 1414 702 1449 vivio
720 1412 864 1446 amicos.

256 1480 327 1512 Cre.
363 1472 496 1508 Caedes
522 1467 609 1502 haec
635 1472 687 1499 est
709 1464 814 1497 nimis
846 1462 884 1494 in
910 1464 1119 1502 conspectu,
1162 1463 1195 1490 et
1221 1501 1223 1507 .

614 1517 708 1551 servi
724 1521 806 1549 sunt
822 1510 1025 1545 imbecilles.

254 1580 334 1612 Seu.
360 1574 427 1608 Hei
447 1580 484 1606 tu
502 1583 536 1604 es
556 1568 693 1613 trepida
706 1594 715 1608 ,
743 1578 805 1610 age
821 1563 977 1597 delibera
994 1566 1033 1593 tu
1048 1558 1195 1604 aliquid.
1221 1586 1222 1619 Ξ

205 1628 278 1663 985
308 1630 381 1662 Cre.
410 1624 455 1657 Et
471 1633 555 1655 vero
571 1618 687 1652 habeo
707 1618 828 1650 dolosa
848 1621 881 1647 et
898 1611 1056 1645 audacia.

255 1682 335 1713 Sen.
362 1676 434 1710 Ero
454 1672 614 1707 minister
632 1669 816 1713 utriusque
834 1663 969 1709 rei¹⁰⁰).

237 1790 283 1816 99)
302 1786 397 1816 caput]
417 1783 466 1808 Ed.
482 1780 556 1805 1562.
576 1778 672 1803 mendo
693 1779 821 1806 typogr.:
848 1772 930 1803 capit.

244 1831 305 1858 100)
327 1831 390 1854 Seu.
411 1825 470 1850 Tibi
488 1836 523 1841 ——
542 1822 592 1846 rei.
613 1820 669 1851 (vs,
685 1814 873 1846 964—986.)]
891 1814 932 1837 sic
950 1812 1001 1837 Ed.
1018 1810 1108 1840 15623
1146 1809 1195 1833 Ed.

276 1864 372 1922 15ἒῖᾗῖ
391 1894 449 1918 'ribi
462 1897 527 1915 vero
541 1890 575 1913 ad
588 1893 667 1919 quam
680 1885 834 1916 opinionem
848 1881 936 1918 venit*
976 1914 981 1918 ι
1067 1912 1071 1916 .

311 1932 372 1956 Cre.
393 1930 532 1957 Tanquam
549 1925 635 1947 Deum
654 1921 812 1945 servantem
833 1922 911 1939 Slluul
930 1919 1016 1944 lpSluS
1035 1913 1127 1935 filiuni.

309 1968 373 1990 SCR-

942 1884 1080 1909 expouere
1092 1875 1196 1901 filium?

616 1990 750 2020 pestatem
770 1982 924 2016 patiuntur!

394 2030 462 2055 Ouid
481 2027 569 2057 capite
588 2027 676 2053 tecto,
703 2028 718 2045 ο
738 2027 823 2044 senex
835 2036 842 2048 ,
874 2016 966 2040 fundis
985 2010 1162 2044 lachrymas?

394 2056 430 2089 'fe
449 2067 476 2087 et
494 2063 599 2092 patrem
618 2061 693 2082 tuum
711 2061 774 2079 esse
793 2054 910 2077 miseros
928 2049 1094 2088 adspiciens.

394 2100 451 2125 Res
465 2095 621 2121 mortalium
635 2088 804 2117 huiusmodi,
828 2090 956 2123 neque-1¹¹1
971 2084 1064 2106 eodem
1077 2083 1196 2106 manent.

395 2134 436 2158 Ne
448 2136 520 2156 nunc
536 2128 652 2157 amplius
666 2122 884 2158 miserationem7
905 2119 961 2142 iilia
972 2134 979 2148 ‚
998 2119 1195 2154 consectemur.

396 2167 465 2191 Ouid
483 2164 555 2189 enim
572 2161 635 2186 mihi
654 2157 805 2183 faciendum
825 2150 890 2178 est?
925 2153 1007 2182 Inops
1027 2151 1133 2174 conSllll
1153 2156 1197 2173 in-

399 2192 415 2197 *
617 2194 744 2218 felicitas.

393 2237 483 2265 Ipsum
501 2232 617 2263 primum
635 2226 802 2252 iniurantem
821 2224 847 2246 te
866 2221 999 2259 ulciscere
1016 2219 1111 2257 =Deum,

399 2270 461 2293 ..Et
479 2266 612 2297 quomodo
629 2260 802 2293 potentiora,
833 2256 958 2280 mol-tans
979 2255 1116 2283 existens,
1149 2258 1197 2274 su-

399 2298 403 2301 ’
413 2295 415 2298 ’
617 2300 752 2327 pei-aveto
762 2290 776 2316 ’ἔ

394 2335 535 2362 succende
553 2334 649 2356 sancta
666 2327 805 2358 Apollinis
823 2325 932 2354 templa.

393 2373 501 2398 Metuo,
527 2370 554 2392 et
573 2372 644 2390 nunc
664 2363 733 2387 satis
755 2361 888 2384 malorum
907 2358 1002 2396 liabeo.
1084 2389 1089 2394 .

394 2403 539 2429 Possibilia
558 2406 628 2424 nuuc
646 2397 716 2421 aude
735 2394 860 2419 maritum
879 2393 954 2415 tuum
972 2390 1170 2413 interficiendo,

395 2440 566 2462 veneramur
584 2431 756 2461 coniugium,
780 2427 851 2458 quod
869 2425 1026 2455 habuimus,
1045 2430 1104 2448 cum
1124 2425 1199 2446 esset

619 2469 715 2491 bonus.

398 2508 474 2529 Nunc
494 2509 560 2527 vero
579 2507 690 2532 puerum
709 2499 786 2521 tuum
802 2495 851 2518 tihi
869 2494 1046 2517 declaratum.

399 2534 558 2569 Quomodo?
585 2536 610 2559 si
630 2532 760 2564 possibile
779 2531 871 2556 esset,
897 2533 977 2557 quam
994 2525 1112 2549 vellem!

398 2574 542 2598 Ensifcros
561 2572 623 2593 tuos
641 2572 752 2591 armans
771 2564 922 2588 ministros.

398 2609 478 2631 lvero
500 2604 608 2634 utique3
634 2607 729 2625 verum
747 2599 792 2622 ubi
811 2598 858 2621 fiet
876 2592 946 2619 lioc‘?
1027 2627 1032 2632 .
1055 2627 1060 2632 ⁸
1134 2627 1139 2631 .

400 2641 494 2666 Sacris
512 2639 540 2662 in
558 2635 759 2663 tabernaculis,
777 2632 822 2656 ubi
835 2629 961 2654 convivio
975 2629 1073 2657 excipit
1087 2632 1198 2650 amicos.

399 2677 517 2700 Famosa
534 2673 601 2695 haec
617 2669 730 2693 caedes:
758 2669 786 2690 et
803 2667 893 2696 ipsum
911 2663 1016 2686 servile
1033 2661 1177 2685 imbecille.

399 2711 489 2737 Eheu3
514 2700 672 2736 improbas?
704 2703 760 2731 Age
778 2702 807 2724 tu
826 2705 897 2722 nunc
915 2696 1030 2721 consule
1048 2695 1180 2726 quiddam.

311 2035 374 2058 Cre.

311 2071 374 2093 sen.

312 2103 374 2126 Cre.

313 2138 374 2161 Sen.

313 2171 375 2195 Cre.

311 2240 373 2262 sen.

315 2273 377 2297 Cre.

312 2342 374 2365 Sen.

313 2375 375 2398 Cre.

313 2411 376 2432 sen.

314 2442 376 2466 Cre.

316 2511 378 2534 sen.

317 2545 381 2568 Cre.

315 2580 379 2601 Sen-

316 2611 379 2635 Cre.

317 2647 381 2669 Sen.

316 2679 379 2704 Cre.

317 2716 379 2737 sen.

789 102 911 138 PHlL.
939 100 1050 136 MEL.
1079 101 1280 136 SCRIPTA
1307 99 1642 135 PHILOLOGICA.

860 1054 956 1098 quod
991 1051 1193 1092 habuimus,
1220 1055 1221 1060 ’

2139 105 2235 139 1036

1294 190 1368 223 Cre.
1396 186 1489 220 Audi
1508 186 1631 231 igitur:
1661 184 1792 219 novisti
1810 198 1965 231 pugnam
1983 187 2204 232 Gigantum?

1294 241 1373 273 Sen.
1402 238 1514 277 Novi,
1543 248 1650 283 quarn
1668 236 1826 270 fecerunt
1842 237 1880 270 in
1895 236 2047 282 Phlegra
2066 239 2234 284 Gigantes

1662 288 1830 322 adversus
1847 288 1954 324 Deos.

1298 344 1369 376 Cre.
1396 340 1448 374 lbi
1465 345 1558 372 terra
1577 337 1687 371 edidit
1705 338 1909 383 Gorgonem
1923 366 1933 379 ,
1959 341 2116 375 terribile
2135 354 2236 375 mon—

1653 395 1777 424 strum.

1244 443 1318 476 990
1347 444 1428 476 Seu.
1457 441 1550 475 Num
1571 440 1641 474 suis
1657 440 1737 474 filiis
1757 441 1912 480 sociam,
1939 448 2133 476 certantem
2157 456 2236 478 cum

1649 490 1751 525 Diis?

1297 546 1369 578 Cre.
1398 541 1517 575 Etiam
1530 568 1538 581 ,
1566 547 1599 575 et
1616 554 1694 575 eam
1712 542 1889 576 interfecit
1905 543 2033 577 Pallas.

1296 597 1376 629 Sen.
1391 593 1629 639 Qualemnam
1644 594 1798 626 formam
1811 592 1999 627 habentem
2015 595 2236 630 terribilem?

1298 648 1368 680 Cre.
1397 643 1597 678 Thoracem
1616 644 1720 688 spiris
1738 645 1880 689 viperae
1899 652 2085 680 armatam.

1294 699 1376 731 Sen-
1397 696 1490 730 Num
1507 694 1593 729 haec
1608 702 1660 729 est
1672 696 1803 736 fabula,
1820 709 1927 741 quam
1943 697 2063 730 audivi
2078 697 2237 732 dudum?

1295 802 1377 835 Sen.
1396 799 1514 843 Quam
1524 798 1693 842 Aegidem
1711 798 1901 832 nominant
1910 799 2067 833 Palladis
2081 799 2237 834 vestem?

1299 853 1371 885 Cre.
1399 849 1475 883 Hoc
1495 851 1621 894 adepta
1649 856 1700 883 est
1724 862 1877 889 nomen,
1915 851 2058 895 quando
2082 851 2237 885 venitin

1656 912 1814 944 pugnam
1836 901 1995 934 Deorum
2005 902 2047 946 ¹).

1297 954 1377 985 Seu.
1403 951 1500 995 Quid
1517 951 1599 984 inde
1618 952 1687 985 tuis
1703 949 1864 986 hostibus
1878 951 2025 985 damni?

1299 1004 1370 1036 Cre.
1398 1000 1670 1035 Erichthonium
1696 1003 1811 1041 nosti,
1851 1010 1912 1036 aut
1937 1004 2059 1037 forsan
2082 1014 2156 1036 non
2180 1014 2238 1036 cu-

1658 1065 1733 1092 ras,
1761 1066 1782 1086 o
1797 1066 1913 1087 senex.

1220 1123 1221 1150 ;
1252 1103 1347 1136 {000
1372 1104 1452 1136 Sen.
1481 1103 1596 1148 Quem
1612 1104 1768 1148 primum
1786 1111 1948 1138 nostrum
1970 1104 2236 1148 progenitorem

392 1961 463 1993 „Hei
482 1958 560 1988 milii,
579 1958 692 1987 propter
712 1954 818 1977 domum
837 1952 928 1975 tuam:
953 1947 1065 1971 divitiae
1085 1948 1113 1968 ut
1127 1946 1196 1968 tem·
1222 1970 1223 1974 Ἰ

1655 1155 1819 1188 submisit
1835 1154 1961 1188 tellus?

1299 1207 1372 1239 Cre.
1401 1204 1491 1237 Huic
1510 1205 1570 1236 dat
1587 1205 1704 1239 Pallas
1720 1206 1814 1238 edito
1838 1211 1998 1238 recenter
2024 1223 2073 1230 —

1296 1258 1377 1290 Seu.
1418 1254 1540 1299 Quid?
1586 1256 1717 1289 serium
1761 1256 1857 1289 enim
1899 1256 2081 1300 quoddam
2124 1255 2239 1289 adfers

1657 1307 1803 1340 dictum.

1299 1361 1373 1392 Cre.
1399 1357 1568 1390 Geminas
1587 1363 1704 1401 guttas
1720 1357 1901 1401 sanguinis
1917 1368 1935 1389 a
1955 1355 2135 1400 Gorgone.

1297 1411 1377 1442 Sen.
1407 1409 1525 1452 Quam
1543 1409 1614 1440 vim
1632 1407 1763 1441 habent
1780 1409 1826 1441 ad
1843 1405 1998 1440 hominis
2015 1406 2206 1439 naturam?

1252 1458 1346 1493 l005
1376 1461 1448 1494 Cre.
1477 1459 1577 1492 Hanc
1596 1459 1739 1504 quidem
1757 1458 1998 1497 mortiferam,
2025 1456 2132 1490 aliam
2155 1469 2239 1491 vero

1660 1509 1869 1543 curatricem
1892 1509 2116 1542 morborum.

1297 1563 1375 1595 Sen.
1401 1559 1442 1593 In
1460 1572 1531 1605 quo
1547 1562 1752 1605 appendens
1769 1560 1912 1605 corpori
1929 1558 2057 1604 pueri?

1299 1614 1371 1646 Cre.
1397 1611 1435 1643 ln
1454 1612 1568 1645 aureis
1585 1612 1803 1656 ligamentis;
1832 1610 1888 1644 hic
1912 1617 2029 1644 autem
2048 1609 2146 1643 dedit
2161 1621 2241 1642 meo

1658 1663 1765 1707 patri.

1300 1716 1380 1748 Seu.
1409 1712 1472 1745 lllo
1492 1725 1576 1746 vero
1593 1721 1737 1747 mortuo
1749 1740 1758 1754 ‚
1792 1715 1837 1747 ad
1853 1720 1885 1746 te
1903 1709 2090 1758 pervenit?

1302 1767 1373 1798 Cre.
1401 1764 1519 1797 Etiam
1531 1791 1540 1805 ‚
1567 1771 1601 1798 et
1619 1777 1683 1809 ego
1700 1765 1788 1798 illud
1804 1765 1842 1798 in
1859 1776 1986 1798 manus
2010 1761 2242 1795 commissura

1655 1817 1744 1849 fero.

1252 1866 1349 1900 1010
1377 1868 1457 1900 Seu.
1488 1867 1681 1911 Quomodo
1698 1867 1806 1909 igitur
1823 1869 2042 1906 temperatur
2064 1861 2244 1906 geminata

1661 1916 1816 1961 pellem)
1840 1912 1961 1946 Deae?

1301 1969 1373 2002 Cre.
1403 1967 1504 2011 Quae
1520 1967 1668 2000 stillavit
1685 1980 1725 2000 ex
1745 1978 1830 2000 cava
1850 1976 1939 1997 vena
1958 1962 2084 1997 caedis.

1353 2068 1416 2091 Cre.
1437 2066 1518 2095 Atqui
1539 2066 1623 2089 haheo
1644 2065 1741 2090 dolosa
1763 2067 1790 2089 et
1808 2064 1930 2089 audacia.

1353 2104 1416 2126 sen.
1436 2102 1584 2124 Amhorum
1603 2100 1682 2124 fuero
1702 2101 1797 2124 horum
1816 2100 1944 2123 minister
1962 2104 2024 2129 ego.

1286 2143 1485 2201 OECirei-{gdi
1505 2154 1536 2159 —
1558 2143 1686 2167 Deorum.
1712 2145 1769 2172 (vs.
1793 2142 1844 2166 987
1857 2139 1993 2172 -997.)]
2021 2140 2062 2163 sic
2080 2139 2128 2164 Ed.
2150 2138 2241 2165 1562.;

1363 2196 1368 2201 .
1405 2185 1438 2200 ῡὲ)
1458 2184 1480 2201 ,Σ

1354 2212 1416 2236 Cre.
1435 2211 1505 2234 Audi
1525 2211 1626 2241 igitur3
1652 2210 1754 2233 novisti
1772 2209 1939 2239 terrigenam
1958 2204 2100 2238 pugnam?

1353 2248 1417 2270 Seu.
1436 2245 1522 2274 Novi,
1546 2250 1625 2274 quam
1643 2244 1671 2267 in
1684 2244 1802 2270 Phlegra
1813 2244 1946 2273 Gigantes
1961 2242 2141 2266 exhibuerunt
2153 2241 2222 2264 Diis.

1354 2280 1417 2304 Cre.

1353 2315 1417 2338 Seu.

1354 2348 1416 2372 Cre.

1353 2384 1416 2407 Seu.

1355 2416 1417 2440 Cre.

1435 2278 1474 2301 Ibi
1494 2278 1653 2307 Gorgonem
1671 2278 1764 2308 genuit
1783 2279 1876 2305 terra,
1905 2277 1993 2300 dirum
2010 2276 2174 2300 monstrum.

1439 2313 1507 2336 Num
1526 2312 1590 2335 filiis
1608 2311 1694 2341 ipsius
1712 2311 1831 2340 socium,
1858 2311 1977 2335 Deorum
1995 2305 2141 2334 laborem?

1436 2347 1527 2371 Certe.
1564 2347 1599 2369 Et
1616 2346 1705 2375 ipsum
1723 2345 1859 2368 interfecit
1878 2345 1952 2368 lovis
1972 2345 2045 2375 filia,
2064 2343 2157 2367 Pallas
2177 2343 2241 2366 Dea.

1436 2381 1613 2410 Qualemnam
1632 2380 1737 2403 formae
1757 2380 1875 2403 habitum
1895 2380 2036 2403 habentem
2055 2374 2200 2409 agrestis?

1438 2415 1587 2438 Thorace-m
1606 2414 1692 2443 ipsius
1712 2415 1824 2443 viperae
1844 2414 1927 2443 spiris
1945 2414 2089 2436 armatam.

1436 2450 1505 2473 Num
1525 2449 1593 2472 haec
1611 2449 1653 2472 est
1672 2448 1779 2472 fabula.
1807 2453 1886 2477 quam
1905 2447 1985 2471 audio
2004 2443 2124 2470 dudum?

1437 2483 1525 2506 Huius
1544 2482 1667 2506 Palladis
1686 2482 1785 2512 pellem
1804 2482 1830 2505 iu
1850 2481 2007 2512 pectoribus
2027 2486 2100 2504 esse.

1438 2518 1523 2546 Quam
1541 2517 1671 2547 Aegiden:
1691 2516 1849 2543 nominant,
1872 2515 1995 2539 Palladis
2014 2510 2143 2538 vestem?

1444 2552 1502 2574 Hoc
1526 2551 1626 2580 adepta
1651 2552 1695 2579 est
1723 2556 1837 2580 nomen,
1874 2550 2001 2573 Deorum.
2025 2555 2084 2572 cum
2110 2547 2186 2570 venit
2215 2547 2243 2570 in

1660 2584 1768 2607 bellum.

1289 2629 1341 2655 1⁰)
1361 2626 1500 2658 geminata
1519 2626 1604 2655 pelle]
1625 2626 1667 2649 sic
1685 2626 1734 2649 Ed.
1751 2626 1842 2654 1562.;
1874 2626 1922 2649 Ed.
1942 2625 2016 2649 1558.
2035 2623 2143 2655 gemina
2161 2622 2242 2653 pellis

1322 2662 1367 2692 (=
1380 2661 1427 2684 Ed.
1441 2660 1522 2684 Basil.
1545 2661 1620 2685 1551.
1640 2658 1775 2691 δίπτυχον
1794 2658 1900 2690 δέρος);
1925 2659 2009 2683 Editt.
2024 2659 2126 2682 recent.
2145 2655 2244 2680 δίπτυ-

1321 2702 1373 2725 χον
1391 2692 1481 2726 δῶρον
1500 2706 1532 2710 -
1552 2694 1688 2724 geminum
1705 2695 1804 2718 donum
1824 2694 1914 2722 [Fix.:
1940 2694 2040 2722 duplex
2057 2692 2178 2719 munus]

1354 2452 1419 2474 Sen.

1354 2484 1418 2509 Cre.

1354 2519 1417 2542 Seu.

1355 2552 1417 2576 Cre.
