2373 2980
95 81 171 119 853
516 77 655 114 LXVII.
708 77 1108 113 INTERPRETATIO
1135 77 1437 113 BACCHARUM
1462 72 1712 110 EURIPIDIS.
2064 75 2138 113 854

147 168 304 210 „Dicere
321 167 441 200 futura
461 165 679 200 insanientes
697 165 847 212 facit23).
1193 164 1307 198 Nobis
1326 176 1412 197 vero
1429 162 1596 196 omnibus
1614 168 1648 195 et
1667 160 1734 195 toti
1749 161 1872 206 generi
1888 162 1977 196 adsit
1997 160 2123 197 honor.

145 219 271 254 Martis
291 229 434 264 quoque
450 224 591 262 partem
614 216 880 263 assumpsit24);
1113 192 1117 269 ἱ
1193 215 1301 250 Vides
1316 214 1507 249 Actaeonis
1524 213 1696 248 miserum
1713 212 1914 253 interitum,

144 270 350 305 Exercitum
373 270 469 303 enim
492 269 531 302 in
548 270 657 304 armis
675 275 709 303 et
724 269 761 302 in
786 267 975 314 procinctu
991 272 1087 300 stan·
1113 272 1117 306 ,ἰ
1194 267 1310 311 Quem
1328 266 1509 300 crudivori
1525 278 1646 306 canes,
1674 277 1763 310 quos
1779 264 1880 306 aluit,

512 327 598 362 tem,
1114 330 1115 334 ¹
1192 318 1486 362 Discerpserunt‚
1509 316 1809 361 praestantiorem
1827 317 1865 350 in
1883 314 2074 350 venatione

143 373 244 407 Metu
260 372 524 417 perterrefecit,
543 372 756 418 priusquam
772 371 971 405 dimicaret.
1141 368 1216 404 340
1240 369 1358 414 Quam
1377 368 1494 401 Diana
1512 369 1549 400 in
1566 368 1673 413 sylvis
1689 367 1903 412 gloriantem
1921 380 1957 402 se
1975 378 2060 401 esse.

93 423 167 460 305
193 425 294 470 Quae
312 423 536 458 conservatio
557 430 608 458 est
622 425 725 457 furor
743 436 762 456 a
778 420 934 456 Baccho.
1192 420 1301 466 Quod
1328 432 1372 453 ne
1397 420 1461 452 tibi
1486 419 1643 459 accidat,
1679 419 1759 452 veni
1786 418 1876 461 huc,
1904 425 1938 453 et
1961 424 2134 452 coronato

143 477 333 510 Praeterea
350 476 487 510 videbis
502 488 584 509 eum
604 476 641 508 in
657 473 839 520 Delphicis
858 473 963 513 saxis,
1552 476 1659 514 caput
1679 476 1779 504 tuum

143 528 338 561 Salientem
355 540 435 561 cum
452 527 605 567 facibus,
629 533 663 561 et
680 526 863 571 bicipitem
876 536 1005 569 rupem
1191 522 1333 555 Hedera
1345 548 1354 562 ‚
1381 527 1415 554 et
1430 520 1616 554 nobiscum
1635 520 1751 554 tribue
1769 519 1946 554 honorem
1966 520 2058 555 Deo.

142 579 406 613 percutientem
418 606 428 620 ,
459 585 493 612 et
529 579 748 624 quatientem
767 575 961 610 Bacchicas
987 575 1085 608 fron-
1190 576 1274 608 Pen.
1320 573 1559 618 Nequaquam
1598 571 1805 605 admovebis
1839 569 1930 605 mihi
1964 584 2132 609 manum:

510 631 584 670 des,
1557 623 1647 656 vade
1665 629 1702 656 tu
1718 621 1943 664 bacchatum,

142 681 187 715 Et
204 681 431 730 magnum‘25)
449 694 514 727 per
531 680 733 715 Graeciam.
787 679 856 712 Sed
872 675 975 717 mihi,
994 676 1085 710 Pen-
1189 676 1315 722 Neque
1339 682 1470 709 atteras
1488 674 1677 708 stultitiam
1696 681 1794 708 tuam
1811 671 1914 707 mihi.

505 731 610 773 theu,
639 732 860 775 obtempera.
1110 761 1113 766 ,
1139 726 1213 762 345
1238 728 1343 761 Hunc
1358 733 1477 761 autem
1494 732 1764 771 praeceptorem
1783 732 1865 759 tuae
1881 725 2081 759 dementiae

91 784 166 818 310
205 784 258 818 Ne
290 790 391 828 putes
416 790 449 817 te
474 790 625 828 propter
648 794 798 826 regnum
822 779 1021 825 potentiam
1048 778 1083 810 in
1110 772 1113 812 f
1190 779 1391 823 Aggredior
1407 790 1536 823 poena.
1590 777 1659 811 Eat
1675 777 1803 823 aliquis
1823 788 1932 822 quam
1950 777 2122 821 primum,

504 833 670 868 homines
686 831 836 871 habere;
1189 831 1376 864 Profectus
1394 831 1438 862 ad
1456 831 1575 869 sedes,
1597 828 1659 862 ubi
1676 828 1906 868 vaticinatur,

1188 882 1357 915 Vectibus
1374 881 1538 914 tridentis
1554 887 1672 914 everte
1690 892 1748 914 eas
1763 886 1876 920 retr0,

140 885 249 931 Sique
267 885 304 918 id
320 892 443 930 putas,
466 899 546 920 cum
563 892 623 919 tua
641 884 766 928 opinio
785 890 890 923 erret,

140 936 193 971 Ne
216 937 394 971 existimes
422 944 455 970 te
482 948 626 981 sapere,
654 937 714 969 sed
741 935 857 969 Deum
883 934 920 966 in
948 939 1080 967 terram
1188 933 1337 967 Sursum
1354 940 1388 966 et
1404 934 1572 966 deorsum
1592 931 1713 965 omnia
1731 931 1883 965 miscens
1898 930 2018 972 simul,

506 988 637 1032 recipe,
1110 985 1111 990 ’
1138 983 1213 1019 350
1237 984 1399 1019 Coronas
1415 984 1530 1018 ventis
1547 990 1580 1016 et
1594 983 1760 1027 procellis
1779 982 1932 1018 dimitte.

138 1039 186 1073 Et
202 1040 272 1073 liba
287 1066 296 1079 ,
319 1045 353 1072 et
367 1037 542 1072 bacchare
553 1065 561 1079 ,
583 1045 618 1072 et
634 1044 808 1071 coronato
825 1043 942 1082 caput.
1108 1021 1111 1077 ξ
1188 1036 1346 1069 Maxime
1365 1036 1482 1080 ipsum
1506 1035 1681 1068 mordebo
1697 1032 1767 1068 hoc
1780 1034 1926 1069 faciens.

138 1091 221 1125 Non
239 1091 313 1135 ipse
330 1090 512 1136 Dionysus
528 1096 630 1135 coget
647 1089 846 1134 impudicas
865 1101 938 1123 esse
1108 1086 1111 1103 '
1187 1087 1260 1122 Vos
1278 1087 1409 1133 reliqui
1424 1093 1547 1121 euntes
1564 1098 1628 1131 per
1645 1086 1845 1127 civitatem,
1870 1084 2082 1129 investigate

86 1140 161 1176 315
187 1142 375 1180 Mulieres;
400 1142 517 1176 sedin
533 1148 663 1174 natura
1187 1138 1291 1173 Illum
1321 1138 1565 1173 effeminatum
1599 1135 1800 1182 hospitem,
1837 1137 1901 1183 qui
1933 1136 2131 1171 introducit

137 1192 233 1227 Inest
249 1192 421 1237 pudicitia
439 1204 655 1238 quocunque
674 1198 850 1236 tempore.
1552 1189 1722 1223 morbum

138 1245 216 1278 Hoc
240 1244 543 1278 considerandum
570 1250 642 1283 est,
682 1243 790 1276 etiam
813 1243 851 1275 in
874 1240 1080 1276 Bacchana-
1185 1242 1331 1277 Novum
1367 1241 1577 1276 mulieribus
1588 1267 1598 1282 ‚
1639 1247 1674 1274 et
1705 1239 1885 1275 connubia
1914 1239 2132 1275 contumelia

500 1295 606 1335 libus,
1557 1292 1678 1327 afficit.

137 1346 240 1391 Quae
256 1352 385 1380 natura
403 1346 532 1390 pudica
553 1352 622 1385 est,
651 1357 725 1378 non
741 1351 1004 1389 corrumpetur.
1134 1342 1209 1379 355
1234 1344 1282 1378 Et
1297 1345 1327 1379 si
1346 1344 1528 1389 ceperitis,
1554 1344 1715 1377 vinctum
1731 1343 1897 1378 adducite

136 1397 269 1431 Vides?
297 1403 336 1430 tu
352 1398 502 1441 gaudes,
531 1397 678 1441 quando
697 1397 840 1430 adstant
857 1397 901 1428 ad
919 1403 1041 1440 portas
1185 1396 1263 1430 Huc
1280 1409 1380 1435 eum,
1405 1403 1445 1430 ut
1462 1395 1696 1440 lapidationis
1710 1407 1866 1440 poenam
1883 1402 2009 1430 nactus

85 1449 159 1484 320
177 1447 297 1488 Multi,
314 1453 348 1481 et
364 1448 509 1494 quando
528 1445 681 1481 Penthei
696 1459 831 1480 nomen
848 1448 932 1481 urbs
943 1447 1080 1492 magui-
1185 1448 1378 1487 Moriatur,
1393 1447 1517 1481 videns
1534 1447 1662 1481 acerba
1671 1445 1912 1480 Bacchanalia
1929 1447 1967 1480 in
1983 1444 2130 1482 Thebis.

502 1499 595 1533 ficat.
1190 1502 1263 1534 Tir.
1288 1498 1322 1532 O
1337 1498 1464 1539 miser,
1490 1499 1604 1533 nescis
1616 1525 1625 1540 ‚
1649 1511 1721 1545 quo
1738 1499 1839 1533 vadis
1856 1511 2035 1540 sermone,

135 1551 181 1584 Et
197 1550 256 1584 ille
274 1550 472 1584 delectatur
487 1548 646 1590 honore,
670 1556 711 1584 ut
730 1550 904 1589 arbitror;
1184 1549 1260 1584 Iam
1278 1550 1433 1592 insanis,
1456 1557 1491 1584 et
1507 1557 1589 1584 ante
1606 1563 1707 1585 mens
1725 1557 1823 1584 mota
1842 1556 1905 1585 est.

135 1601 213 1646 Ego
233 1608 353 1636 autem
371 1608 405 1635 et
422 1601 596 1642 Cadmus,
621 1614 728 1647 quem
748 1608 787 1635 tu
803 1601 956 1641 derides,
1135 1602 1209 1636 360
1232 1602 1368 1637 Eamus
1384 1615 1469 1643 nos,
1492 1602 1647 1643 Cadme,
1673 1608 1707 1636 et
1722 1614 1910 1647 precemur

136 1653 279 1687 Hedera
299 1653 576 1692 coronabimur,
603 1659 637 1686 et
655 1653 788 1687 erimus
801 1653 838 1686 in
857 1651 968 1686 choro
1187 1654 1259 1688 Pro
1278 1654 1345 1688 isto
1357 1681 1366 1695 ,
1390 1667 1610 1700 quamquam
1629 1654 1800 1688 existente
1816 1666 1937 1693 saevo,

136 1705 253 1738 Senile
270 1705 392 1749 iugum
406 1732 415 1745 ‚
441 1711 564 1738 tamen
580 1705 738 1738 eundum
757 1711 808 1738 est
824 1705 868 1737 ad
885 1702 1046 1737 chorum.
1186 1705 1232 1739 Et
1248 1718 1315 1750 pro
1333 1706 1476 1739 civitate
1494 1705 1610 1739 Deum
1622 1732 1631 1746 ,
1653 1718 1698 1738 ne
1717 1705 1804 1751 quid
1821 1704 1974 1738 ferocius

84 1754 159 1793 325
186 1756 261 1791 Nec
275 1757 446 1802 pugnabo
466 1763 590 1790 contra
607 1755 744 1796 Deum,
767 1756 837 1790 tuis
855 1756 1080 1790 sermonibus
1185 1757 1326 1796 Faciat;
1351 1758 1412 1790 sed
1438 1769 1586 1803 sequere
1602 1769 1657 1790 me
1673 1755 1872 1790 hederaceo
1890 1768 1971 1790 cum
1987 1753 2128 1789 baculo.

502 1819 704 1853 persuasus.
1105 1815 1108 1859 f
1184 1808 1230 1843 Et
1246 1815 1360 1843 tentes
1377 1809 1521 1842 firmare
1539 1821 1659 1842 meum
1677 1820 1824 1853 corpus,
1849 1814 1884 1841 et
1899 1819 1964 1852 ego
1982 1812 2096 1840 tuum.

90 1899 93 1902 Ι
132 1858 272 1893 Insanis
289 1859 509 1904 perniciose,
532 1866 567 1892 et
582 1871 698 1904 neque
714 1856 919 1903 pharmacis
1105 1861 1107 1869 ⁴
1133 1858 1209 1897 365
1242 1861 1350 1895 Senes
1379 1860 1474 1894 enim
1499 1860 1607 1895 simul
1627 1866 1750 1894 euntes
1773 1860 1900 1893 cadere
1927 1865 2032 1904 turpe
2059 1863 2128 1895 est;

134 1910 349 1944 Remedium
368 1911 539 1955 accipies,
565 1923 681 1956 neque
699 1910 846 1955 langues
860 1910 935 1943 sine
953 1907 1020 1944 his.
1554 1918 1589 1946 et
1607 1918 1731 1945 tamen

136 1963 235 1997 Gkor.
265 1961 299 1995 Ο
322 1974 449 2003 senex,
478 1960 668 1995 Phoebum
692 1974 767 1995 non
791 1962 985 1996 dedecoras
1009 1961 1078 1995 tuis
1104 1972 1107 1996 ;
1184 1960 1347 2003 Baccho,
1372 1962 1465 1997 Iovis
1483 1963 1577 2004 filio,
1601 1962 1831 1998 serviendum
1850 1968 1913 1997 est.

1104 1873 1108 1970 ἱ

502 2013 623 2051 dictis;
1182 2013 1364 2049 Pentheus
1398 2027 1482 2048 vero
1516 2015 1658 2049 utinam
1696 2026 1772 2049 non
1811 2015 1947 2048 luctum
1991 2013 2129 2047 adferat

134 2063 179 2097 Et
199 2062 337 2097 honore
353 2064 509 2098 afficiens
522 2064 712 2098 Bromium
725 2090 735 2105 ‚
757 2063 863 2109 sapis.
1544 2066 1702 2101 familiae

85 2116 159 2150 330
186 2118 267 2151 Gad.
292 2116 325 2150 O
344 2116 413 2156 fili,
439 2123 533 2150 recte
551 2116 709 2150 Tiresias
725 2122 758 2148 te
778 2115 984 2148 admonuit:
1184 2117 1306 2158 Tuae,
1331 2117 1483 2157 Cadme3
1503 2116 1573 2152 hoc
1590 2131 1666 2152 non
1682 2118 1763 2153 dico
1780 2116 2025 2157 vaticinando,

135 2167 282 2202 Habites
299 2168 487 2202 nobiscum
506 2180 581 2201 non
597 2174 696 2201 extra
714 2168 819 2211 leges.
1183 2167 1251 2202 Sed
1269 2170 1501 2215 experientia.
1535 2170 1683 2212 „Stulta
1701 2170 1797 2205 enim
1813 2169 1940 2204 stultus
1957 2166 2130 2215 loquitur.

133 2219 237 2253 Nunc
255 2220 352 2253 enim
370 2220 518 2260 volitas,
539 2226 574 2253 et
591 2220 763 2264 sapiendo
780 2218 923 2263 desipis.

137 2271 173 2304 Si
191 2271 337 2316 quidem
354 2283 429 2305 non
443 2278 495 2306 est
512 2271 609 2306 Deus
626 2269 702 2311 hic,
726 2277 766 2304 ut
785 2277 825 2305 tu
842 2270 941 2312 dicis,
1481 2254 1699 2304 [Str0phe
1728 2253 1787 2303 1·]

135 2323 242 2366 Apud
259 2328 292 2356 te
313 2323 420 2356 dicito
432 2350 441 2364 ,
466 2330 500 2356 et
515 2323 666 2356 mentire
684 2321 846 2362 honeste,
1132 2323 1208 2358 370
1231 2325 1329 2360 ler.
1355 2324 1485 2357 Sancta
1502 2326 1707 2357 veneranda
1723 2323 1886 2358 Deorum
1895 2323 1956 2370 26),

86 2372 160 2407 335
185 2374 291 2419 Quod
308 2374 354 2408 sit
369 2374 524 2409 Semeles
539 2374 645 2415 filius,
661 2381 700 2408 ut
718 2375 882 2408 videatur
900 2372 1077 2419 peperisse
1183 2375 1311 2408 Sancta
1325 2403 1334 2416 ‚
1359 2388 1450 2421 quae
1468 2375 1505 2408 in
1522 2381 1618 2408 terra

498 2425 629 2464 Deum,
1184 2428 1321 2461 Aureas
1339 2428 1412 2460 alas
1428 2428 1510 2467 fers,

211 2496 291 2500 -—
1184 2477 1281 2511 Haec
1296 2476 1449 2511 Penthei
1465 2476 1592 2511 audis}>

119 2539 166 2572 23)
188 2542 219 2566 u.
240 2542 257 2565 1.
284 2542 311 2566 in
331 2542 414 2568 editt.
437 2543 529 2574 1558.‚
551 2544 625 2568 1562.
653 2545 719 2568 nota
737 2543 1007 2575 marg.:]Diviuatio
1033 2543 1079 2567 fu-
1184 2529 1296 2562 Audis
1311 2530 1502 2574 profanam
1518 2528 1689 2563 iniuriam

154 2577 273 2600 rentium
293 2579 320 2600 et
339 2577 485 2602 ebriorum.

119 2618 167 2649 24)
187 2620 219 2644 H.
241 2620 258 2643 1.
278 2620 339 2645 ibid.
360 2622 425 2644 nota
444 2626 549 2652 marg.:
580 2621 609 2644 ld
630 2622 690 2652 est,
709 2622 836 2646 bellator.

120 2661 167 2693 25)
189 2661 327 2694 inagnum]
357 2663 397 2686 sic
418 2662 465 2694 (z
483 2664 578 2695 Eurip.
596 2663 711 2696 Μέγαν)
739 2665 823 2690 Editt.
845 2667 964 2696 recent-3
993 2664 1077 2689 Editt.
1102 2636 1106 2716 ἰ
1166 2665 1214 2697 26)
1234 2666 1339 2689 Sancta
1364 2671 1425 2689 ven.
1450 2665 1585 2695 Deorum]
1610 2664 1652 2688 his
1678 2664 1706 2688 in
1724 2670 1813 2695 marg.
1831 2663 1916 2689 Editt.
1938 2663 2004 2688 1553
2022 2680 2029 2694 ,
2051 2663 2126 2688 1562.

158 2698 243 2726 1558,
265 2699 339 2722 ¹562.
359 2704 492 2729 magnam.
1203 2700 1346 2730 adscripta
1365 2701 1407 2723 est
1427 2699 1590 2729 explicatio:
1610 2700 1639 2723 ld
1658 2700 1717 2730 est,
1739 2699 1874 2724 Nemesis.

1467 2733 1554 2769 54*
