2373 2980
25 275 33 310 *⁴⁴-

27 729 29 735 -
27 641 33 702 2³³1-
26 556 33 624 ‚mx—m
23 404 33 539 ..α-«Ν

117 83 193 119 365
600 80 692 116 LVI.
744 80 1144 116 INTERPRETATIO

172 169 302 210 „Adeo
319 166 386 206 vir,
410 178 629 212 quamquam
647 167 794 207 alienus,
811 167 872 213 qui
889 167 1112 211 conglutina-
1133 179 1138 213 ᾗ

537 224 593 252 tus
609 225 661 253 est
677 219 854 263 moribus,

170 269 315 312 „Magis
329 268 542 315 mereturffl)
560 267 685 303 haberi
701 270 855 310 amicus,
882 281 989 314 quam
1008 268 1111 301 multi

532 323 685 364 cognati.

487 393 741 444 [stropha]
1062 382 1067 383 ⁷
1136 349 1140 414 l

1136 467 1140 479 l

114 460 189 496 805
218 463 316 497 Cher.
345 462 475 506 Magna
493 463 654 507 potentia
674 470 708 496 et
725 464 836 498 virtus

165 513 383 557 Superbiens
400 525 464 557 per
481 514 670 556 Graeciam
688 521 722 547 et

163 565 218 597 Ad
236 564 427 597 Simoentis
441 564 538 598 rivos
549 591 558 604 ‚

163 615 378 648 Retro'versa
399 621 451 648 est
467 627 509 648 ex
524 615 691 648 felicitate
705 613 842 647 Atridis
1138 641 1141 654 ,

163 665 239 698 Iam
259 666 344 698 olim
364 667 408 699 ab
427 666 574 711 antiqua
596 664 797 698 calamitate
815 664 990 704 familiae,
1137 656 1140 702 Ι

114 717 188 751 810
217 716 373 762 Quando
391 717 432 750 lis
449 718 492 749 de
510 729 620 750 aureo
637 717 767 749 vellere

163 767 272 800 Venit
290 767 510 807 Tantalidis,

164 818 390 851 Miserrimae
408 818 552 862 epulae,
580 822 615 849 et

164 869 276 904 Neces
292 870 467 902 nobilium
484 869 680 900 liberorum
692 893 701 907 ‚
728 866 822 899 unde

166 920 301 954 Caedes
321 921 427 953 caede
446 925 581 951 mutata
594 945 604 958 ,

115 970 190 1006 815
216 971 286 1005 Per
304 972 428 1004 caedes
445 982 520 1003 non
539 969 670 1003 desinit

162 1022 259 1056 Inter
278 1023 367 1056 duos
383 1022 540 1056 Atridas.

431 1092 795 1144 [Antisti-opha]

162 1165 359 1198 Honestum
371 1190 381 1204 ,
408 1176 483 1197 non
500 1169 551 1196 est
567 1161 776 1196 honestum:
805 1167 997 1205 parentum

164 1216 292 1249 Secare
310 1227 413 1248 saeva
431 1212 625 1258 manu³5³)

165 1267 324 1310 Corpus,
353 1271 387 1298 et
403 1265 509 1299 istum
528 1264 634 1297 caede
655 1262 797 1306 nigrum
1138 1279 1141 1292 i

115 1318 188 1353 820
216 1316 346 1349 Ensem
365 1317 551 1350 ostendere
570 1315 607 1346 in
625 1315 744 1347 lumen
763 1312 865 1352 solis,
1138 1295 1141 1340 l

164 1366 326 1413 „Iani³⁶)
346 1367 458 1400 scelus
477 1365 683 1404 admittere,
710 1370 761 1398 est
780 1375 908 1407 magua
928 1363 1113 1408 impietas,

165 1418 240 1458 „Et
255 1417 515 1461 flagitiosorum
533 1414 722 1449 hominum
738 1414 907 1448 amentia.

162 1468 256 1503 Nam
274 1469 311 1501 in
329 1475 427 1501 metu
443 1467 571 1500 mortis

164 1519 346 1565 Tyndaris
363 1519 492 1552 misera
510 1516 696 1550 clamavit:

114 1569 189 1607 825
218 1570 250 1604 O
269 1570 318 1603 fili
328 1597 344 1610 „
364 1582 439 1603 non
456 1569 541 1602 sacis
558 1568 615 1612 pia
628 1595 638 1608 ‚

164 1622 339 1655 Occidens
357 1627 454 1654 tuam
473 1626 638 1652 matrem.

163 1673 267 1712 Vide,
282 1685 340 1713 ne,
357 1672 475 1705 colens
487 1677 675 1715 paternam
691 1668 855 1713 gratiam,
873 1667 1112 1716 contrahasffl)

163 1723 352 1757 Infamiam
372 1729 595 1768 perpetuam.

493 1794 734 1845 [Epodus.]

165 1866 255 1911 Quis
271 1865 418 1898 morbus
429 1892 438 1905 ‚
468 1871 529 1898 aut
545 1876 636 1910 quae
651 1861 855 1908 lachrymae
867 1888 876 1902 ‚

115 1918 189 1952 830
215 1918 288 1950 Aut
303 1928 393 1961 quae
411 1915 655 1949 misericordia
674 1920 726 1947 est
742 1914 859 1947 maior
876 1913 913 1945 in
929 1919 1022 1946 terra
1036 1940 1045 1953 ‚

165 1968 284 2012 Quam
308 1967 384 2000 fieri
402 1965 620 1999 homicidam
640 1964 789 1998 matris?

165 2019 291 2064 Quali,
319 2018 416 2063 quali
433 2030 471 2051 re
487 2018 645 2050 confecta
653 2016 701 2064 ³⁸)

164 2069 313 2103 Insanus
328 2069 441 2103 factus
459 2075 510 2101 est
527 2068 641 2101 furiis.

162 2121 281 2155 Furiis
300 2127 449 2165 propter
465 2121 608 2153 caedem
626 2117 768 2151 venatio
788 2122 839 2150 est

1138 906 1141 937 Ι

1137 1138 1141 1171 Ι

147 2230 196 2258 35)
214 2229 305 2260 Magis
324 2228 462 2256 meretur]
483 2225 524 2251 sic
541 2225 627 2250 Editt.
649 2224 725 2250 1562.
737 2241 746 2256 ,
773 2225 873 2255 Barn.;
898 2223 948 2247 Ed.
966 2222 1042 2249 1558.
1060 2224 1111 2246 Est
1137 2218 1139 2256 j

182 2263 379 2295 praestantior.
1136 2262 1139 2294 j

148 2306 220 2338 35⁸)
239 2312 324 2330 saeva
341 2306 436 2334 manu]
455 2304 496 2328 his
514 2303 609 2329 verbis
627 2302 654 2326 iu
672 2302 723 2326 Ed.
740 2301 815 2327 1562.
843 2301 871 2325 in
896 2308 984 2332 marg.
1005 2301 1112 2326 adiecta
1137 2306 1139 2318 r

183 2343 226 2365 est
244 2342 311 2364 haee
328 2340 486 2364 annotatio:
518 2337 688 2370 .,7ιυριγενεῖ
706 2334 822 2369 παλάμᾳ
846 2337 918 2360 111an
938 2338 1050 2360 vertere
1068 2338 1111 2360 in-
1136 2319 1139 2369 ff

858 2371 965 2394 scilicet
984 2370 1109 2401 gladio.”

185 2408 303 2440 (Musgr.
323 2410 347 2432 h.
362 2409 380 2434 1,
398 2410 493 2431 habet:
519 2409 703 2431 instrumento
724 2406 786 2435 igne
805 2407 887 2435 uat03
908 2406 982 2429 Fix.:
1005 2406 1110 2429 ferrata
1135 2395 1138 2440 ι’

183 2449 278 2469 mann:
308 2444 388 2466 Bai-n.
409 2443 536 2466 retinuit:
563 2447 649 2465 saeva
667 2442 771 2468 manu).
1135 2445 1137 2449 ¹

151 2485 197 2512 36)
218 2485 284 2517 lam]
305 2486 344 2510 sie
363 2487 446 2510 Editt.
471 2486 559 2516 1562,
580 2486 679 2513 Barn,;
710 2484 759 2507 Ed.
776 2483 850 2506 1558.
870 2484 935 2507 Hoc.

150 2526 197 2558 37)
218 2528 303 2554 Vide.
335 2535 386 2559 ne,
416 2529 510 2552 colens
538 2529 678 2558 paternam
705 2526 840 2557 gratiam,
875 2526 1039 2554 contrahas]
1069 2526 1109 2549 sic
1134 2525 1136 2540 V

185 2562 268 2586 Editt.
284 2563 374 2592 πῖνε-3,,
400 2564 497 2591 narn„
517 2564 641 2590 musar..
660 2561 734 2587 Fixa:
767 2561 815 2584 Ed.
832 2561 906 2584 1556.
925 2561 983 2584 Non
1005 2561 1108 2584 honore

184 2596 308 2619 afficiens
326 2599 468 2626 paternam
488 2598 620 2627 gratiani,
639 2595 786 2619 contrahes
1132 2613 1134 2637 <¹

150 2636 197 2668 38)
219 2638 315 2668 Quini,
334 2639 405 2667 quali
420 2645 451 2662 re
465 2640 604 2668 confecta]
623 2638 664 2662 sic
675 2638 756 2661 Editt.
771 2638 855 2668 1562„
875 2639 969 2670 Barn.‚
984 2639 1106 2669 Musgr.;

183 2672 232 2696 Ed.
248 2673 321 2696 1558.
342 2673 472 2702 Qualem,
498 2674 604 2703 qualem
624 2679 680 2696 rein
701 2669 816 2696 fecisti?
1132 2670 1133 2675 ¹

183 2377 353 2403 strumento,
385 2375 456 2404 quod
482 2375 544 2401 igne
571 2375 614 2396 est
639 2373 826 2397 elaboratum,

1180 82 1382 117 ORESTlS
1414 82 1664 117 EURIPIDIS.
2083 84 2158 119 366

1167 166 1240 201 835
1268 167 1478 209 velocibus,
1505 168 1757 202 circumferens
1774 169 1896 202 oculos
1908 194 1917 208 ,

1212 219 1323 253 Filius
1339 219 1633 263 Agamemnonis.

1216 269 1249 301 O
1264 270 1390 310 miser,
1419 272 1562 314 quando
1585 270 1764 316 niatris³⁹)

1214 319 1267 352 Ex
1289 321 1422 353 auratis
1440 321 1594 354 vestibus

1217 370 1350 404 Videns
1369 383 1564 403 mammam
1584 376 1739 403 exertam
1753 396 1763 409 ‚

1167 420 1243 455 840
1268 420 1448 454 lntersecit
1473 428 1647 459 matrem,
1689 426 1693 430 ’

1218 470 1258 504 In
1274 473 1447 505 ultionem
1466 471 1608 516 paterni
1624 482 1734 504 casus.

1308 546 1532 595 [Elec-tra,
1569 546 1785 584 Nuntius,
1822 543 2020 592 Chorus]

1218 617 1308 649 Elec.
1334 615 1524 655 Mulieres,
1553 626 1597 646 an
1618 613 1739 658 aliquo
1757 612 1844 645 abiit
1859 613 1902 645 ab
1920 612 1974 646 his
1993 614 2138 647 aedibus

1219 667 1329 699 Miser
1348 666 1509 705 Orestes,
1536 665 1649 697 victus
1673 663 1844 697 divinitus
1863 664 2018 698 immissa
2040 664 2164 697 rabie?

1220 719 1318 752 Ghor.
1345 717 1427 751 *Xon
1439 743 1448 757 ,
1475 718 1535 750 sed
1551 716 1650 748 vadit
1666 716 1710 748 ad
1728 715 1901 759 populum
1918 715 2092 759 Argivum
2104 742 2113 756 ‚

1138 765 1140 767 ¹
1169 767 1244 802 845
1272 768 1324 801 De
1341 768 1412 800 vita
1432 767 1656 812 propositum
1679 773 1858 799 certamen

1219 818 1467 863 Obiturus⁴¹⁰),
1491 819 1527 851 in
1547 830 1618 864 quo
1640 824 1782 862 oportet
1798 830 1861 850 vos
1887 817 2002 857 mori,
2031 823 2092 850 aut
2115 817 2166 850 vi-

1582 881 1677 902 vere.

1218 922 1308 954 Elec.
1335 920 1403 953 Hei
1417 918 1519 960 mihi,
1547 920 1633 965 quid
1650 919 1745 959 fecit,
1772 919 1850 964 quis
1868 919 2044 964 persuasit
2061 918 2166 952 eum?

1221 973 1319 1006 Ghor.
1346 972 1516 1017 Pyladem
1546 972 1605 1004 sed
1622 971 1762 1003 videtur
1779 971 1843 1004 iste
1861 970 2007 1004 nuntius
2027 971 2097 1003 cito

1219 1022 1407 1062 Dicturus,
1434 1023 1519 1068 quid
1539 1023 1584 1055 sit
1600 1022 1648 1054 ibi
1665 1022 1795 1054 factum
1815 1023 1856 1054 de
1874 1028 1935 1054 tuo
1952 1023 2073 1055 fratre.

1137 1108 1141 1129 1
1169 1071 1243 1108 850
1271 1076 1365 1107 Nun.
1394 1073 1593 1112 Omisera,
1622 1085 1641 1105 o
1660 1073 1781 1105 infelix
1799 1073 1897 1106 ducis

1217 1125 1500 1169 Agamemnonis
1533 1124 1626 1163 filia,
1669 1124 1873 1156 veneranda
1899 1122 2060 1164 Electra,
2095 1135 2167 1158 ser-

1581 1187 1706 1208 mones

1217 1226 1330 1266 Audi,
1359 1239 1448 1271 quos
1469 1226 1626 1259 infelices
1645 1226 1708 1258 tihi
1726 1226 1843 1259 ferens
1862 1225 2026 1259 advenio.

1220 1279 1310 1312 Elec.
1347 1277 1434 1318 Hei,
1469 1275 1549 1317 hei,
1580 1277 1757 1321 perimus,
1797 1277 1972 1320 significas
1995 1274 2061 1309 hac
2088 1288 2167 1309 ora-

1582 1328 1692 1361 tione.

1219 1379 1309 1412 Nam
1322 1406 1331 1418 ,
1358 1385 1397 1412 ut
1415 1379 1576 1418 videtur,
1603 1379 1702 1412 venis
1718 1379 1865 1412 nuntius
1880 1379 2071 1412 malorum.

1169 1429 1243 1464 855
1271 1433 1365 1464 IVun.
1410 1430 1555 1462 Calculo
1583 1429 1822 1473 Argivorum,
1862 1436 1902 1462 ut
1933 1430 2167 1463 interficiatur

1587 1487 1668 1514 tuus
1685 1482 1795 1513 frater
1806 1507 1815 1520 ,

1218 1532 1264 1565 Et
1281 1538 1319 1564 tu
1332 1558 1340 1571 ‚
1369 1544 1389 1564 o
1407 1531 1556 1571 misera,
1583 1538 1755 1565 statutum
1774 1537 1825 1564 est
1841 1529 1961 1566 hodie.

1219 1584 1309 1616 Elec.
1337 1583 1404 1615 Hei
1423 1580 1532 1623 mihi,
1560 1583 1659 1616 veuit
1677 1582 1853 1628 spes¹⁴⁰³),
1880 1594 1988 1628 quam
2006 1589 2167 1617 metuens

1217 1634 1313 1667 Olim
1326 1660 1335 1674 ,
1362 1640 1510 1678 propter
1525 1635 1644 1667 futura
1663 1635 1953 1667 contabescebam
1969 1635 2077 1669 luctu.

1218 1685 1287 1718 Sed
1314 1686 1411 1730 quod
1436 1691 1633 1725 certamen,
1669 1698 1760 1731 quae
1782 1687 1963 1719 orationes
1984 1685 2078 1718 inter
2099 1685 2167 1718 Ar-

1581 1749 1680 1780 givos

1167 1787 1242 1821 860
1268 1786 1544 1820 Damnaverunt
1559 1800 1643 1828 nos,
1671 1794 1704 1820 et
1717 1788 1925 1832 suffragium
1947 1789 2107 1822 tulerunt
2123 1789 2166 1822 de

1582 1838 1724 1872 morte?

1217 1888 1303 1929 Dic,
1332 1901 1352 1921 o
1369 1901 1494 1930 senex,
1522 1895 1643 1923 utrum
1662 1890 1844 1934 lapidante
1863 1903 1995 1931 manu,

1217 1941 1274 1974 An
1292 1952 1356 1984 per
1372 1941 1506 1974 ferrum
1525 1948 1668 1984 oportet
1682 1954 1738 1974 me
1758 1942 1972 1986 abrumpere
1987 1941 2166 1986 spiritum,

1216 1991 1415 2023 Habentem
1429 1992 1666 2025 calamitatem
1686 2005 1764 2025 cum
1784 1993 1894 2025 fratre
1912 1992 2165 2027 communem?

1216 2045 1311 2076 Nun.
1338 2041 1449 2075 Eram
1468 2055 1509 2076 ex
1528 2056 1613 2087 agro
1631 2044 1724 2076 intra
1742 2043 1919 2091 portas²¹¹)

1168 2092 1243 2127 865
1270 2093 1431 2134 Vadens,
1460 2095 1583 2127 volens
1603 2095 1727 2128 audire
1746 2097 1787 2128 de
1806 2101 1840 2128 te

1217 2144 1263 2178 Et
1287 2146 1328 2177 de
1349 2144 1487 2180 Oreste.
1539 2146 1632 2180 Nam
1661 2158 1742 2190 erga
1768 2153 1867 2180 tuum
1895 2153 2033 2190 patrem
2057 2147 2164 2179 bene-

1579 2197 1773 2230 volentiam

1199 2335 1248 2363 39)
1267 2335 1289 2359 Ο
1308 2334 1410 2365 miser,
1429 2334 1537 2364 quando
1556 2335 1668 2363 matris]
1687 2334 1726 2358 sie
1740 2335 1824 2358 Editt.
1839 2334 1924 2365 1562„
1943 2336 2037 2365 narn„
2056 2338 2162 2368 Musgr.

1236 2369 1329 2401 (Fix.:
1349 2369 1371 2393 0
1390 2369 1490 2397 miser,
1509 2369 1606 2392 matris
1626 2370 1767 2400 quando);
1790 2370 1841 2395 Ed.
1857 2371 1931 2396 1558.
1952 2372 1974 2395 0
1993 2372 2079 2403 miser
2095 2378 2162 2402 pro-

1233 2406 1295 2434 pter
1313 2405 1444 2434 matrem,
1464 2403 1571 2433 quando

1198 2448 1245 2475 40)
1267 2446 1428 2475 obitui-usq
1456 2445 1496 2469 sic
1513 2445 1599 2471 Editt.
1621 2445 1712 2478 1562„
1737 2446 1841 2479 Barn.‚
1865 2448 1988 2479 Musgr.,
2012 2448 2090 2479 Fix.;
2111 2450 2160 2474 Ed.

1234 2482 1308 2506 1558.
1327 2481 1513 2511 Redditurus‚

1198 2524 1267 2556 40⁸)
1289 2525 1369 2554 spes]
1389 2523 1451 2546 huic
1469 2522 1530 2546 voci
1550 2522 1578 2545 in
1591 2523 1642 2549 Ed.
1656 2523 1730 2548 1562.
1750 2524 1890 2555 adscripta
1908 2527 1951 2549 est
1970 2527 2036 2550 nota
2054 2532 2158 2557 marg:

1231 2560 1287 2590 „td
1307 2560 1366 2585 est,
1401 2559 1499 2581 metus.
1531 2557 1634 2588 virgil.
1667 2559 1744 2583 Hunc
1763 2566 1815 2590 ego
1834 2560 1858 2583 si
1877 2561 1982 2585 tantum
2000 2561 2076 2591 potui
2094 2568 2159 2591 spe-

1233 2600 1297 2616 rare
1315 2589 1473 2617 dolorem.¹’
1498 2591 1591 2622 (vag.
1610 2593 1679 2618 Aen.
1696 2593 1745 2624 lv,
1764 2593 1849 2625 419.).

1196 2635 1243 2667 41)
1264 2636 1354 2659 intra-
1374 2636 1466 2663 ortas]
1483 2634 1522 2657 sie
1539 2635 1718 2663 Ednt.1558.,
1740 2638 1833 2668 Bam„
1852 2639 1957 2669 Musgr,
1977 2638 2083 2670 (Eurip.
2102 2645 2158 2662 πυ-

1231 2669 1287 2693 Mu
1306 2669 1359 2694 ἔσω
1383 2677 1391 2698 3
1411 2669 1459 2693 Ed.
1476 2669 1549 2693 1562.
1569 2669 1641 2692 inter
1660 2672 1765 2699 portas,
