2373 2980
91 65 162 100 941
554 59 658 94 LXX.

91 149 140 185 75
169 151 281 183 Terra
301 159 431 187 essem,
457 144 524 179 hoc
539 158 624 180 saxo
644 152 737 180 recte
755 147 847 180 iacto

142 202 377 235 Interficerem
410 205 463 239 te,
501 204 540 231 ut
568 203 715 242 propter
737 199 890 232 formam
916 198 1084 241 Helenae,

498 249 645 295 filiae¹¹)
664 248 777 290 Iovis,
805 250 1007 285 morereris.

140 305 215 338 Hel.
252 303 392 348 Quare,
438 315 458 335 o
487 301 614 341 miser,
657 301 816 347 quisquis
850 315 904 342 es,
947 314 1003 335 me
1035 301 1084 335 sic

500 351 739 392 abominaris,

139 405 183 438 Et
202 417 257 438 me
275 411 424 451 propter
439 404 533 437 illius
550 403 787 437 calamitatem
808 404 938 438 odisti?

142 460 220 491 Teu.
256 456 405 496 Erravi,
456 461 490 488 et
511 453 596 487 cessi
621 454 695 487 irae
719 456 847 499 magis,
890 467 998 501 quam
1027 467 1082 488 me

499 504 670 549 oportuit.

89 560 136 593 80
163 559 255 592 Tota
279 557 428 592 Graecia
448 556 523 589 odit
540 556 649 589 filiam
667 555 772 590 Iovis.

136 609 280 654 Ignosce
297 607 405 648 mihi,
434 607 581 648 mulier,
610 609 706 653 quod
724 606 811 641 haec
827 607 911 641 dixi.

136 663 210 695 Hel.
239 660 327 706 Quis
346 659 405 694 es?
431 660 525 693 unde
541 659 669 692 venisti
685 659 728 702 in,
741 657 833 692 hanc
849 657 1008 692 terram?

141 715 220 746 Tea.
249 712 334 746 Sum
351 724 443 745 unus
460 723 500 743 ex
520 710 658 744 miseris
676 710 839 750 Graecis,
869 722 888 742 o
906 709 1046 742 mulier.

136 766 210 797 Hel.
246 763 328 797 Non
354 763 462 807 igitur
486 761 692 795 mirandum
717 767 786 801 est,
827 761 856 795 si
880 760 985 794 odisti
1011 759 1080 792 He-

502 813 632 846 lenam.

85 865 134 900 85
160 865 293 899 Verum
317 865 395 911 quis
418 864 478 898 cs?
506 863 624 896 unde?
652 862 775 896 cuius?
805 868 944 906 oportet
970 868 1002 894 te
1029 860 1080 893 di-

496 926 585 948 cere.

140 971 219 1002 Teu.
248 968 387 1001 Teucer
403 964 490 999 mihi
514 977 648 998 nomen
674 971 743 1004 est3
779 970 897 1008 pater,
935 963 995 1009 qui
1023 976 1080 1007 ge-

493 1016 592 1056 nuit,

134 1070 329 1107 Telamon3
356 1068 471 1113 patria
484 1066 646 1107 Salamis,
663 1066 699 1098 in
717 1078 786 1111 qua
804 1078 880 1099 sum
900 1066 1079 1098 educatus.

132 1122 208 1155 Hel.
237 1121 357 1166 Quare
374 1119 473 1153 venis
490 1119 535 1151 ad
554 1130 657 1162 agros
674 1116 773 1151 Nili?

135 1175 216 1207 Teu.
243 1171 335 1205 Exul
354 1171 475 1215 pulsus
493 1182 569 1202 sum
590 1181 630 1201 ex
652 1168 780 1212 patria.

83 1223 131 1258 90
158 1224 233 1257 Hel.
261 1223 409 1257 Necesse
435 1227 484 1253 est
511 1227 543 1252 te
566 1221 735 1253 miserum
760 1230 850 1256 esse;
880 1218 958 1263 quis
977 1218 1076 1251 eiecit

494 1278 526 1303 te
544 1284 560 1303 e
579 1269 720 1314 patria?

137 1327 217 1358 Teu.
252 1324 447 1363 Telamon,
481 1322 541 1367 qui
567 1334 622 1354 me
650 1321 790 1365 genuit3
832 1333 937 1366 quem
972 1319 1076 1353 habe-

492 1385 567 1405 rem
578 1373 623 1417 12)
645 1370 869 1404 chariorem?

134 1425 265 1471 Hel.¹³)
303 1424 420 1469 Quam
450 1423 494 1456 ob
519 1422 689 1457 causam?
729 1423 788 1455 illa
819 1435 873 1455 res
904 1429 954 1455 est
987 1423 1076 1455 cala-

491 1481 630 1508 rmtosa.

135 1530 214 1562 Teu.
249 1526 359 1565 Aiax,
394 1526 504 1558 frater
528 1538 649 1564 meus,
688 1524 844 1568 perdidit
871 1537 947 1564 me,
982 1537 1075 1557 mor-

501 1582 581 1610 tuus
600 1577 636 1608 in
655 1576 778 1609 Troia.

130 1630 204 1664 Hel.
225 1626 443 1673 Quomodo?
471 1639 516 1659 an
534 1633 594 1660 tuo
611 1627 728 1671 gladio
746 1628 866 1671 privas
883 1640 962 1660 eum
981 1627 1075 1660 vita?

82 1681 131 1718 95
170 1684 251 1715 Teu.
294 1679 410 1713 Saltus
441 1679 477 1711 in
508 1679 695 1723 proprium
731 1679 887 1723 gladium
922 1678 1075 1722 perdidit

491 1729 620 1774 ipsum.

131 1784 204 1817 Hel.
231 1780 471 1816 Insanumne?
499 1793 581 1814 nam
600 1783 678 1827 quis
694 1782 825 1814 faceret
839 1778 925 1814 haec
943 1780 1073 1815 sanus?

134 1837 214 1869 Teu.
243 1833 383 1868 Novisti
397 1830 591 1873 Achillem,
618 1834 729 1867 filium
748 1832 866 1866 Pelei?

129 1887 204 1920 Hel.
237 1885 442 1931 Aliquando
469 1885 567 1917 venit
592 1897 721 1929 procus
749 1885 923 1924 Helenae,
958 1890 997 1917 ut
1021 1884 1072 1917 di-

493 1935 594 1969 citur.

132 1990 210 2022 Teu.
245 1986 276 2021 Is
302 1994 465 2021 mortuus
490 1987 636 2032 reliquit
660 1993 840 2020 certamen
868 1986 971 2020 sociis
1001 1986 1071 2021 suis

488 2039 530 2071 de
552 2038 671 2071 armis.

80 2090 150 2125 100
177 2091 252 2124 Hel.
280 2089 401 2134 Quare
421 2087 488 2122 hoe
503 2089 569 2122 suit
588 2089 721 2122 malum
739 2088 864 2121 Aiaci?

129 2144 208 2176 Teu.
238 2141 328 2175 Cum
347 2141 436 2174 alius
454 2140 587 2185 potitus
607 2147 695 2174 esset
711 2141 839 2180 armis,
875 2140 948 2184 ipse
974 2153 1069 2173 mor—

483 2198 564 2226 tuus
586 2199 648 2226 est.

123 2246 197 2278 Hel.
225 2243 333 2277 Doles
350 2249 387 2276 tu
408 2250 556 2287 propter
571 2243 680 2288 ipsius
699 2242 881 2276 erratum?

127 2298 207 2329 Teu.
236 2295 430 2339 Propterea
448 2296 545 2340 quod
562 2307 635 2328 non
653 2307 722 2328 una
742 2307 821 2327 cum
839 2307 880 2327 eo
899 2294 1000 2337 perii.

122 2348 195 2382 Hel.
224 2345 372 2386 Venisti,
402 2358 421 2378 o
437 2343 578 2391 hospes,
605 2348 650 2380 ad
667 2346 834 2391 inclytam
852 2346 976 2379 urbem
990 2344 1066 2377 Ilii?
1093 2355 1094 2362 ¹

105 2501 151 2530 11)
169 2499 256 2528 filiae]
275 2499 315 2522 sie
329 2499 428 2527 Barth,
450 2497 554 2528 Mnsgr.
571 2500 616 2526 (z
631 2498 723 2528 Eurip.
742 2495 852 2527 κόρης);
883 2496 966 2520 Editt.
981 2496 1064 2525 1558,
1090 2530 1091 2533 Ἰ

139 2535 215 2560 1562.
234 2534 302 2558 filia.

105 2585 151 2617 12)
170 2586 312 2614 haberem]
344 2584 385 2607 sio
413 2583 497 2607 Editt.
526 2583 617 2614 1558,
651 2583 740 2614 1562.;
776 2585 897 2614 Musgr.:
933 2582 1063 2611 habeam3

137 2622 234 2644 Barn.:
260 2620 391 2649 haberes,
417 2618 492 2643 Fix.:
519 2618 618 2641 habere
639 2618 730 2648 possis
751 2618 859 2649 (Eut-ip.
879 2614 915 2641 (ἲν
933 2614 1026 2648 ἔχοις).

104 2671 150 2704 13)
171 2670 247 2703 ΗΘΜ
266 2671 293 2695 in
311 2670 360 2696 Ed.
377 2669 451 2694 ¹562.
471 2669 557 2693 deest.

722 59 1120 99 INTERPRETATIO
1155 64 1378 100 HELENAE
1412 65 1661 100 EURIPIDIS.

2056 70 2129 106 942

1142 151 1213 186 105
1244 155 1325 186 Teu,
1353 152 1397 186 Et
1418 154 1563 199 quidem
1588 152 1693 186 simul
1718 165 1941 199 expugnans,
1982 154 2130 189 vicissim

1547 216 1648 248 pern.

1188 256 1263 289 Hel.
1292 254 1413 288 Iamne
1433 255 1573 289 incensa
1592 262 1626 288 et
1644 256 1756 289 deleta
1777 263 1827 290 est
1844 257 1940 300 igni?

1192 308 1270 339 Teu.
1299 305 1371 346 Ita,
1400 313 1439 340 ut
1458 319 1572 352 neque
1592 307 1777 351 vestigium
1802 308 1948 354 aliquod
1975 309 2131 342 moenio-

1546 370 1625 391 rum
1646 365 1828 403 appareat.

1305 406 1338 439 Ο
1372 408 1497 441 misera
1534 408 1666 442 Helena
1680 435 1689 449 ,
1736 416 1884 454 propter
1917 417 1948 442 te
1982 417 2133 455 pereunt

1550 458 1720 504 Phryges.

1191 510 1271 542 Teu.
1307 507 1352 541 Et
1376 515 1558 552 praeterea
1585 510 1728 544 Graeci:
1766 524 1894 556 magna
1923 513 2016 545 mala
2043 512 2131 544 acci-

1546 562 1686 595 derunt.

1139 610 1210 644 110
1237 611 1313 643 Hel.
1342 610 1525 655 Quamdiu
1542 619 1748 656 oppugnata
1766 620 1816 646 est
1831 614 1939 648 urbs?

1190 663 1269 694 Teu.
1306 661 1424 706 Prope
1459 670 1593 707 septem
1622 664 1772 698 circulos
1798 665 1985 708 frugiferos
2020 677 2129 697 anno-

1544 726 1637 747 rum.

1184 763 1260 795 Hel.
1297 762 1479 807 Quamdiu
1514 764 1654 810 reliquo
1687 771 1846 810 tempore
1882 766 2060 800 mansistis
2096 766 2130 798 in

1547 815 1686 849 Troia?

1190 867 1270 898 Teu.
1299 864 1422 899 Multis
1442 867 1639 907 mensibus,
1663 867 1781 900 decem
1804 880 1928 902 annos.

1184 916 1260 949 Hel.
1286 915 1342 948 An
1360 916 1498 960 cepistis
1516 918 1701 951 mulierem
1721 918 1961 963 Spartanam?

1141 965 1208 1000 115
1240 969 1319 1000 Teu.
1344 967 1528 1002 Menelaus
1543 981 1620 1002 eam
1639 971 1796 1010 abduxit,
1816 968 2001 1004 retrahens
2017 982 2130 1003 coma.

1183 1019 1256 1051 Hel.
1294 1017 1469 1052 Vidistine
1495 1026 1531 1053 tu
1563 1020 1730 1053 miseram
1766 1022 1884 1063 illam,
1928 1034 1973 1054 an
2005 1032 2130 1054 narras

1544 1077 1685 1105 tantum
1707 1073 1855 1107 audita?

1188 1123 1265 1154 Teu.
1288 1119 1385 1155 Sicut
1403 1128 1435 1155 te
1451 1121 1521 1154 iam
1538 1123 1626 1156 meis
1645 1124 1755 1159 oculis
1773 1137 1892 1165 cerno,
1908 1136 1983 1157 non
1999 1123 2129 1158 minus.

1183 1173 1259 1206 Hel.
1295 1171 1439 1213 Videte,
1473 1186 1518 1206 ne
1544 1171 1740 1210 habueritis
1762 1177 1886 1210 falsam
1914 1188 1933 1209 a
1951 1175 2028 1209 Diis
2053 1175 2129 1220 opi-

1546 1225 1705 1259 nionem.

1185 1277 1264 1308 Teu.
1293 1273 1504 1321 Loquamur
1532 1277 1574 1309 de
1600 1277 1667 1310 alia
1693 1289 1751 1317 re,
1792 1290 1865 1311 non
1891 1281 1934 1313 de
1963 1277 2029 1312 hac
2054 1292 2127 1312 am-

1544 1328 1647 1372 plius.

1134 1378 1205 1412 120
1232 1378 1308 1410 Hel.
1334 1377 1425 1411 Tam
1448 1384 1579 1411 certam
1599 1379 1807 1423 opinionem
1824 1381 2055 1416 existimatis?

1184 1431 1264 1461 Teu.
1291 1427 1368 1472 Ipse
1387 1430 1480 1461 enim
1500 1430 1587 1463 meis
1606 1431 1715 1464 oculis
1731 1431 1817 1472 vidi,
1835 1439 1868 1466 et
1885 1446 1985 1467 mens
2002 1433 2126 1468 cernit.

1180 1481 1254 1513 Hel.
1281 1479 1344 1513 Est
1362 1480 1545 1514 Menelaus
1570 1481 1640 1514 iam
1660 1482 1758 1515 domi
1776 1496 1855 1517 cum
1874 1487 2022 1529 coniuge
2040 1485 2126 1518 sua?

1185 1533 1264 1565 Teu.
1275 1530 1319 1577 14)
1347 1531 1471 1577 Neque
1498 1533 1533 1565 in
1547 1532 1652 1577 Argis
1677 1540 1746 1575 est,
1781 1548 1897 1581 neque
1923 1537 1968 1569 ad
1993 1536 2123 1570 fluenta

1541 1583 1710 1618 Eurotae.

1180 1634 1255 1667 Hel.
1291 1633 1388 1673 Heu,
1425 1631 1513 1674 heu,
1557 1636 1693 1669 malum
1717 1637 1822 1678 dicis,
1861 1638 1906 1671 ad
1930 1651 2019 1684 quos
2045 1652 2123 1683 per-

1539 1686 1695 1733 tinet¹⁵).

1135 1734 1201 1771 [25
1233 1738 1313 1769 Teu.
1330 1734 1423 1780 Quia
1440 1735 1496 1768 ille
1511 1737 1640 1771 dicitur
1656 1745 1817 1773 mortuus
1831 1752 1909 1773 cum
1927 1753 2036 1775 uxore
2049 1754 2124 1777 sua.

1177 1788 1253 1821 Hel.
1288 1788 1345 1820 An
1369 1799 1442 1820 non
1469 1795 1544 1821 erat
1571 1790 1736 1825 omnibus
1759 1791 1904 1826 Graecis
1932 1793 2026 1826 idem
2051 1800 2123 1827 tra-

1542 1840 1676 1875 iectus?

1180 1892 1259 1923 Teu.
1287 1888 1393 1927 Erat;
1421 1891 1481 1922 sed
1498 1896 1688 1936 tempestas
1707 1893 1777 1927 alio
1794 1893 1903 1927 alium
1921 1895 2054 1930 reiecit.

1177 1942 1252 1975 Hel.
1280 1939 1317 1973 In
1338 1953 1409 1986 quo
1426 1941 1503 1974 Ioco
1522 1943 1656 1977 maris?

1180 1995 1259 2026 Teu.
1288 1992 1564 2028 Traiicientihus
1582 1995 1736 2028 medium
1756 1995 1935 2040 Aegaeum
1959 2009 2069 2031 mare.

1128 2044 1200 2078 130
1227 2045 1302 2078 Hel.
1318 2043 1362 2076 Et
1381 2056 1487 2078 nemo
1506 2059 1545 2078 ex
1562 2044 1628 2079 hoc
1643 2047 1756 2087 novit,
1780 2060 1851 2092 quo
1868 2048 2117 2095 perveneritffi)

1535 2097 1744 2131 Menelaus?

1178 2148 1257 2178 Teu.
1285 2145 1420 2186 Nem0;
1447 2148 1540 2181 fama
1561 2156 1630 2189 est,
1660 2162 1740 2182 eum
1758 2156 1939 2183 mortuum
1958 2163 2031 2185 esse
2052 2163 2116 2195 per

1532 2201 1731 2234 Graeciam.

1173 2248 1247 2280 Hel.
1275 2246 1388 2287 Perii3
1417 2258 1621 2294 superestne
1641 2250 1804 2284 Thestias
1821 2251 1963 2295 puella?

1176 2301 1254 2332 Teu.
1280 2298 1413 2332 Ledam
1430 2301 1542 2335 dicis?
1570 2309 1684 2335 morte
1704 2301 1820 2346 periit.

1170 2351 1244 2383 Hel.
1272 2350 1364 2384 Nun]
1385 2364 1461 2383 eain
1482 2354 1636 2396 perdidit
1652 2354 1743 2386 mala
1760 2354 1853 2385 fama
1871 2352 2052 2386 Helenae?

1123 2399 1192 2434 135
1213 2404 1291 2435 Teu.
1310 2401 1421 2435 Aiunt
1433 2403 1561 2449 laqueo
1577 2405 1730 2449 attigisse
1744 2416 1954 2449 generosum
1970 2405 2111 2439 collum.

1187 407 1260 439 Hel.

1153 2534 1198 2561 14)
1218 2534 1299 2563 Teu]
1319 2537 1368 2562 Ed,
1386 2539 1459 2562 ¹562.
1479 2540 1564 2563 male:
1595 2541 1656 2564 Hel.

1151 2584 1195 2613 15)
1215 2586 1249 2608 ad
1269 2593 1336 2616 quos
1354 2588 1488 2618 pertinet]
1508 2590 1549 2614 sic
1567 2591 1615 2614 Ed.
1632 2593 1724 2619 ¹558.:
1756 2593 1804 2618 Ed.
1826 2593 1900 2618 1562.
1920 2593 1954 2617 ad
1973 2599 2024 2617 nos
2044 2600 2106 2623 per·
2130 2612 2133 2619 .

1185 2620 1268 2651 tinet3
1288 2622 1371 2647 Editt.
1387 2625 1505 2649 recent.:
1525 2625 1620 2654 quibus
1635 2627 1733 2650 malum
1748 2628 1799 2651 hoc
1812 2628 1880 2650 dicis
1896 2626 1943 2651 t:
1958 2629 2022 2651 text.
2040 2628 2105 2659 gn).

1087 2669 1089 2693 i
1151 2670 1197 2697 16)
1216 2671 1387 2704 pervenerit]
1409 2673 1457 2697 Ed.
1479 2674 1554 2699 ¹562.
1574 2676 1671 2700 mendo
1691 2678 1819 2708 typogr.:
1847 2678 2012 2708 peruneerit.
