<?xml version="1.0" encoding="UTF-8"?>
<!DOCTYPE html PUBLIC "-//W3C//DTD XHTML 1.0 Transitional//EN"
    "http://www.w3.org/TR/xhtml1/DTD/xhtml1-transitional.dtd">
<html xmlns="http://www.w3.org/1999/xhtml" xml:lang="en" lang="en">
 <head>
  <title>
</title>
<meta http-equiv="Content-Type" content="text/html;charset=utf-8" />
  <meta name='ocr-system' content='tesseract 3.04.00' />
  <meta name='ocr-capabilities' content='ocr_page ocr_carea ocr_par ocr_line ocrx_word'/>
</head>
<body>
  <div class='ocr_page' id='page_1' title='image "./operaquaesupersu18melauoft/operaquaesupersu18melauoft_0106.png"; bbox 0 0 2373 2980; ppageno 0'>
   <div class='ocr_carea' id='block_1_1' title="bbox 182 98 252 130">
    <p class='ocr_par' dir='ltr' id='par_1_1' title="bbox 182 98 252 130">
     <span class='ocr_line' id='line_1_1' title="bbox 182 98 252 130; baseline 0 0"><span class='ocrx_word' id='word_1_1' title='bbox 182 98 252 130; x_wconf 88' lang='lat'>187</span> 
     </span>
    </p>
   </div>
   <div class='ocr_carea' id='block_1_2' title="bbox 169 179 1169 2311">
    <p class='ocr_par' dir='ltr' id='par_1_2' title="bbox 176 179 1169 276">
     <span class='ocr_line' id='line_1_2' title="bbox 176 179 1169 223; baseline -0.002 -9"><span class='ocrx_word' id='word_1_2' title='bbox 176 182 309 220; x_wconf 82' lang='lat' dir='ltr'>secere,</span> <span class='ocrx_word' id='word_1_3' title='bbox 333 186 372 213; x_wconf 90' lang='lat' dir='ltr'>ut</span> <span class='ocrx_word' id='word_1_4' title='bbox 391 180 427 212; x_wconf 90' lang='lat' dir='ltr'>in</span> <span class='ocrx_word' id='word_1_5' title='bbox 444 179 612 213; x_wconf 84' lang='lat' dir='ltr'>Helicone</span> <span class='ocrx_word' id='word_1_6' title='bbox 631 179 853 212; x_wconf 78' lang='lat' dir='ltr'>adservarint</span> <span class='ocrx_word' id='word_1_7' title='bbox 874 179 911 212; x_wconf 90' lang='lat' dir='ltr'>in</span> <span class='ocrx_word' id='word_1_8' title='bbox 936 179 1085 223; x_wconf 87' lang='lat' dir='ltr'>plumbo</span> <span class='ocrx_word' id='word_1_9' title='bbox 1109 180 1169 212; x_wconf 91' lang='lat' dir='ltr'>de-</span> 
     </span>
     <span class='ocr_line' id='line_1_3' title="bbox 176 233 505 276; baseline -0.006 -10"><span class='ocrx_word' id='word_1_10' title='bbox 176 233 345 276; x_wconf 85' lang='lat' dir='ltr'>scriptum</span> <span class='ocrx_word' id='word_1_11' title='bbox 365 243 505 275; x_wconf 85' lang='lat' dir='ltr'>poema.</span> 
     </span>
    </p>

    <p class='ocr_par' dir='ltr' id='par_1_3' title="bbox 169 280 1168 1231">
     <span class='ocr_line' id='line_1_4' title="bbox 277 280 1167 327; baseline 0.001 -13"><span class='ocrx_word' id='word_1_12' title='bbox 277 282 456 314; x_wconf 75' lang='lat' dir='ltr'><strong>Hactenus</strong></span> <span class='ocrx_word' id='word_1_13' title='bbox 492 282 535 313; x_wconf 86' lang='lat' dir='ltr'>de</span> <span class='ocrx_word' id='word_1_14' title='bbox 575 280 690 324; x_wconf 87' lang='lat' dir='ltr'>prima</span> <span class='ocrx_word' id='word_1_15' title='bbox 723 280 966 327; x_wconf 78' lang='lat' dir='ltr'>Hesiodici⁹⁶)</span> <span class='ocrx_word' id='word_1_16' title='bbox 1000 281 1167 315; x_wconf 81' lang='lat' dir='ltr'>carminis</span> 
     </span>
     <span class='ocr_line' id='line_1_5' title="bbox 175 330 1166 378; baseline -0.002 -12"><span class='ocrx_word' id='word_1_17' title='bbox 175 339 287 377; x_wconf 83' lang='lat' dir='ltr'>parte.</span> <span class='ocrx_word' id='word_1_18' title='bbox 339 331 522 365; x_wconf 83' lang='lat' dir='ltr'>Posterior</span> <span class='ocrx_word' id='word_1_19' title='bbox 538 344 666 375; x_wconf 87' lang='lat' dir='ltr'>magna</span> <span class='ocrx_word' id='word_1_20' title='bbox 689 344 731 365; x_wconf 87' lang='lat' dir='ltr'>ex</span> <span class='ocrx_word' id='word_1_21' title='bbox 754 338 855 376; x_wconf 86' lang='lat' dir='ltr'>parte</span> <span class='ocrx_word' id='word_1_22' title='bbox 883 330 1078 378; x_wconf 73' lang='grc' dir='ltr'>φυσικὴ97)</span> <span class='ocrx_word' id='word_1_23' title='bbox 1103 338 1166 372; x_wconf 88' lang='lat' dir='ltr'>est,</span> 
     </span>
     <span class='ocr_line' id='line_1_6' title="bbox 174 383 1167 427; baseline 0 -11"><span class='ocrx_word' id='word_1_24' title='bbox 174 385 216 416; x_wconf 77' lang='lat' dir='ltr'>de</span> <span class='ocrx_word' id='word_1_25' title='bbox 251 389 378 415; x_wconf 86' lang='lat' dir='ltr'>natura</span> <span class='ocrx_word' id='word_1_26' title='bbox 411 389 526 415; x_wconf 88' lang='lat' dir='ltr'>terrae</span> <span class='ocrx_word' id='word_1_27' title='bbox 557 394 597 415; x_wconf 88' lang='lat' dir='ltr'>ac</span> <span class='ocrx_word' id='word_1_28' title='bbox 620 383 784 426; x_wconf 80' lang='lat' dir='ltr'>frugum,</span> <span class='ocrx_word' id='word_1_29' title='bbox 819 383 862 416; x_wconf 91' lang='lat' dir='ltr'>de</span> <span class='ocrx_word' id='word_1_30' title='bbox 886 383 1167 427; x_wconf 80' lang='lat' dir='ltr'>tempestatibus,</span> 
     </span>
     <span class='ocr_line' id='line_1_7' title="bbox 173 432 1167 478; baseline 0 -11"><span class='ocrx_word' id='word_1_31' title='bbox 173 436 215 467; x_wconf 84' lang='lat' dir='ltr'>de</span> <span class='ocrx_word' id='word_1_32' title='bbox 231 434 387 466; x_wconf 77' lang='lat' dir='ltr'>siderum</span> <span class='ocrx_word' id='word_1_33' title='bbox 411 432 587 473; x_wconf 82' lang='lat' dir='ltr'>motibus,</span> <span class='ocrx_word' id='word_1_34' title='bbox 622 445 776 478; x_wconf 88' lang='lat' dir='ltr'>quarum</span> <span class='ocrx_word' id='word_1_35' title='bbox 801 445 921 467; x_wconf 90' lang='lat' dir='ltr'>rerum</span> <span class='ocrx_word' id='word_1_36' title='bbox 946 433 1167 477; x_wconf 78' lang='lat' dir='ltr'>perliberalis</span> 
     </span>
     <span class='ocr_line' id='line_1_8' title="bbox 173 482 1167 526; baseline 0 -9"><span class='ocrx_word' id='word_1_37' title='bbox 173 491 206 517; x_wconf 86' lang='lat' dir='ltr'>et</span> <span class='ocrx_word' id='word_1_38' title='bbox 239 484 392 517; x_wconf 89' lang='lat' dir='ltr'>iucunda</span> <span class='ocrx_word' id='word_1_39' title='bbox 427 483 583 526; x_wconf 86' lang='lat' dir='ltr'>cognitio</span> <span class='ocrx_word' id='word_1_40' title='bbox 615 490 678 518; x_wconf 89' lang='lat' dir='ltr'>est.</span> <span class='ocrx_word' id='word_1_41' title='bbox 739 484 831 518; x_wconf 77' lang='lat' dir='ltr'>Nam</span> <span class='ocrx_word' id='word_1_42' title='bbox 865 497 944 517; x_wconf 93' lang='lat' dir='ltr'>cum</span> <span class='ocrx_word' id='word_1_43' title='bbox 978 482 1167 518; x_wconf 90' lang='lat' dir='ltr'>hominum</span> 
     </span>
     <span class='ocr_line' id='line_1_9' title="bbox 172 533 1166 575; baseline 0.001 -8"><span class='ocrx_word' id='word_1_44' title='bbox 172 546 295 574; x_wconf 86' lang='lat' dir='ltr'>causa,</span> <span class='ocrx_word' id='word_1_45' title='bbox 336 540 371 567; x_wconf 91' lang='lat' dir='ltr'>et</span> <span class='ocrx_word' id='word_1_46' title='bbox 391 534 436 566; x_wconf 84' lang='lat' dir='ltr'>ad</span> <span class='ocrx_word' id='word_1_47' title='bbox 458 546 541 568; x_wconf 88' lang='lat' dir='ltr'>usus</span> <span class='ocrx_word' id='word_1_48' title='bbox 568 541 730 575; x_wconf 86' lang='lat' dir='ltr'>nostros,</span> <span class='ocrx_word' id='word_1_49' title='bbox 772 533 859 568; x_wconf 91' lang='lat' dir='ltr'>haec</span> <span class='ocrx_word' id='word_1_50' title='bbox 886 547 1006 568; x_wconf 87' lang='lat' dir='ltr'>rerum</span> <span class='ocrx_word' id='word_1_51' title='bbox 1038 542 1166 568; x_wconf 87' lang='lat' dir='ltr'>natura</span> 
     </span>
     <span class='ocr_line' id='line_1_10' title="bbox 172 584 1167 630; baseline -0.001 -11"><span class='ocrx_word' id='word_1_52' title='bbox 172 586 313 619; x_wconf 87' lang='lat' dir='ltr'>condita</span> <span class='ocrx_word' id='word_1_53' title='bbox 331 591 365 618; x_wconf 89' lang='lat' dir='ltr'>et</span> <span class='ocrx_word' id='word_1_54' title='bbox 382 584 551 618; x_wconf 77' lang='lat' dir='ltr'>fabricata</span> <span class='ocrx_word' id='word_1_55' title='bbox 573 585 634 625; x_wconf 90' lang='lat' dir='ltr'>sit,</span> <span class='ocrx_word' id='word_1_56' title='bbox 668 585 841 629; x_wconf 87' lang='lat' dir='ltr'>flagitium</span> <span class='ocrx_word' id='word_1_57' title='bbox 865 592 915 619; x_wconf 89' lang='lat' dir='ltr'>est</span> <span class='ocrx_word' id='word_1_58' title='bbox 939 585 1089 630; x_wconf 71' lang='lat' dir='ltr'>nolle98)</span> <span class='ocrx_word' id='word_1_59' title='bbox 1114 592 1167 618; x_wconf 89' lang='lat' dir='ltr'>to-</span> 
     </span>
     <span class='ocr_line' id='line_1_11' title="bbox 170 633 1167 680; baseline -0.001 -11"><span class='ocrx_word' id='word_1_60' title='bbox 170 638 240 670; x_wconf 90' lang='lat' dir='ltr'>tius</span> <span class='ocrx_word' id='word_1_61' title='bbox 260 633 538 680; x_wconf 77' lang='lat' dir='ltr'>pulcherrimam</span> <span class='ocrx_word' id='word_1_62' title='bbox 556 636 707 669; x_wconf 82' lang='lat' dir='ltr'>aedificii</span> <span class='ocrx_word' id='word_1_63' title='bbox 723 637 898 670; x_wconf 88' lang='lat' dir='ltr'>rationem</span> <span class='ocrx_word' id='word_1_64' title='bbox 920 636 1167 680; x_wconf 82' lang='lat' dir='ltr'>contemplari,</span> 
     </span>
     <span class='ocr_line' id='line_1_12' title="bbox 173 687 1168 732; baseline -0.002 -12"><span class='ocrx_word' id='word_1_65' title='bbox 173 688 383 732; x_wconf 83' lang='lat' dir='ltr'>praesertim</span> <span class='ocrx_word' id='word_1_66' title='bbox 419 699 498 719; x_wconf 90' lang='lat' dir='ltr'>cum</span> <span class='ocrx_word' id='word_1_67' title='bbox 524 698 562 719; x_wconf 82' lang='lat' dir='ltr'>ea</span> <span class='ocrx_word' id='word_1_68' title='bbox 589 687 745 731; x_wconf 82' lang='lat' dir='ltr'>cognitio</span> <span class='ocrx_word' id='word_1_69' title='bbox 773 688 968 732; x_wconf 86' lang='lat' dir='ltr'>plurimum</span> <span class='ocrx_word' id='word_1_70' title='bbox 993 687 1168 720; x_wconf 84' lang='lat' dir='ltr'>momenti</span> 
     </span>
     <span class='ocr_line' id='line_1_13' title="bbox 172 737 1167 782; baseline -0.001 -11"><span class='ocrx_word' id='word_1_71' title='bbox 172 739 310 771; x_wconf 82' lang='lat' dir='ltr'>adferat</span> <span class='ocrx_word' id='word_1_72' title='bbox 326 739 371 771; x_wconf 87' lang='lat' dir='ltr'>ad</span> <span class='ocrx_word' id='word_1_73' title='bbox 387 737 628 770; x_wconf 78' lang='lat' dir='ltr'>valetudinem</span> <span class='ocrx_word' id='word_1_74' title='bbox 647 739 927 771; x_wconf 77' lang='lat' dir='ltr'>conservandam</span> <span class='ocrx_word' id='word_1_75' title='bbox 940 765 948 777; x_wconf 88' lang='lat'>,</span> <span class='ocrx_word' id='word_1_76' title='bbox 978 745 1012 772; x_wconf 86' lang='lat' dir='ltr'>et</span> <span class='ocrx_word' id='word_1_77' title='bbox 1034 740 1078 771; x_wconf 89' lang='lat' dir='ltr'>ad</span> <span class='ocrx_word' id='word_1_78' title='bbox 1095 739 1167 782; x_wconf 87' lang='lat' dir='ltr'>ple-</span> 
     </span>
     <span class='ocr_line' id='line_1_14' title="bbox 170 789 1165 834; baseline -0.001 -12"><span class='ocrx_word' id='word_1_79' title='bbox 170 801 298 834; x_wconf 89' lang='lat' dir='ltr'>rasque</span> <span class='ocrx_word' id='word_1_80' title='bbox 316 790 402 822; x_wconf 90' lang='lat' dir='ltr'>alias</span> <span class='ocrx_word' id='word_1_81' title='bbox 418 789 511 821; x_wconf 71' lang='lat' dir='ltr'>vitae</span> <span class='ocrx_word' id='word_1_82' title='bbox 528 795 646 832; x_wconf 84' lang='lat' dir='ltr'>partes</span> <span class='ocrx_word' id='word_1_83' title='bbox 664 790 848 832; x_wconf 84' lang='lat' dir='ltr'>regendas.</span> <span class='ocrx_word' id='word_1_84' title='bbox 904 789 993 833; x_wconf 86' lang='lat' dir='ltr'>Quis</span> <span class='ocrx_word' id='word_1_85' title='bbox 1018 796 1069 822; x_wconf 87' lang='lat' dir='ltr'>est</span> <span class='ocrx_word' id='word_1_86' title='bbox 1093 796 1165 822; x_wconf 89' lang='lat' dir='ltr'>tam</span> 
     </span>
     <span class='ocr_line' id='line_1_15' title="bbox 169 837 1167 885; baseline -0.001 -12"><span class='ocrx_word' id='word_1_87' title='bbox 169 842 321 880; x_wconf 83' lang='lat' dir='ltr'>ferreus,</span> <span class='ocrx_word' id='word_1_88' title='bbox 356 852 481 885; x_wconf 85' lang='lat' dir='ltr'>quem,</span> <span class='ocrx_word' id='word_1_89' title='bbox 517 839 546 873; x_wconf 91' lang='lat' dir='ltr'>si</span> <span class='ocrx_word' id='word_1_90' title='bbox 571 839 607 872; x_wconf 92' lang='lat' dir='ltr'>in</span> <span class='ocrx_word' id='word_1_91' title='bbox 635 837 774 873; x_wconf 89' lang='lat' dir='ltr'>theatro</span> <span class='ocrx_word' id='word_1_92' title='bbox 800 841 941 880; x_wconf 80' lang='lat' dir='ltr'>sedeat,</span> <span class='ocrx_word' id='word_1_93' title='bbox 985 853 1064 873; x_wconf 89' lang='lat' dir='ltr'>cum</span> <span class='ocrx_word' id='word_1_94' title='bbox 1092 840 1167 872; x_wconf 92' lang='lat' dir='ltr'>ludi</span> 
     </span>
     <span class='ocr_line' id='line_1_16' title="bbox 170 890 1167 935; baseline -0.001 -10"><span class='ocrx_word' id='word_1_95' title='bbox 170 893 278 931; x_wconf 86' lang='lat' dir='ltr'>fiunt,</span> <span class='ocrx_word' id='word_1_96' title='bbox 315 903 390 923; x_wconf 91' lang='lat' dir='ltr'>non</span> <span class='ocrx_word' id='word_1_97' title='bbox 413 890 607 935; x_wconf 87' lang='lat' dir='ltr'>aliquando</span> <span class='ocrx_word' id='word_1_98' title='bbox 632 891 781 925; x_wconf 83' lang='lat' dir='ltr'>incessat</span> <span class='ocrx_word' id='word_1_99' title='bbox 805 891 989 934; x_wconf 88' lang='lat' dir='ltr'>spectandi</span> <span class='ocrx_word' id='word_1_100' title='bbox 1013 891 1167 935; x_wconf 75' lang='lat' dir='ltr'>cupido?</span> 
     </span>
     <span class='ocr_line' id='line_1_17' title="bbox 170 942 1167 986; baseline -0.002 -10"><span class='ocrx_word' id='word_1_101' title='bbox 170 949 204 976; x_wconf 88' lang='lat' dir='ltr'>et</span> <span class='ocrx_word' id='word_1_102' title='bbox 223 955 301 975; x_wconf 90' lang='lat' dir='ltr'>cum</span> <span class='ocrx_word' id='word_1_103' title='bbox 319 942 457 975; x_wconf 89' lang='lat' dir='ltr'>nullum</span> <span class='ocrx_word' id='word_1_104' title='bbox 477 942 738 985; x_wconf 82' lang='lat' dir='ltr'>spectaculum,</span> <span class='ocrx_word' id='word_1_105' title='bbox 766 942 855 975; x_wconf 90' lang='lat' dir='ltr'>nulli</span> <span class='ocrx_word' id='word_1_106' title='bbox 879 942 973 981; x_wconf 86' lang='lat' dir='ltr'>ludi,</span> <span class='ocrx_word' id='word_1_107' title='bbox 1002 943 1081 986; x_wconf 91' lang='lat' dir='ltr'>plus</span> <span class='ocrx_word' id='word_1_108' title='bbox 1105 954 1167 974; x_wconf 67' lang='lat' dir='ltr'>vo-</span> 
     </span>
     <span class='ocr_line' id='line_1_18' title="bbox 170 992 1167 1037; baseline -0.003 -10"><span class='ocrx_word' id='word_1_109' title='bbox 170 992 315 1037; x_wconf 79' lang='lat' dir='ltr'>luptatis</span> <span class='ocrx_word' id='word_1_110' title='bbox 351 999 410 1025; x_wconf 89' lang='lat' dir='ltr'>aut</span> <span class='ocrx_word' id='word_1_111' title='bbox 442 992 604 1025; x_wconf 76' lang='lat' dir='ltr'>utilitatis</span> <span class='ocrx_word' id='word_1_112' title='bbox 628 993 767 1025; x_wconf 89' lang='lat' dir='ltr'>adferre</span> <span class='ocrx_word' id='word_1_113' title='bbox 791 993 983 1036; x_wconf 83' lang='lat' dir='ltr'>spectatori</span> <span class='ocrx_word' id='word_1_114' title='bbox 1007 1000 1167 1036; x_wconf 86' lang='lat' dir='ltr'>possunt,</span> 
     </span>
     <span class='ocr_line' id='line_1_19' title="bbox 170 1041 1165 1090; baseline -0.003 -13"><span class='ocrx_word' id='word_1_115' title='bbox 170 1056 278 1090; x_wconf 88' lang='lat' dir='ltr'>quam</span> <span class='ocrx_word' id='word_1_116' title='bbox 301 1041 388 1076; x_wconf 90' lang='lat' dir='ltr'>haec</span> <span class='ocrx_word' id='word_1_117' title='bbox 412 1049 561 1075; x_wconf 89' lang='lat' dir='ltr'>naturae</span> <span class='ocrx_word' id='word_1_118' title='bbox 586 1044 757 1084; x_wconf 87' lang='lat' dir='ltr'>varietas,</span> <span class='ocrx_word' id='word_1_119' title='bbox 800 1041 889 1075; x_wconf 85' lang='lat' dir='ltr'>mihi</span> <span class='ocrx_word' id='word_1_120' title='bbox 921 1043 1051 1076; x_wconf 88' lang='lat' dir='ltr'>rectius</span> <span class='ocrx_word' id='word_1_121' title='bbox 1084 1044 1165 1075; x_wconf 66' lang='lat' dir='ltr'>viva</span> 
     </span>
     <span class='ocr_line' id='line_1_20' title="bbox 170 1091 1166 1139; baseline -0.003 -11"><span class='ocrx_word' id='word_1_122' title='bbox 170 1096 343 1128; x_wconf 73' lang='lat' dir='ltr'>cadavera</span> <span class='ocrx_word' id='word_1_123' title='bbox 361 1106 470 1139; x_wconf 90' lang='lat' dir='ltr'>quam</span> <span class='ocrx_word' id='word_1_124' title='bbox 489 1091 653 1128; x_wconf 85' lang='lat' dir='ltr'>homines</span> <span class='ocrx_word' id='word_1_125' title='bbox 671 1094 839 1127; x_wconf 73' lang='lat' dir='ltr'>videntur</span> <span class='ocrx_word' id='word_1_126' title='bbox 857 1094 1081 1137; x_wconf 88' lang='lat' dir='ltr'>appellandi,</span> <span class='ocrx_word' id='word_1_127' title='bbox 1118 1091 1166 1133; x_wconf 83' lang='lat' dir='ltr'>hi,</span> 
     </span>
     <span class='ocr_line' id='line_1_21' title="bbox 171 1145 1167 1192; baseline -0.002 -14"><span class='ocrx_word' id='word_1_128' title='bbox 171 1146 233 1192; x_wconf 89' lang='lat' dir='ltr'>qui</span> <span class='ocrx_word' id='word_1_129' title='bbox 249 1158 364 1190; x_wconf 87' lang='lat' dir='ltr'>neque</span> <span class='ocrx_word' id='word_1_130' title='bbox 383 1151 550 1184; x_wconf 84' lang='lat' dir='ltr'>mentem,</span> <span class='ocrx_word' id='word_1_131' title='bbox 578 1157 695 1190; x_wconf 88' lang='lat' dir='ltr'>neque</span> <span class='ocrx_word' id='word_1_132' title='bbox 715 1145 836 1179; x_wconf 88' lang='lat' dir='ltr'>oculos</span> <span class='ocrx_word' id='word_1_133' title='bbox 852 1146 898 1177; x_wconf 88' lang='lat' dir='ltr'>ad</span> <span class='ocrx_word' id='word_1_134' title='bbox 915 1151 1065 1178; x_wconf 85' lang='lat' dir='ltr'>naturae</span> <span class='ocrx_word' id='word_1_135' title='bbox 1084 1156 1167 1176; x_wconf 89' lang='lat' dir='ltr'>con-</span> 
     </span>
     <span class='ocr_line' id='line_1_22' title="bbox 169 1197 665 1231; baseline -0.004 0"><span class='ocrx_word' id='word_1_136' title='bbox 169 1197 422 1231; x_wconf 82' lang='lat' dir='ltr'>siderationem</span> <span class='ocrx_word' id='word_1_137' title='bbox 440 1202 665 1230; x_wconf 76' lang='lat' dir='ltr'>convertunt.</span> 
     </span>
    </p>

    <p class='ocr_par' dir='ltr' id='par_1_4' title="bbox 170 1245 1169 2311">
     <span class='ocr_line' id='line_1_23' title="bbox 271 1245 1168 1291; baseline -0.002 -11"><span class='ocrx_word' id='word_1_138' title='bbox 271 1247 459 1280; x_wconf 86' lang='lat' dir='ltr'>Postremo</span> <span class='ocrx_word' id='word_1_139' title='bbox 492 1248 537 1279; x_wconf 88' lang='lat' dir='ltr'>ad</span> <span class='ocrx_word' id='word_1_140' title='bbox 566 1247 764 1291; x_wconf 85' lang='lat' dir='ltr'>parandam</span> <span class='ocrx_word' id='word_1_141' title='bbox 792 1246 977 1279; x_wconf 87' lang='lat' dir='ltr'>scientiam</span> <span class='ocrx_word' id='word_1_142' title='bbox 1002 1247 1092 1279; x_wconf 90' lang='lat' dir='ltr'>bene</span> <span class='ocrx_word' id='word_1_143' title='bbox 1116 1245 1168 1277; x_wconf 83' lang='lat' dir='ltr'>di-</span> 
     </span>
     <span class='ocr_line' id='line_1_24' title="bbox 171 1297 1167 1342; baseline -0.001 -11"><span class='ocrx_word' id='word_1_144' title='bbox 171 1298 294 1338; x_wconf 90' lang='lat' dir='ltr'>cendi,</span> <span class='ocrx_word' id='word_1_145' title='bbox 322 1310 396 1330; x_wconf 89' lang='lat' dir='ltr'>non</span> <span class='ocrx_word' id='word_1_146' title='bbox 420 1309 549 1342; x_wconf 90' lang='lat' dir='ltr'>parum</span> <span class='ocrx_word' id='word_1_147' title='bbox 574 1299 711 1331; x_wconf 81' lang='lat' dir='ltr'>confert</span> <span class='ocrx_word' id='word_1_148' title='bbox 729 1297 922 1336; x_wconf 87' lang='lat' dir='ltr'>Hesiodus;</span> <span class='ocrx_word' id='word_1_149' title='bbox 957 1310 1041 1330; x_wconf 77' lang='lat' dir='ltr'>nani</span> <span class='ocrx_word' id='word_1_150' title='bbox 1070 1297 1167 1330; x_wconf 72' lang='lat' dir='ltr'>lectis</span> 
     </span>
     <span class='ocr_line' id='line_1_25' title="bbox 170 1349 1168 1393; baseline -0.002 -11"><span class='ocrx_word' id='word_1_151' title='bbox 170 1350 287 1383; x_wconf 71' lang='lat' dir='ltr'>verbis</span> <span class='ocrx_word' id='word_1_152' title='bbox 307 1349 437 1388; x_wconf 89' lang='lat' dir='ltr'>utitur,</span> <span class='ocrx_word' id='word_1_153' title='bbox 465 1361 555 1393; x_wconf 83' lang='lat' dir='ltr'>quae</span> <span class='ocrx_word' id='word_1_154' title='bbox 574 1350 782 1393; x_wconf 76' lang='lat' dir='ltr'>tempestive</span> <span class='ocrx_word' id='word_1_155' title='bbox 800 1355 990 1393; x_wconf 81' lang='lat' dir='ltr'>usurpata,</span> <span class='ocrx_word' id='word_1_156' title='bbox 1025 1355 1058 1382; x_wconf 87' lang='lat' dir='ltr'>et</span> <span class='ocrx_word' id='word_1_157' title='bbox 1088 1360 1168 1380; x_wconf 90' lang='lat' dir='ltr'>ora-</span> 
     </span>
     <span class='ocr_line' id='line_1_26' title="bbox 170 1400 1168 1444; baseline -0.002 -11"><span class='ocrx_word' id='word_1_158' title='bbox 170 1401 261 1434; x_wconf 89' lang='lat' dir='ltr'>tioni</span> <span class='ocrx_word' id='word_1_159' title='bbox 277 1400 486 1444; x_wconf 81' lang='lat' dir='ltr'>dignitatem</span> <span class='ocrx_word' id='word_1_160' title='bbox 505 1401 688 1440; x_wconf 86' lang='lat' dir='ltr'>adserunt,</span> <span class='ocrx_word' id='word_1_161' title='bbox 715 1406 748 1432; x_wconf 89' lang='lat' dir='ltr'>et</span> <span class='ocrx_word' id='word_1_162' title='bbox 765 1400 931 1433; x_wconf 85' lang='lat' dir='ltr'>scientiae</span> <span class='ocrx_word' id='word_1_163' title='bbox 950 1401 1091 1443; x_wconf 90' lang='lat' dir='ltr'>pondus</span> <span class='ocrx_word' id='word_1_164' title='bbox 1107 1400 1168 1431; x_wconf 89' lang='lat' dir='ltr'>ad-</span> 
     </span>
     <span class='ocr_line' id='line_1_27' title="bbox 171 1450 1168 1495; baseline -0.002 -10"><span class='ocrx_word' id='word_1_165' title='bbox 171 1453 271 1485; x_wconf 85' lang='lat' dir='ltr'>dunt.</span> <span class='ocrx_word' id='word_1_166' title='bbox 326 1452 509 1495; x_wconf 85' lang='lat' dir='ltr'>Quantum</span> <span class='ocrx_word' id='word_1_167' title='bbox 529 1458 632 1494; x_wconf 90' lang='lat' dir='ltr'>putas</span> <span class='ocrx_word' id='word_1_168' title='bbox 650 1451 785 1483; x_wconf 88' lang='lat' dir='ltr'>accedit</span> <span class='ocrx_word' id='word_1_169' title='bbox 803 1450 959 1483; x_wconf 86' lang='lat' dir='ltr'>orationi</span> <span class='ocrx_word' id='word_1_170' title='bbox 984 1450 1168 1493; x_wconf 75' lang='lat' dir='ltr'>gravitatis</span> 
     </span>
     <span class='ocr_line' id='line_1_28' title="bbox 170 1497 1169 1548; baseline -0.002 -12"><span class='ocrx_word' id='word_1_171' title='bbox 170 1501 236 1536; x_wconf 88' lang='lat' dir='ltr'>hac</span> <span class='ocrx_word' id='word_1_172' title='bbox 255 1502 373 1535; x_wconf 83' lang='lat' dir='ltr'>auxesi</span> <span class='ocrx_word' id='word_1_173' title='bbox 391 1513 504 1545; x_wconf 85' lang='lat' dir='ltr'>paene</span> <span class='ocrx_word' id='word_1_174' title='bbox 522 1501 654 1545; x_wconf 86' lang='lat' dir='ltr'>tragica</span> <span class='ocrx_word' id='word_1_175' title='bbox 667 1528 677 1542; x_wconf 86' lang='lat'>,</span> <span class='ocrx_word' id='word_1_176' title='bbox 704 1513 783 1534; x_wconf 91' lang='lat' dir='ltr'>cum</span> <span class='ocrx_word' id='word_1_177' title='bbox 804 1513 902 1545; x_wconf 88' lang='lat' dir='ltr'>reges</span> <span class='ocrx_word' id='word_1_178' title='bbox 919 1497 1169 1548; x_wconf 72' lang='grc' dir='ltr'><em>δωροφάγους</em></span> 
     </span>
     <span class='ocr_line' id='line_1_29' title="bbox 172 1550 1167 1598; baseline -0.003 -12"><span class='ocrx_word' id='word_1_179' title='bbox 172 1552 353 1598; x_wconf 79' lang='lat' dir='ltr'>appellat?</span> <span class='ocrx_word' id='word_1_180' title='bbox 382 1565 489 1597; x_wconf 89' lang='lat' dir='ltr'>quam</span> <span class='ocrx_word' id='word_1_181' title='bbox 515 1559 613 1596; x_wconf 88' lang='lat' dir='ltr'>grata</span> <span class='ocrx_word' id='word_1_182' title='bbox 637 1552 850 1597; x_wconf 89' lang='lat' dir='ltr'>compositio</span> <span class='ocrx_word' id='word_1_183' title='bbox 875 1558 926 1585; x_wconf 88' lang='lat' dir='ltr'>est</span> <span class='ocrx_word' id='word_1_184' title='bbox 945 1550 1167 1598; x_wconf 70' lang='grc' dir='ltr'><em>χειροδίκαιέ</em></span> 
     </span>
     <span class='ocr_line' id='line_1_30' title="bbox 172 1602 1169 1648; baseline -0.004 -10"><span class='ocrx_word' id='word_1_185' title='bbox 172 1605 262 1638; x_wconf 85' lang='lat' dir='ltr'>Sunt</span> <span class='ocrx_word' id='word_1_186' title='bbox 278 1602 345 1636; x_wconf 87' lang='lat' dir='ltr'>hoc</span> <span class='ocrx_word' id='word_1_187' title='bbox 363 1616 472 1646; x_wconf 82' lang='lat' dir='ltr'>genus</span> <span class='ocrx_word' id='word_1_188' title='bbox 489 1610 672 1637; x_wconf 80' lang='lat' dir='ltr'>sexcentae</span> <span class='ocrx_word' id='word_1_189' title='bbox 690 1604 824 1647; x_wconf 84' lang='lat' dir='ltr'>figurae</span> <span class='ocrx_word' id='word_1_190' title='bbox 837 1630 846 1643; x_wconf 93' lang='lat'>,</span> <span class='ocrx_word' id='word_1_191' title='bbox 875 1615 962 1648; x_wconf 88' lang='lat' dir='ltr'>quas</span> <span class='ocrx_word' id='word_1_192' title='bbox 986 1615 1061 1635; x_wconf 92' lang='lat' dir='ltr'>non</span> <span class='ocrx_word' id='word_1_193' title='bbox 1083 1603 1169 1635; x_wconf 86' lang='lat' dir='ltr'>libet</span> 
     </span>
     <span class='ocr_line' id='line_1_31' title="bbox 172 1653 1168 1700; baseline -0.003 -11"><span class='ocrx_word' id='word_1_194' title='bbox 172 1654 229 1689; x_wconf 89' lang='lat' dir='ltr'>hic</span> <span class='ocrx_word' id='word_1_195' title='bbox 246 1667 454 1688; x_wconf 86' lang='lat' dir='ltr'>enumerare</span> <span class='ocrx_word' id='word_1_196' title='bbox 468 1682 476 1695; x_wconf 86' lang='lat'>,</span> <span class='ocrx_word' id='word_1_197' title='bbox 501 1667 545 1687; x_wconf 90' lang='lat' dir='ltr'>ne</span> <span class='ocrx_word' id='word_1_198' title='bbox 564 1655 649 1700; x_wconf 90' lang='lat' dir='ltr'>quid</span> <span class='ocrx_word' id='word_1_199' title='bbox 669 1655 836 1687; x_wconf 85' lang='lat' dir='ltr'>amittant</span> <span class='ocrx_word' id='word_1_200' title='bbox 853 1655 988 1698; x_wconf 85' lang='lat' dir='ltr'>gratiae</span> <span class='ocrx_word' id='word_1_201' title='bbox 1014 1666 1055 1687; x_wconf 85' lang='lat' dir='ltr'>ex</span> <span class='ocrx_word' id='word_1_202' title='bbox 1079 1653 1168 1686; x_wconf 86' lang='lat' dir='ltr'>inte—</span> 
     </span>
     <span class='ocr_line' id='line_1_32' title="bbox 174 1705 1166 1751; baseline -0.001 -12"><span class='ocrx_word' id='word_1_203' title='bbox 174 1719 236 1751; x_wconf 81' lang='lat' dir='ltr'>gra</span> <span class='ocrx_word' id='word_1_204' title='bbox 271 1707 433 1739; x_wconf 86' lang='lat' dir='ltr'>oratione</span> <span class='ocrx_word' id='word_1_205' title='bbox 468 1706 564 1739; x_wconf 68' lang='lat' dir='ltr'>velut</span> <span class='ocrx_word' id='word_1_206' title='bbox 598 1718 616 1738; x_wconf 85' lang='lat' dir='ltr'>a</span> <span class='ocrx_word' id='word_1_207' title='bbox 653 1718 803 1750; x_wconf 89' lang='lat' dir='ltr'>corpore</span> <span class='ocrx_word' id='word_1_208' title='bbox 838 1706 998 1738; x_wconf 85' lang='lat' dir='ltr'>membra</span> <span class='ocrx_word' id='word_1_209' title='bbox 1034 1705 1166 1738; x_wconf 69' lang='lat' dir='ltr'>avulsa.</span> 
     </span>
     <span class='ocr_line' id='line_1_33' title="bbox 174 1756 1168 1802; baseline -0.002 -12"><span class='ocrx_word' id='word_1_210' title='bbox 174 1758 270 1802; x_wconf 84' lang='lat' dir='ltr'>Quid</span> <span class='ocrx_word' id='word_1_211' title='bbox 287 1758 328 1789; x_wconf 89' lang='lat' dir='ltr'>de</span> <span class='ocrx_word' id='word_1_212' title='bbox 348 1763 421 1789; x_wconf 88' lang='lat' dir='ltr'>tota</span> <span class='ocrx_word' id='word_1_213' title='bbox 441 1757 614 1790; x_wconf 84' lang='lat' dir='ltr'>orationis</span> <span class='ocrx_word' id='word_1_214' title='bbox 637 1764 813 1790; x_wconf 86' lang='lat' dir='ltr'>structura</span> <span class='ocrx_word' id='word_1_215' title='bbox 840 1758 954 1802; x_wconf 91' lang='lat' dir='ltr'>deque</span> <span class='ocrx_word' id='word_1_216' title='bbox 977 1756 1168 1790; x_wconf 86' lang='lat' dir='ltr'>sentcntia-</span> 
     </span>
     <span class='ocr_line' id='line_1_34' title="bbox 172 1807 1168 1852; baseline -0.003 -10"><span class='ocrx_word' id='word_1_217' title='bbox 172 1821 253 1842; x_wconf 86' lang='lat' dir='ltr'>rum</span> <span class='ocrx_word' id='word_1_218' title='bbox 279 1808 399 1851; x_wconf 82' lang='lat' dir='ltr'>figuris</span> <span class='ocrx_word' id='word_1_219' title='bbox 425 1807 603 1842; x_wconf 77' lang='lat' dir='ltr'>dicemus?</span> <span class='ocrx_word' id='word_1_220' title='bbox 647 1821 736 1852; x_wconf 91' lang='lat' dir='ltr'>quae</span> <span class='ocrx_word' id='word_1_221' title='bbox 761 1814 947 1851; x_wconf 82' lang='lat' dir='ltr'>tantopere</span> <span class='ocrx_word' id='word_1_222' title='bbox 969 1807 1168 1851; x_wconf 85' lang='lat' dir='ltr'>probantur</span> 
     </span>
     <span class='ocr_line' id='line_1_35' title="bbox 172 1857 1168 1905; baseline -0.004 -13"><span class='ocrx_word' id='word_1_223' title='bbox 172 1859 284 1893; x_wconf 88' lang='lat' dir='ltr'>Fabio</span> <span class='ocrx_word' id='word_1_224' title='bbox 294 1859 340 1905; x_wconf 58' lang='grc'>39)</span> <span class='ocrx_word' id='word_1_225' title='bbox 353 1885 362 1899; x_wconf 88' lang='grc'>,</span> <span class='ocrx_word' id='word_1_226' title='bbox 387 1866 427 1892; x_wconf 88' lang='lat' dir='ltr'>ut</span> <span class='ocrx_word' id='word_1_227' title='bbox 441 1857 523 1892; x_wconf 88' lang='lat' dir='ltr'>huic</span> <span class='ocrx_word' id='word_1_228' title='bbox 541 1860 709 1891; x_wconf 88' lang='lat' dir='ltr'>decernat</span> <span class='ocrx_word' id='word_1_229' title='bbox 724 1859 760 1890; x_wconf 90' lang='lat' dir='ltr'>in</span> <span class='ocrx_word' id='word_1_230' title='bbox 778 1858 949 1890; x_wconf 90' lang='lat' dir='ltr'>mediocri</span> <span class='ocrx_word' id='word_1_231' title='bbox 965 1869 1092 1900; x_wconf 85' lang='lat' dir='ltr'>genere</span> <span class='ocrx_word' id='word_1_232' title='bbox 1116 1857 1168 1889; x_wconf 92' lang='lat' dir='ltr'>di-</span> 
     </span>
     <span class='ocr_line' id='line_1_36' title="bbox 174 1908 1166 1954; baseline -0.004 -10"><span class='ocrx_word' id='word_1_233' title='bbox 174 1911 275 1944; x_wconf 85' lang='lat' dir='ltr'>cendi</span> <span class='ocrx_word' id='word_1_234' title='bbox 294 1910 471 1954; x_wconf 78' lang='lat' dir='ltr'>palmam3</span> <span class='ocrx_word' id='word_1_235' title='bbox 501 1916 533 1942; x_wconf 90' lang='lat' dir='ltr'>et</span> <span class='ocrx_word' id='word_1_236' title='bbox 557 1909 721 1953; x_wconf 87' lang='lat' dir='ltr'>princeps</span> <span class='ocrx_word' id='word_1_237' title='bbox 739 1908 954 1941; x_wconf 80' lang='lat' dir='ltr'>Latinorum</span> <span class='ocrx_word' id='word_1_238' title='bbox 978 1914 1166 1952; x_wconf 86' lang='lat' dir='ltr'>poetarum</span> 
     </span>
     <span class='ocr_line' id='line_1_37' title="bbox 172 1959 1167 2005; baseline -0.004 -11"><span class='ocrx_word' id='word_1_239' title='bbox 172 1962 364 2005; x_wconf 66' lang='lat' dir='ltr'>Virgilius,</span> <span class='ocrx_word' id='word_1_240' title='bbox 407 1967 441 1994; x_wconf 86' lang='lat' dir='ltr'>et</span> <span class='ocrx_word' id='word_1_241' title='bbox 475 1960 626 1993; x_wconf 68' lang='lat' dir='ltr'>Ovidius</span> <span class='ocrx_word' id='word_1_242' title='bbox 658 1959 866 1993; x_wconf 81' lang='lat' dir='ltr'>lectissimos</span> <span class='ocrx_word' id='word_1_243' title='bbox 897 1960 994 1992; x_wconf 89' lang='lat' dir='ltr'>locos</span> <span class='ocrx_word' id='word_1_244' title='bbox 1030 1959 1067 1991; x_wconf 91' lang='lat' dir='ltr'>iu</span> <span class='ocrx_word' id='word_1_245' title='bbox 1105 1970 1167 1992; x_wconf 87' lang='lat' dir='ltr'>sua</span> 
     </span>
     <span class='ocr_line' id='line_1_38' title="bbox 175 2011 1168 2057; baseline -0.003 -12"><span class='ocrx_word' id='word_1_246' title='bbox 175 2025 283 2057; x_wconf 86' lang='lat' dir='ltr'>opera</span> <span class='ocrx_word' id='word_1_247' title='bbox 303 2012 569 2051; x_wconf 74' lang='lat' dir='ltr'>transtulerint,</span> <span class='ocrx_word' id='word_1_248' title='bbox 598 2011 860 2055; x_wconf 87' lang='lat' dir='ltr'>iudicarintque</span> <span class='ocrx_word' id='word_1_249' title='bbox 875 2023 950 2043; x_wconf 90' lang='lat' dir='ltr'>non</span> <span class='ocrx_word' id='word_1_250' title='bbox 968 2011 1044 2043; x_wconf 81' lang='lat' dir='ltr'>leve</span> <span class='ocrx_word' id='word_1_251' title='bbox 1063 2022 1168 2042; x_wconf 83' lang='lat' dir='ltr'>orna-</span> 
     </span>
     <span class='ocr_line' id='line_1_39' title="bbox 174 2061 1168 2105; baseline -0.005 -8"><span class='ocrx_word' id='word_1_252' title='bbox 174 2070 333 2097; x_wconf 86' lang='lat' dir='ltr'>mentum</span> <span class='ocrx_word' id='word_1_253' title='bbox 368 2063 449 2096; x_wconf 89' lang='lat' dir='ltr'>inde</span> <span class='ocrx_word' id='word_1_254' title='bbox 483 2064 648 2095; x_wconf 85' lang='lat' dir='ltr'>accedere</span> <span class='ocrx_word' id='word_1_255' title='bbox 676 2063 746 2096; x_wconf 86' lang='lat' dir='ltr'>suis</span> <span class='ocrx_word' id='word_1_256' title='bbox 779 2062 963 2105; x_wconf 85' lang='lat' dir='ltr'>poematis.</span> <span class='ocrx_word' id='word_1_257' title='bbox 1029 2061 1168 2094; x_wconf 79' lang='lat' dir='ltr'>Reddet</span> 
     </span>
     <span class='ocr_line' id='line_1_40' title="bbox 174 2112 1166 2157; baseline -0.004 -9"><span class='ocrx_word' id='word_1_258' title='bbox 174 2113 270 2148; x_wconf 90' lang='lat' dir='ltr'>haud</span> <span class='ocrx_word' id='word_1_259' title='bbox 293 2114 398 2147; x_wconf 90' lang='lat' dir='ltr'>dubie</span> <span class='ocrx_word' id='word_1_260' title='bbox 424 2120 458 2147; x_wconf 91' lang='lat' dir='ltr'>et</span> <span class='ocrx_word' id='word_1_261' title='bbox 482 2120 641 2147; x_wconf 84' lang='lat' dir='ltr'>nostram</span> <span class='ocrx_word' id='word_1_262' title='bbox 665 2113 865 2146; x_wconf 84' lang='lat' dir='ltr'>orationem</span> <span class='ocrx_word' id='word_1_263' title='bbox 897 2112 1166 2157; x_wconf 85' lang='lat' dir='ltr'>locupletiorem</span> 
     </span>
     <span class='ocr_line' id='line_1_41' title="bbox 175 2163 1168 2207; baseline -0.004 -8"><span class='ocrx_word' id='word_1_264' title='bbox 175 2173 209 2199; x_wconf 89' lang='lat' dir='ltr'>et</span> <span class='ocrx_word' id='word_1_265' title='bbox 233 2166 456 2204; x_wconf 87' lang='lat' dir='ltr'>uberiorem,</span> <span class='ocrx_word' id='word_1_266' title='bbox 501 2177 565 2197; x_wconf 92' lang='lat' dir='ltr'>nec</span> <span class='ocrx_word' id='word_1_267' title='bbox 598 2165 689 2197; x_wconf 83' lang='lat' dir='ltr'>male</span> <span class='ocrx_word' id='word_1_268' title='bbox 719 2164 906 2197; x_wconf 85' lang='lat' dir='ltr'>collocabit</span> <span class='ocrx_word' id='word_1_269' title='bbox 931 2176 1098 2207; x_wconf 85' lang='lat' dir='ltr'>operam,</span> <span class='ocrx_word' id='word_1_270' title='bbox 1140 2163 1168 2196; x_wconf 89' lang='lat' dir='ltr'>si</span> 
     </span>
     <span class='ocr_line' id='line_1_42' title="bbox 177 2214 1167 2262; baseline -0.005 -13"><span class='ocrx_word' id='word_1_271' title='bbox 177 2217 254 2262; x_wconf 90' lang='lat' dir='ltr'>quis</span> <span class='ocrx_word' id='word_1_272' title='bbox 273 2219 315 2249; x_wconf 89' lang='lat' dir='ltr'>ad</span> <span class='ocrx_word' id='word_1_273' title='bbox 333 2216 510 2250; x_wconf 81' lang='lat' dir='ltr'>Graecum</span> <span class='ocrx_word' id='word_1_274' title='bbox 530 2215 731 2259; x_wconf 86' lang='lat' dir='ltr'>exemplar,</span> <span class='ocrx_word' id='word_1_275' title='bbox 765 2227 805 2246; x_wconf 90' lang='lat' dir='ltr'>ea</span> <span class='ocrx_word' id='word_1_276' title='bbox 831 2226 921 2258; x_wconf 89' lang='lat' dir='ltr'>quae</span> <span class='ocrx_word' id='word_1_277' title='bbox 945 2215 1061 2246; x_wconf 87' lang='lat' dir='ltr'>nostri</span> <span class='ocrx_word' id='word_1_278' title='bbox 1086 2214 1167 2245; x_wconf 88' lang='lat' dir='ltr'>inde</span> 
     </span>
     <span class='ocr_line' id='line_1_43' title="bbox 177 2264 1169 2311; baseline -0.005 -11"><span class='ocrx_word' id='word_1_279' title='bbox 177 2274 444 2311; x_wconf 83' lang='lat' dir='ltr'>excerpserunt,</span> <span class='ocrx_word' id='word_1_280' title='bbox 473 2267 680 2304; x_wconf 86' lang='lat' dir='ltr'>contulerit;</span> <span class='ocrx_word' id='word_1_281' title='bbox 714 2277 798 2299; x_wconf 90' lang='lat' dir='ltr'>nam</span> <span class='ocrx_word' id='word_1_282' title='bbox 825 2264 873 2297; x_wconf 87' lang='lat' dir='ltr'>ita</span> <span class='ocrx_word' id='word_1_283' title='bbox 895 2264 1079 2310; x_wconf 88' lang='lat' dir='ltr'>utriusque</span> <span class='ocrx_word' id='word_1_284' title='bbox 1103 2264 1169 2296; x_wconf 86' lang='lat' dir='ltr'>lin-</span> 
     </span>
    </p>
   </div>
   <div class='ocr_carea' id='block_1_3' title="bbox 212 2380 1170 2447">
    <p class='ocr_par' dir='ltr' id='par_1_5' title="bbox 212 2380 1170 2447">
     <span class='ocr_line' id='line_1_44' title="bbox 212 2380 1170 2416; baseline -0.004 -7"><span class='ocrx_word' id='word_1_285' title='bbox 212 2385 258 2416; x_wconf 71' lang='lat'>95)</span> <span class='ocrx_word' id='word_1_286' title='bbox 280 2384 432 2412; x_wconf 76' lang='lat' dir='ltr'>Hesiodici]</span> <span class='ocrx_word' id='word_1_287' title='bbox 452 2384 490 2407; x_wconf 84' lang='lat' dir='ltr'>sic</span> <span class='ocrx_word' id='word_1_288' title='bbox 510 2390 603 2407; x_wconf 80' lang='lat' dir='ltr'>omnes</span> <span class='ocrx_word' id='word_1_289' title='bbox 624 2384 687 2407; x_wconf 81' lang='lat' dir='ltr'>illae</span> <span class='ocrx_word' id='word_1_290' title='bbox 699 2383 800 2409; x_wconf 73' lang='lat' dir='ltr'>Editt..</span> <span class='ocrx_word' id='word_1_291' title='bbox 820 2382 931 2411; x_wconf 82' lang='lat' dir='ltr'>praeter</span> <span class='ocrx_word' id='word_1_292' title='bbox 945 2380 1170 2412; x_wconf 77' lang='lat' dir='ltr'>Editt.1564.L.,</span> 
     </span>
     <span class='ocr_line' id='line_1_45' title="bbox 249 2417 820 2447; baseline -0.002 -5"><span class='ocrx_word' id='word_1_293' title='bbox 249 2420 340 2445; x_wconf 74' lang='lat'>1569.,</span> <span class='ocrx_word' id='word_1_294' title='bbox 362 2419 452 2447; x_wconf 77' lang='lat'>1581.,</span> <span class='ocrx_word' id='word_1_295' title='bbox 472 2424 541 2447; x_wconf 85' lang='lat' dir='ltr'>quae</span> <span class='ocrx_word' id='word_1_296' title='bbox 560 2419 671 2441; x_wconf 81' lang='lat' dir='ltr'>habeut:</span> <span class='ocrx_word' id='word_1_297' title='bbox 699 2417 820 2441; x_wconf 78' lang='lat' dir='ltr'>Hesiodi.</span> 
     </span>
    </p>
   </div>
   <div class='ocr_carea' id='block_1_4' title="bbox 212 2457 1199 2491">
    <p class='ocr_par' dir='ltr' id='par_1_6' title="bbox 212 2457 1199 2491">
     <span class='ocr_line' id='line_1_46' title="bbox 212 2457 1199 2491; baseline -0.003 -6"><span class='ocrx_word' id='word_1_298' title='bbox 212 2463 259 2491; x_wconf 83' lang='grc'>97)</span> <span class='ocrx_word' id='word_1_299' title='bbox 282 2469 298 2491; x_wconf 74' lang='lat' dir='ltr'>q</span> <span class='ocrx_word' id='word_1_300' title='bbox 307 2458 397 2489; x_wconf 64' lang='grc' dir='ltr'>ιτσικὴ]</span> <span class='ocrx_word' id='word_1_301' title='bbox 418 2461 458 2483; x_wconf 75' lang='lat' dir='ltr'>sic</span> <span class='ocrx_word' id='word_1_302' title='bbox 477 2467 570 2484; x_wconf 78' lang='lat' dir='ltr'>onmes</span> <span class='ocrx_word' id='word_1_303' title='bbox 590 2461 691 2489; x_wconf 47' lang='lat' dir='ltr'>Editt„</span> <span class='ocrx_word' id='word_1_304' title='bbox 711 2462 822 2490; x_wconf 79' lang='lat' dir='ltr'>praeter</span> <span class='ocrx_word' id='word_1_305' title='bbox 840 2459 889 2483; x_wconf 89' lang='lat' dir='ltr'>Ed.</span> <span class='ocrx_word' id='word_1_306' title='bbox 911 2459 984 2482; x_wconf 73' lang='lat'>1564.</span> <span class='ocrx_word' id='word_1_307' title='bbox 1000 2459 1048 2487; x_wconf 70' lang='lat'>11„</span> <span class='ocrx_word' id='word_1_308' title='bbox 1068 2458 1112 2481; x_wconf 86' lang='lat' dir='ltr'>ubi</span> <span class='ocrx_word' id='word_1_309' title='bbox 1130 2458 1171 2482; x_wconf 84' lang='lat' dir='ltr'>le·</span> <span class='ocrx_word' id='word_1_310' title='bbox 1197 2457 1199 2476; x_wconf 71' lang='grc' dir='ltr'><strong><em>ῖ</em></strong></span> 
     </span>
    </p>
   </div>
   <div class='ocr_carea' id='block_1_5' title="bbox 210 2492 1172 2663">
    <p class='ocr_par' dir='ltr' id='par_1_7' title="bbox 248 2492 1072 2527">
     <span class='ocr_line' id='line_1_47' title="bbox 248 2492 1072 2527; baseline 0 -10"><span class='ocrx_word' id='word_1_311' title='bbox 248 2496 320 2527; x_wconf 84' lang='lat' dir='ltr'>gitur</span> <span class='ocrx_word' id='word_1_312' title='bbox 341 2493 464 2526; x_wconf 67' lang='grc' dir='ltr'>ιμ’σικιὶ.</span> <span class='ocrx_word' id='word_1_313' title='bbox 485 2497 510 2517; x_wconf 86' lang='lat' dir='ltr'>et</span> <span class='ocrx_word' id='word_1_314' title='bbox 529 2496 577 2518; x_wconf 76' lang='lat' dir='ltr'>Ed.</span> <span class='ocrx_word' id='word_1_315' title='bbox 599 2495 690 2524; x_wconf 82' lang='lat'>1557.,</span> <span class='ocrx_word' id='word_1_316' title='bbox 709 2500 778 2524; x_wconf 88' lang='lat' dir='ltr'>quae</span> <span class='ocrx_word' id='word_1_317' title='bbox 798 2494 921 2517; x_wconf 81' lang='lat' dir='ltr'>exhibet:</span> <span class='ocrx_word' id='word_1_318' title='bbox 949 2492 1072 2522; x_wconf 72' lang='lat' dir='ltr'>physica.</span> 
     </span>
    </p>

    <p class='ocr_par' dir='ltr' id='par_1_8' title="bbox 210 2535 1172 2663">
     <span class='ocr_line' id='line_1_48' title="bbox 210 2535 1172 2570; baseline -0.005 -8"><span class='ocrx_word' id='word_1_319' title='bbox 210 2540 260 2570; x_wconf 59' lang='lat'>93)</span> <span class='ocrx_word' id='word_1_320' title='bbox 280 2538 368 2566; x_wconf 84' lang='lat' dir='ltr'>nolle]</span> <span class='ocrx_word' id='word_1_321' title='bbox 395 2537 435 2561; x_wconf 84' lang='lat' dir='ltr'>sic</span> <span class='ocrx_word' id='word_1_322' title='bbox 459 2537 544 2561; x_wconf 80' lang='lat' dir='ltr'>Editt.</span> <span class='ocrx_word' id='word_1_323' title='bbox 568 2538 642 2561; x_wconf 69' lang='lat'>1541.</span> <span class='ocrx_word' id='word_1_324' title='bbox 665 2538 710 2565; x_wconf 80' lang='lat'>13.,</span> <span class='ocrx_word' id='word_1_325' title='bbox 738 2538 814 2562; x_wconf 73' lang='lat'>1541.</span> <span class='ocrx_word' id='word_1_326' title='bbox 834 2537 880 2564; x_wconf 56' lang='lat' dir='ltr'>F„</span> <span class='ocrx_word' id='word_1_327' title='bbox 907 2535 998 2563; x_wconf 74' lang='lat'>¹557..</span> <span class='ocrx_word' id='word_1_328' title='bbox 1032 2535 1106 2558; x_wconf 71' lang='lat'>1564.</span> <span class='ocrx_word' id='word_1_329' title='bbox 1130 2535 1172 2564; x_wconf 58' lang='lat' dir='ltr'>L„</span> 
     </span>
     <span class='ocr_line' id='line_1_49' title="bbox 250 2570 1172 2601; baseline -0.004 -5"><span class='ocrx_word' id='word_1_330' title='bbox 250 2574 344 2601; x_wconf 56' lang='lat' dir='ltr'>wan,</span> <span class='ocrx_word' id='word_1_331' title='bbox 367 2572 457 2601; x_wconf 72' lang='lat'>1591.,</span> <span class='ocrx_word' id='word_1_332' title='bbox 479 2572 571 2599; x_wconf 54' lang='lat'><strong>1601„</strong></span> <span class='ocrx_word' id='word_1_333' title='bbox 593 2571 683 2598; x_wconf 70' lang='lat'>¹623..</span> <span class='ocrx_word' id='word_1_334' title='bbox 706 2571 796 2595; x_wconf 64' lang='lat'>1662:</span> <span class='ocrx_word' id='word_1_335' title='bbox 828 2570 1065 2598; x_wconf 72' lang='lat' dir='ltr'>Editt.15-11.A.,</span> <span class='ocrx_word' id='word_1_336' title='bbox 1087 2570 1172 2597; x_wconf 59' lang='lat'>1544„</span> 
     </span>
     <span class='ocr_line' id='line_1_50' title="bbox 251 2603 1171 2637; baseline -0.003 -7"><span class='ocrx_word' id='word_1_337' title='bbox 251 2607 344 2635; x_wconf 54' lang='lat'>1559„</span> <span class='ocrx_word' id='word_1_338' title='bbox 367 2606 503 2637; x_wconf 73' lang='lat' dir='ltr'>1564.A.,</span> <span class='ocrx_word' id='word_1_339' title='bbox 526 2606 616 2637; x_wconf 57' lang='lat'>1509„</span> <span class='ocrx_word' id='word_1_340' title='bbox 639 2605 729 2636; x_wconf 60' lang='grc' dir='ltr'>πειτα,</span> <span class='ocrx_word' id='word_1_341' title='bbox 751 2605 842 2636; x_wconf 57' lang='grc' dir='ltr'>15ὃ5.,</span> <span class='ocrx_word' id='word_1_342' title='bbox 865 2603 957 2635; x_wconf 68' lang='grc'><strong>1587.,</strong></span> <span class='ocrx_word' id='word_1_343' title='bbox 979 2603 1073 2634; x_wconf 79' lang='lat'>1615.‚</span> <span class='ocrx_word' id='word_1_344' title='bbox 1093 2609 1117 2627; x_wconf 84' lang='lat' dir='ltr'>s.</span> <span class='ocrx_word' id='word_1_345' title='bbox 1131 2609 1171 2627; x_wconf 86' lang='lat' dir='ltr'>a.:</span> 
     </span>
     <span class='ocr_line' id='line_1_51' title="bbox 249 2642 328 2663; baseline 0 0"><span class='ocrx_word' id='word_1_346' title='bbox 249 2642 328 2663; x_wconf 70' lang='lat' dir='ltr'>velle.</span> 
     </span>
    </p>
   </div>
   <div class='ocr_carea' id='block_1_6' title="bbox 213 2682 841 2715">
    <p class='ocr_par' dir='ltr' id='par_1_9' title="bbox 213 2682 841 2715">
     <span class='ocr_line' id='line_1_52' title="bbox 213 2682 841 2715; baseline 0.003 -9"><span class='ocrx_word' id='word_1_347' title='bbox 213 2684 262 2711; x_wconf 81' lang='lat'>99)</span> <span class='ocrx_word' id='word_1_348' title='bbox 281 2683 348 2707; x_wconf 83' lang='lat' dir='ltr'>Fab.</span> <span class='ocrx_word' id='word_1_349' title='bbox 369 2683 479 2712; x_wconf 83' lang='lat' dir='ltr'>Quintil.</span> <span class='ocrx_word' id='word_1_350' title='bbox 499 2682 587 2706; x_wconf 58' lang='lat' dir='ltr'>{nstin</span> <span class='ocrx_word' id='word_1_351' title='bbox 607 2684 677 2707; x_wconf 80' lang='lat' dir='ltr'>orat.</span> <span class='ocrx_word' id='word_1_352' title='bbox 697 2683 733 2715; x_wconf 83' lang='lat' dir='ltr'>X,</span> <span class='ocrx_word' id='word_1_353' title='bbox 755 2683 779 2712; x_wconf 87' lang='grc'>1,</span> <span class='ocrx_word' id='word_1_354' title='bbox 797 2682 841 2708; x_wconf 79' lang='lat'>52.</span> 
     </span>
    </p>
   </div>
   <div class='ocr_carea' id='block_1_7' title="bbox 755 91 1632 129">
    <p class='ocr_par' dir='ltr' id='par_1_10' title="bbox 755 91 1632 129">
     <span class='ocr_line' id='line_1_53' title="bbox 755 91 1632 129; baseline 0 -1"><span class='ocrx_word' id='word_1_355' title='bbox 755 93 878 129; x_wconf 88' lang='lat' dir='ltr'>PHIL.</span> <span class='ocrx_word' id='word_1_356' title='bbox 912 92 1026 128; x_wconf 84' lang='lat' dir='ltr'><strong>MEL.</strong></span> <span class='ocrx_word' id='word_1_357' title='bbox 1061 91 1265 129; x_wconf 85' lang='lat' dir='ltr'><strong>SCRIPTA</strong></span> <span class='ocrx_word' id='word_1_358' title='bbox 1295 92 1632 129; x_wconf 86' lang='lat' dir='ltr'>PHILOLOGICA.</span> 
     </span>
    </p>
   </div>
   <div class='ocr_carea' id='block_1_8' title="bbox 1195 2107 1201 2689">
    <p class='ocr_par' dir='ltr' id='par_1_11' title="bbox 1195 2107 1201 2689">
     <span class='ocr_line' id='line_1_54' title="bbox 1195 2107 1201 2689; baseline 0 0"><span class='ocrx_word' id='word_1_359' title='bbox 1195 2107 1201 2689; x_wconf 95' lang='lat' dir='ltr'> </span> 
     </span>
    </p>
   </div>
   <div class='ocr_carea' id='block_1_9' title="bbox 2142 94 2215 129">
    <p class='ocr_par' dir='ltr' id='par_1_12' title="bbox 2142 94 2215 129">
     <span class='ocr_line' id='line_1_55' title="bbox 2142 94 2215 129; baseline 0 0"><span class='ocrx_word' id='word_1_360' title='bbox 2142 94 2215 129; x_wconf 88' lang='lat'>188</span> 
     </span>
    </p>
   </div>
   <div class='ocr_carea' id='block_1_10' title="bbox 1219 176 2225 2108">
    <p class='ocr_par' dir='ltr' id='par_1_13' title="bbox 1219 176 2220 621">
     <span class='ocr_line' id='line_1_56' title="bbox 1221 176 2216 225; baseline 0 -13"><span class='ocrx_word' id='word_1_361' title='bbox 1221 192 1309 223; x_wconf 87' lang='lat' dir='ltr'>guae</span> <span class='ocrx_word' id='word_1_362' title='bbox 1324 181 1526 225; x_wconf 86' lang='lat' dir='ltr'>proprietas</span> <span class='ocrx_word' id='word_1_363' title='bbox 1545 179 1672 213; x_wconf 88' lang='lat' dir='ltr'>certius</span> <span class='ocrx_word' id='word_1_364' title='bbox 1689 176 1996 223; x_wconf 86' lang='lat' dir='ltr'>deprehendetur,</span> <span class='ocrx_word' id='word_1_365' title='bbox 2024 184 2058 212; x_wconf 88' lang='lat' dir='ltr'>et</span> <span class='ocrx_word' id='word_1_366' title='bbox 2083 179 2216 223; x_wconf 86' lang='lat' dir='ltr'>figurae</span> 
     </span>
     <span class='ocr_line' id='line_1_57' title="bbox 1220 229 2216 265; baseline 0.002 -2"><span class='ocrx_word' id='word_1_367' title='bbox 1220 232 1412 265; x_wconf 87' lang='lat' dir='ltr'>verborum</span> <span class='ocrx_word' id='word_1_368' title='bbox 1447 238 1481 265; x_wconf 90' lang='lat' dir='ltr'>et</span> <span class='ocrx_word' id='word_1_369' title='bbox 1508 230 1765 265; x_wconf 88' lang='lat' dir='ltr'>sententiarum</span> <span class='ocrx_word' id='word_1_370' title='bbox 1790 229 2059 263; x_wconf 85' lang='lat' dir='ltr'>animadversae</span> <span class='ocrx_word' id='word_1_371' title='bbox 2088 230 2216 265; x_wconf 87' lang='lat' dir='ltr'>clarius</span> 
     </span>
     <span class='ocr_line' id='line_1_58' title="bbox 1221 278 2220 327; baseline 0.001 -13"><span class='ocrx_word' id='word_1_372' title='bbox 1221 289 1422 316; x_wconf 87' lang='lat' dir='ltr'>cernentur.</span> <span class='ocrx_word' id='word_1_373' title='bbox 1489 281 1671 315; x_wconf 78' lang='lat' dir='ltr'>Profuerit</span> <span class='ocrx_word' id='word_1_374' title='bbox 1698 281 1825 321; x_wconf 88' lang='lat' dir='ltr'>etiam,</span> <span class='ocrx_word' id='word_1_375' title='bbox 1850 282 1890 315; x_wconf 51' lang='lat' dir='ltr'>¹si</span> <span class='ocrx_word' id='word_1_376' title='bbox 1914 278 2032 315; x_wconf 80' lang='lat' dir='ltr'>locum</span> <span class='ocrx_word' id='word_1_377' title='bbox 2058 278 2220 327; x_wconf 82' lang='lat' dir='ltr'>aliquem·</span> 
     </span>
     <span class='ocr_line' id='line_1_59' title="bbox 1221 329 2216 377; baseline -0.001 -11"><span class='ocrx_word' id='word_1_378' title='bbox 1221 333 1442 366; x_wconf 88' lang='lat' dir='ltr'>floridiorem</span> <span class='ocrx_word' id='word_1_379' title='bbox 1460 339 1520 366; x_wconf 83' lang='lat' dir='ltr'>tuo</span> <span class='ocrx_word' id='word_1_380' title='bbox 1537 332 1653 365; x_wconf 87' lang='lat' dir='ltr'>Marte</span> <span class='ocrx_word' id='word_1_381' title='bbox 1668 331 1806 366; x_wconf 85' lang='lat' dir='ltr'>Latinis</span> <span class='ocrx_word' id='word_1_382' title='bbox 1823 329 2216 377; x_wconf 82' lang='lat' dir='ltr'>versibusexposueris,</span> 
     </span>
     <span class='ocr_line' id='line_1_60' title="bbox 1221 383 2217 429; baseline -0.001 -11"><span class='ocrx_word' id='word_1_383' title='bbox 1221 396 1311 429; x_wconf 88' lang='lat' dir='ltr'>quae</span> <span class='ocrx_word' id='word_1_384' title='bbox 1330 384 1534 418; x_wconf 85' lang='lat' dir='ltr'>exercitatio</span> <span class='ocrx_word' id='word_1_385' title='bbox 1553 383 1623 416; x_wconf 87' lang='lat' dir='ltr'>dici</span> <span class='ocrx_word' id='word_1_386' title='bbox 1646 394 1721 416; x_wconf 90' lang='lat' dir='ltr'>non</span> <span class='ocrx_word' id='word_1_387' title='bbox 1745 388 1880 427; x_wconf 86' lang='lat' dir='ltr'>potest,</span> <span class='ocrx_word' id='word_1_388' title='bbox 1913 390 2087 428; x_wconf 87' lang='lat' dir='ltr'>quantum</span> <span class='ocrx_word' id='word_1_389' title='bbox 2112 390 2217 417; x_wconf 86' lang='lat' dir='ltr'>acuat</span> 
     </span>
     <span class='ocr_line' id='line_1_61' title="bbox 1220 433 2215 480; baseline 0.001 -13"><span class='ocrx_word' id='word_1_390' title='bbox 1220 435 1414 475; x_wconf 84' lang='lat' dir='ltr'>iudicium,</span> <span class='ocrx_word' id='word_1_391' title='bbox 1458 441 1632 480; x_wconf 90' lang='lat' dir='ltr'>quantum</span> <span class='ocrx_word' id='word_1_392' title='bbox 1667 434 1751 466; x_wconf 90' lang='lat' dir='ltr'>item</span> <span class='ocrx_word' id='word_1_393' title='bbox 1776 435 1820 467; x_wconf 88' lang='lat' dir='ltr'>ad</span> <span class='ocrx_word' id='word_1_394' title='bbox 1848 433 2012 466; x_wconf 88' lang='lat' dir='ltr'>alendam</span> <span class='ocrx_word' id='word_1_395' title='bbox 2039 434 2215 468; x_wconf 89' lang='lat' dir='ltr'>sermonis</span> 
     </span>
     <span class='ocr_line' id='line_1_62' title="bbox 1221 484 2216 530; baseline 0 -12"><span class='ocrx_word' id='word_1_396' title='bbox 1221 486 1381 530; x_wconf 83' lang='lat' dir='ltr'>copiam,</span> <span class='ocrx_word' id='word_1_397' title='bbox 1424 492 1458 518; x_wconf 91' lang='lat' dir='ltr'>et</span> <span class='ocrx_word' id='word_1_398' title='bbox 1488 485 1769 529; x_wconf 86' lang='lat' dir='ltr'>comparandam</span> <span class='ocrx_word' id='word_1_399' title='bbox 1800 484 1983 519; x_wconf 90' lang='lat' dir='ltr'>scientiam</span> <span class='ocrx_word' id='word_1_400' title='bbox 2016 485 2216 529; x_wconf 85' lang='lat' dir='ltr'>explicandi</span> 
     </span>
     <span class='ocr_line' id='line_1_63' title="bbox 1219 534 2215 571; baseline 0 -2"><span class='ocrx_word' id='word_1_401' title='bbox 1219 548 1275 570; x_wconf 89' lang='lat' dir='ltr'>res</span> <span class='ocrx_word' id='word_1_402' title='bbox 1292 537 1459 570; x_wconf 89' lang='lat' dir='ltr'>obscuras</span> <span class='ocrx_word' id='word_1_403' title='bbox 1474 536 1591 571; x_wconf 81' lang='lat' dir='ltr'>faciat.</span> <span class='ocrx_word' id='word_1_404' title='bbox 1651 535 1721 570; x_wconf 90' lang='lat' dir='ltr'>Sed</span> <span class='ocrx_word' id='word_1_405' title='bbox 1743 534 1831 570; x_wconf 90' lang='lat' dir='ltr'>haec</span> <span class='ocrx_word' id='word_1_406' title='bbox 1856 536 1949 569; x_wconf 89' lang='lat' dir='ltr'>inter</span> <span class='ocrx_word' id='word_1_407' title='bbox 1973 537 2215 570; x_wconf 82' lang='lat' dir='ltr'>enarrandum</span> 
     </span>
     <span class='ocr_line' id='line_1_64' title="bbox 1222 587 1591 621; baseline 0.003 -1"><span class='ocrx_word' id='word_1_408' title='bbox 1222 587 1337 621; x_wconf 89' lang='lat' dir='ltr'>obiter</span> <span class='ocrx_word' id='word_1_409' title='bbox 1353 587 1591 621; x_wconf 84' lang='lat' dir='ltr'>monebimus.</span> 
     </span>
    </p>

    <p class='ocr_par' dir='ltr' id='par_1_14' title="bbox 1220 636 2225 2108">
     <span class='ocr_line' id='line_1_65' title="bbox 1298 636 2216 684; baseline -0.002 -13"><span class='ocrx_word' id='word_1_410' title='bbox 1298 639 1458 683; x_wconf 83' lang='lat' dir='ltr'>Quaerat</span> <span class='ocrx_word' id='word_1_411' title='bbox 1477 638 1623 684; x_wconf 87' lang='lat' dir='ltr'>aliquis,</span> <span class='ocrx_word' id='word_1_412' title='bbox 1651 638 1736 683; x_wconf 90' lang='lat' dir='ltr'>quid</span> <span class='ocrx_word' id='word_1_413' title='bbox 1752 636 1840 671; x_wconf 88' lang='lat' dir='ltr'>haec</span> <span class='ocrx_word' id='word_1_414' title='bbox 1854 644 1928 671; x_wconf 89' lang='lat' dir='ltr'>tota</span> <span class='ocrx_word' id='word_1_415' title='bbox 1947 638 2039 671; x_wconf 89' lang='lat' dir='ltr'>ratio</span> <span class='ocrx_word' id='word_1_416' title='bbox 2056 636 2216 670; x_wconf 88' lang='lat' dir='ltr'>discendi</span> 
     </span>
     <span class='ocr_line' id='line_1_66' title="bbox 1221 688 2214 735; baseline 0 -14"><span class='ocrx_word' id='word_1_417' title='bbox 1221 690 1264 721; x_wconf 88' lang='lat' dir='ltr'>ad</span> <span class='ocrx_word' id='word_1_418' title='bbox 1284 690 1452 733; x_wconf 85' lang='lat' dir='ltr'>pietatem</span> <span class='ocrx_word' id='word_1_419' title='bbox 1472 688 1672 722; x_wconf 80' lang='lat' dir='ltr'>conducat?</span> <span class='ocrx_word' id='word_1_420' title='bbox 1688 688 1750 735; x_wconf 88' lang='lat'>¹⁰⁰)</span> <span class='ocrx_word' id='word_1_421' title='bbox 1781 689 1845 723; x_wconf 88' lang='lat' dir='ltr'>Est</span> <span class='ocrx_word' id='word_1_422' title='bbox 1862 689 1899 722; x_wconf 91' lang='lat' dir='ltr'>in</span> <span class='ocrx_word' id='word_1_423' title='bbox 1917 691 2099 733; x_wconf 84' lang='lat' dir='ltr'>promptu,</span> <span class='ocrx_word' id='word_1_424' title='bbox 2128 688 2214 733; x_wconf 92' lang='lat' dir='ltr'>quid</span> 
     </span>
     <span class='ocr_line' id='line_1_67' title="bbox 1221 739 2215 784; baseline -0.001 -12"><span class='ocrx_word' id='word_1_425' title='bbox 1221 742 1456 784; x_wconf 90' lang='lat' dir='ltr'>respondeam</span> <span class='ocrx_word' id='word_1_426' title='bbox 1470 767 1479 781; x_wconf 85' lang='lat'>,</span> <span class='ocrx_word' id='word_1_427' title='bbox 1507 741 1552 774; x_wconf 91' lang='lat' dir='ltr'>ad</span> <span class='ocrx_word' id='word_1_428' title='bbox 1569 740 1829 773; x_wconf 86' lang='lat' dir='ltr'>immutandam</span> <span class='ocrx_word' id='word_1_429' title='bbox 1849 747 2027 780; x_wconf 79' lang='lat' dir='ltr'>mentem,</span> <span class='ocrx_word' id='word_1_430' title='bbox 2053 739 2215 772; x_wconf 88' lang='lat' dir='ltr'>imbuen-</span> 
     </span>
     <span class='ocr_line' id='line_1_68' title="bbox 1221 789 2215 838; baseline -0.001 -14"><span class='ocrx_word' id='word_1_431' title='bbox 1221 792 1375 836; x_wconf 91' lang='lat' dir='ltr'>damque</span> <span class='ocrx_word' id='word_1_432' title='bbox 1389 792 1419 838; x_wconf 88' lang='lat'>¹)</span> <span class='ocrx_word' id='word_1_433' title='bbox 1437 792 1608 836; x_wconf 82' lang='lat' dir='ltr'>religione</span> <span class='ocrx_word' id='word_1_434' title='bbox 1626 789 1717 824; x_wconf 83' lang='lat' dir='ltr'>nihil</span> <span class='ocrx_word' id='word_1_435' title='bbox 1736 791 1920 830; x_wconf 90' lang='lat' dir='ltr'>conducit;</span> <span class='ocrx_word' id='word_1_436' title='bbox 1954 803 2038 824; x_wconf 88' lang='lat' dir='ltr'>nam</span> <span class='ocrx_word' id='word_1_437' title='bbox 2056 790 2092 823; x_wconf 87' lang='lat' dir='ltr'>id</span> <span class='ocrx_word' id='word_1_438' title='bbox 2109 789 2215 823; x_wconf 82' lang='lat' dir='ltr'>efficit</span> 
     </span>
     <span class='ocr_line' id='line_1_69' title="bbox 1221 842 2217 887; baseline -0.001 -12"><span class='ocrx_word' id='word_1_439' title='bbox 1221 843 1380 876; x_wconf 90' lang='lat' dir='ltr'>coelestis</span> <span class='ocrx_word' id='word_1_440' title='bbox 1404 843 1549 886; x_wconf 90' lang='lat' dir='ltr'>spiritus</span> <span class='ocrx_word' id='word_1_441' title='bbox 1573 854 1637 887; x_wconf 92' lang='lat' dir='ltr'>per</span> <span class='ocrx_word' id='word_1_442' title='bbox 1659 854 1798 876; x_wconf 87' lang='lat' dir='ltr'>sacrum</span> <span class='ocrx_word' id='word_1_443' title='bbox 1825 854 2047 881; x_wconf 78' lang='lat' dir='ltr'>sermonem3</span> <span class='ocrx_word' id='word_1_444' title='bbox 2088 842 2150 875; x_wconf 84' lang='lat' dir='ltr'>sed</span> <span class='ocrx_word' id='word_1_445' title='bbox 2170 842 2217 875; x_wconf 90' lang='lat' dir='ltr'>ad</span> 
     </span>
     <span class='ocr_line' id='line_1_70' title="bbox 1222 894 2216 940; baseline -0.002 -14"><span class='ocrx_word' id='word_1_446' title='bbox 1222 895 1507 937; x_wconf 86' lang='lat' dir='ltr'>cognoscendum</span> <span class='ocrx_word' id='word_1_447' title='bbox 1518 894 1549 940; x_wconf 77' lang='lat'>²)</span> <span class='ocrx_word' id='word_1_448' title='bbox 1580 905 1783 927; x_wconf 89' lang='lat' dir='ltr'>sermonem</span> <span class='ocrx_word' id='word_1_449' title='bbox 1807 906 1989 927; x_wconf 85' lang='lat' dir='ltr'>sacrarum</span> <span class='ocrx_word' id='word_1_450' title='bbox 2014 894 2216 933; x_wconf 85' lang='lat' dir='ltr'>litterarum</span> 
     </span>
     <span class='ocr_line' id='line_1_71' title="bbox 1220 944 2216 989; baseline 0 -13"><span class='ocrx_word' id='word_1_451' title='bbox 1220 944 1365 978; x_wconf 87' lang='lat' dir='ltr'>Graecis</span> <span class='ocrx_word' id='word_1_452' title='bbox 1389 945 1515 978; x_wconf 85' lang='lat' dir='ltr'>litteris</span> <span class='ocrx_word' id='word_1_453' title='bbox 1539 957 1628 989; x_wconf 91' lang='lat' dir='ltr'>opus</span> <span class='ocrx_word' id='word_1_454' title='bbox 1660 951 1728 983; x_wconf 79' lang='lat' dir='ltr'>est3</span> <span class='ocrx_word' id='word_1_455' title='bbox 1771 945 1898 978; x_wconf 88' lang='lat' dir='ltr'>deinde</span> <span class='ocrx_word' id='word_1_456' title='bbox 1922 951 1961 977; x_wconf 89' lang='lat' dir='ltr'>ut</span> <span class='ocrx_word' id='word_1_457' title='bbox 1980 945 2024 977; x_wconf 90' lang='lat' dir='ltr'>de</span> <span class='ocrx_word' id='word_1_458' title='bbox 2051 954 2216 977; x_wconf 86' lang='lat' dir='ltr'>sermone</span> 
     </span>
     <span class='ocr_line' id='line_1_72' title="bbox 1220 995 2217 1040; baseline 0 -12"><span class='ocrx_word' id='word_1_459' title='bbox 1220 995 1349 1029; x_wconf 90' lang='lat' dir='ltr'>rectius</span> <span class='ocrx_word' id='word_1_460' title='bbox 1365 996 1581 1036; x_wconf 84' lang='lat' dir='ltr'>iudicemus,</span> <span class='ocrx_word' id='word_1_461' title='bbox 1610 1001 1644 1029; x_wconf 88' lang='lat' dir='ltr'>et</span> <span class='ocrx_word' id='word_1_462' title='bbox 1660 1002 1700 1029; x_wconf 90' lang='lat' dir='ltr'>ut</span> <span class='ocrx_word' id='word_1_463' title='bbox 1715 997 1882 1040; x_wconf 86' lang='lat' dir='ltr'>dogmata</span> <span class='ocrx_word' id='word_1_464' title='bbox 1907 995 2090 1039; x_wconf 82' lang='lat' dir='ltr'>religionis</span> <span class='ocrx_word' id='word_1_465' title='bbox 2114 1006 2217 1028; x_wconf 85' lang='lat' dir='ltr'>enar-</span> 
     </span>
     <span class='ocr_line' id='line_1_73' title="bbox 1220 1045 2224 1092; baseline 0.002 -14"><span class='ocrx_word' id='word_1_466' title='bbox 1220 1058 1300 1079; x_wconf 90' lang='lat' dir='ltr'>rare</span> <span class='ocrx_word' id='word_1_467' title='bbox 1334 1052 1368 1079; x_wconf 89' lang='lat' dir='ltr'>et</span> <span class='ocrx_word' id='word_1_468' title='bbox 1401 1047 1595 1091; x_wconf 84' lang='lat' dir='ltr'>explicare,</span> <span class='ocrx_word' id='word_1_469' title='bbox 1638 1047 1776 1092; x_wconf 86' lang='lat' dir='ltr'>quoties</span> <span class='ocrx_word' id='word_1_470' title='bbox 1810 1047 1925 1091; x_wconf 89' lang='lat' dir='ltr'>poscit</span> <span class='ocrx_word' id='word_1_471' title='bbox 1954 1045 2023 1080; x_wconf 91' lang='lat' dir='ltr'>hoc</span> <span class='ocrx_word' id='word_1_472' title='bbox 2054 1045 2224 1090; x_wconf 68' lang='lat' dir='ltr'>publicus</span> 
     </span>
     <span class='ocr_line' id='line_1_74' title="bbox 1220 1097 2224 1142; baseline 0 -13"><span class='ocrx_word' id='word_1_473' title='bbox 1220 1109 1321 1137; x_wconf 89' lang='lat' dir='ltr'>usus,</span> <span class='ocrx_word' id='word_1_474' title='bbox 1349 1097 1547 1141; x_wconf 87' lang='lat' dir='ltr'>possimus,</span> <span class='ocrx_word' id='word_1_475' title='bbox 1573 1097 1672 1130; x_wconf 84' lang='lat' dir='ltr'>varie</span> <span class='ocrx_word' id='word_1_476' title='bbox 1687 1098 1923 1142; x_wconf 86' lang='lat' dir='ltr'>subigendum</span> <span class='ocrx_word' id='word_1_477' title='bbox 1944 1104 1995 1131; x_wconf 88' lang='lat' dir='ltr'>est</span> <span class='ocrx_word' id='word_1_478' title='bbox 2019 1097 2224 1142; x_wconf 81' lang='lat' dir='ltr'>ingenium„</span> 
     </span>
     <span class='ocr_line' id='line_1_75' title="bbox 1221 1148 2218 1192; baseline 0.001 -13"><span class='ocrx_word' id='word_1_479' title='bbox 1221 1153 1254 1180; x_wconf 90' lang='lat' dir='ltr'>et</span> <span class='ocrx_word' id='word_1_480' title='bbox 1272 1148 1438 1182; x_wconf 88' lang='lat' dir='ltr'>omnibus</span> <span class='ocrx_word' id='word_1_481' title='bbox 1454 1148 1649 1192; x_wconf 90' lang='lat' dir='ltr'>disciplinis</span> <span class='ocrx_word' id='word_1_482' title='bbox 1666 1149 1911 1183; x_wconf 85' lang='lat' dir='ltr'>excolendum.</span> <span class='ocrx_word' id='word_1_483' title='bbox 1971 1149 2065 1183; x_wconf 87' lang='lat' dir='ltr'>Nam</span> <span class='ocrx_word' id='word_1_484' title='bbox 2090 1154 2130 1181; x_wconf 92' lang='lat' dir='ltr'>ut</span> <span class='ocrx_word' id='word_1_485' title='bbox 2155 1159 2218 1181; x_wconf 91' lang='lat' dir='ltr'>ne-</span> 
     </span>
     <span class='ocr_line' id='line_1_76' title="bbox 1220 1198 2217 1243; baseline 0.001 -13"><span class='ocrx_word' id='word_1_486' title='bbox 1220 1198 1340 1241; x_wconf 86' lang='lat' dir='ltr'>glectis</span> <span class='ocrx_word' id='word_1_487' title='bbox 1355 1199 1427 1232; x_wconf 85' lang='lat' dir='ltr'>filix</span> <span class='ocrx_word' id='word_1_488' title='bbox 1440 1199 1637 1232; x_wconf 90' lang='lat' dir='ltr'>innascitur</span> <span class='ocrx_word' id='word_1_489' title='bbox 1659 1200 1771 1243; x_wconf 83' lang='lat' dir='ltr'>agris,</span> <span class='ocrx_word' id='word_1_490' title='bbox 1807 1200 1856 1232; x_wconf 90' lang='lat' dir='ltr'>ita</span> <span class='ocrx_word' id='word_1_491' title='bbox 1883 1200 1922 1232; x_wconf 89' lang='lat' dir='ltr'>in</span> <span class='ocrx_word' id='word_1_492' title='bbox 1948 1199 2118 1242; x_wconf 87' lang='lat' dir='ltr'>ingeniis,</span> <span class='ocrx_word' id='word_1_493' title='bbox 2148 1198 2217 1232; x_wconf 90' lang='lat' dir='ltr'>nisi</span> 
     </span>
     <span class='ocr_line' id='line_1_77' title="bbox 1220 1249 2218 1293; baseline 0.002 -12"><span class='ocrx_word' id='word_1_494' title='bbox 1220 1256 1458 1293; x_wconf 83' lang='lat' dir='ltr'>repurgentur</span> <span class='ocrx_word' id='word_1_495' title='bbox 1475 1249 1692 1293; x_wconf 86' lang='lat' dir='ltr'>elegantiore</span> <span class='ocrx_word' id='word_1_496' title='bbox 1708 1250 1928 1290; x_wconf 88' lang='lat' dir='ltr'>litteratura,</span> <span class='ocrx_word' id='word_1_497' title='bbox 1955 1250 2054 1290; x_wconf 81' lang='lat' dir='ltr'>velut</span> <span class='ocrx_word' id='word_1_498' title='bbox 2073 1249 2218 1283; x_wconf 89' lang='lat' dir='ltr'>inutiles</span> 
     </span>
     <span class='ocr_line' id='line_1_78' title="bbox 1221 1298 2218 1344; baseline 0 -12"><span class='ocrx_word' id='word_1_499' title='bbox 1221 1298 1351 1332; x_wconf 89' lang='lat' dir='ltr'>herbae</span> <span class='ocrx_word' id='word_1_500' title='bbox 1383 1306 1488 1333; x_wconf 89' lang='lat' dir='ltr'>natae</span> <span class='ocrx_word' id='word_1_501' title='bbox 1516 1301 1589 1333; x_wconf 65' lang='lat' dir='ltr'>vim</span> <span class='ocrx_word' id='word_1_502' title='bbox 1613 1301 1743 1334; x_wconf 87' lang='lat' dir='ltr'>mentis</span> <span class='ocrx_word' id='word_1_503' title='bbox 1767 1313 1909 1334; x_wconf 90' lang='lat' dir='ltr'>omnem</span> <span class='ocrx_word' id='word_1_504' title='bbox 1934 1300 2160 1344; x_wconf 87' lang='lat' dir='ltr'>strangulant</span> <span class='ocrx_word' id='word_1_505' title='bbox 2183 1306 2218 1333; x_wconf 88' lang='lat' dir='ltr'>et</span> 
     </span>
     <span class='ocr_line' id='line_1_79' title="bbox 1224 1351 2217 1395; baseline 0.001 -12"><span class='ocrx_word' id='word_1_506' title='bbox 1224 1357 1394 1392; x_wconf 85' lang='lat' dir='ltr'>enecant,</span> <span class='ocrx_word' id='word_1_507' title='bbox 1419 1363 1463 1383; x_wconf 88' lang='lat' dir='ltr'>ne</span> <span class='ocrx_word' id='word_1_508' title='bbox 1481 1358 1542 1384; x_wconf 88' lang='lat' dir='ltr'>aut</span> <span class='ocrx_word' id='word_1_509' title='bbox 1558 1351 1743 1395; x_wconf 84' lang='lat' dir='ltr'>pervidere</span> <span class='ocrx_word' id='word_1_510' title='bbox 1765 1364 1820 1385; x_wconf 91' lang='lat' dir='ltr'>res</span> <span class='ocrx_word' id='word_1_511' title='bbox 1846 1353 2034 1392; x_wconf 86' lang='lat' dir='ltr'>obscuras,</span> <span class='ocrx_word' id='word_1_512' title='bbox 2068 1357 2130 1385; x_wconf 78' lang='lat' dir='ltr'>aut</span> <span class='ocrx_word' id='word_1_513' title='bbox 2152 1363 2217 1395; x_wconf 89' lang='lat' dir='ltr'>pu-.</span> 
     </span>
     <span class='ocr_line' id='line_1_80' title="bbox 1220 1402 2216 1448; baseline 0.001 -15"><span class='ocrx_word' id='word_1_514' title='bbox 1220 1402 1373 1441; x_wconf 69' lang='lat' dir='ltr'>blicam,</span> <span class='ocrx_word' id='word_1_515' title='bbox 1402 1408 1436 1434; x_wconf 92' lang='lat' dir='ltr'>et</span> <span class='ocrx_word' id='word_1_516' title='bbox 1458 1402 1495 1434; x_wconf 91' lang='lat' dir='ltr'>in</span> <span class='ocrx_word' id='word_1_517' title='bbox 1520 1409 1680 1447; x_wconf 86' lang='lat' dir='ltr'>apertam</span> <span class='ocrx_word' id='word_1_518' title='bbox 1691 1402 1722 1448; x_wconf 84' lang='lat'>3)</span> <span class='ocrx_word' id='word_1_519' title='bbox 1746 1402 1860 1436; x_wconf 91' lang='lat' dir='ltr'>lucem</span> <span class='ocrx_word' id='word_1_520' title='bbox 1884 1403 2046 1446; x_wconf 82' lang='lat' dir='ltr'>proferre</span> <span class='ocrx_word' id='word_1_521' title='bbox 2073 1407 2216 1447; x_wconf 77' lang='lat' dir='ltr'>queant.</span> 
     </span>
     <span class='ocr_line' id='line_1_81' title="bbox 1224 1452 2217 1498; baseline 0 -14"><span class='ocrx_word' id='word_1_522' title='bbox 1224 1452 1354 1496; x_wconf 82' lang='lat' dir='ltr'>Magna</span> <span class='ocrx_word' id='word_1_523' title='bbox 1374 1454 1549 1498; x_wconf 89' lang='lat' dir='ltr'>quaedam</span> <span class='ocrx_word' id='word_1_524' title='bbox 1570 1454 1682 1487; x_wconf 82' lang='lat' dir='ltr'>virtus</span> <span class='ocrx_word' id='word_1_525' title='bbox 1698 1459 1748 1486; x_wconf 88' lang='lat' dir='ltr'>est</span> <span class='ocrx_word' id='word_1_526' title='bbox 1764 1453 1966 1498; x_wconf 86' lang='lat' dir='ltr'>eloquentia</span> <span class='ocrx_word' id='word_1_527' title='bbox 1979 1480 1989 1494; x_wconf 89' lang='lat'>‚</span> <span class='ocrx_word' id='word_1_528' title='bbox 2021 1459 2073 1492; x_wconf 86' lang='lat' dir='ltr'>et,</span> <span class='ocrx_word' id='word_1_529' title='bbox 2101 1459 2141 1485; x_wconf 89' lang='lat' dir='ltr'>ut</span> <span class='ocrx_word' id='word_1_530' title='bbox 2158 1452 2217 1485; x_wconf 88' lang='lat' dir='ltr'>ille</span> 
     </span>
     <span class='ocr_line' id='line_1_82' title="bbox 1222 1503 2218 1550; baseline 0.001 -15"><span class='ocrx_word' id='word_1_531' title='bbox 1222 1503 1257 1536; x_wconf 88' lang='lat' dir='ltr'>in</span> <span class='ocrx_word' id='word_1_532' title='bbox 1276 1504 1459 1547; x_wconf 84' lang='lat' dir='ltr'>tragoedia</span> <span class='ocrx_word' id='word_1_533' title='bbox 1479 1504 1585 1544; x_wconf 86' lang='lat' dir='ltr'>dixit,</span> <span class='ocrx_word' id='word_1_534' title='bbox 1613 1516 1732 1537; x_wconf 88' lang='lat' dir='ltr'>rerum</span> <span class='ocrx_word' id='word_1_535' title='bbox 1752 1504 1976 1550; x_wconf 68' lang='lat' dir='ltr'>dominassa),</span> <span class='ocrx_word' id='word_1_536' title='bbox 2007 1516 2078 1549; x_wconf 91' lang='lat' dir='ltr'>quo</span> <span class='ocrx_word' id='word_1_537' title='bbox 2094 1504 2137 1536; x_wconf 94' lang='lat' dir='ltr'>de</span> <span class='ocrx_word' id='word_1_538' title='bbox 2156 1504 2218 1545; x_wconf 87' lang='lat' dir='ltr'>ob-</span> 
     </span>
     <span class='ocr_line' id='line_1_83' title="bbox 1223 1553 2225 1595; baseline 0 -7"><span class='ocrx_word' id='word_1_539' title='bbox 1223 1555 1332 1588; x_wconf 90' lang='lat' dir='ltr'>scuris</span> <span class='ocrx_word' id='word_1_540' title='bbox 1350 1555 1455 1588; x_wconf 78' lang='lat' dir='ltr'>rebus</span> <span class='ocrx_word' id='word_1_541' title='bbox 1473 1556 1597 1588; x_wconf 89' lang='lat' dir='ltr'>ordine</span> <span class='ocrx_word' id='word_1_542' title='bbox 1617 1567 1656 1588; x_wconf 89' lang='lat' dir='ltr'>ac</span> <span class='ocrx_word' id='word_1_543' title='bbox 1676 1555 1830 1589; x_wconf 91' lang='lat' dir='ltr'>dilucide</span> <span class='ocrx_word' id='word_1_544' title='bbox 1847 1556 2020 1589; x_wconf 89' lang='lat' dir='ltr'>dicamus.</span> <span class='ocrx_word' id='word_1_545' title='bbox 2078 1553 2131 1588; x_wconf 85' lang='lat' dir='ltr'>Ea</span> <span class='ocrx_word' id='word_1_546' title='bbox 2156 1566 2225 1595; x_wconf 67' lang='lat' dir='ltr'>ne.-r</span> 
     </span>
     <span class='ocr_line' id='line_1_84' title="bbox 1222 1603 2218 1652; baseline 0.001 -15"><span class='ocrx_word' id='word_1_547' title='bbox 1222 1605 1311 1638; x_wconf 89' lang='lat' dir='ltr'>mini</span> <span class='ocrx_word' id='word_1_548' title='bbox 1327 1606 1402 1639; x_wconf 90' lang='lat' dir='ltr'>sine</span> <span class='ocrx_word' id='word_1_549' title='bbox 1419 1619 1549 1651; x_wconf 85' lang='lat' dir='ltr'>magno</span> <span class='ocrx_word' id='word_1_550' title='bbox 1564 1619 1630 1640; x_wconf 89' lang='lat' dir='ltr'>usu</span> <span class='ocrx_word' id='word_1_551' title='bbox 1647 1618 1770 1639; x_wconf 87' lang='lat' dir='ltr'>earum</span> <span class='ocrx_word' id='word_1_552' title='bbox 1788 1607 1919 1640; x_wconf 90' lang='lat' dir='ltr'>artium</span> <span class='ocrx_word' id='word_1_553' title='bbox 1931 1633 1940 1648; x_wconf 82' lang='lat'>‚</span> <span class='ocrx_word' id='word_1_554' title='bbox 1975 1618 2065 1652; x_wconf 88' lang='lat' dir='ltr'>quae</span> <span class='ocrx_word' id='word_1_555' title='bbox 2091 1603 2218 1639; x_wconf 91' lang='lat' dir='ltr'>huma-</span> 
     </span>
     <span class='ocr_line' id='line_1_85' title="bbox 1221 1657 2218 1704; baseline 0.001 -16"><span class='ocrx_word' id='word_1_556' title='bbox 1221 1657 1344 1690; x_wconf 89' lang='lat' dir='ltr'>nitatis</span> <span class='ocrx_word' id='word_1_557' title='bbox 1367 1658 1606 1702; x_wconf 86' lang='lat' dir='ltr'>appellatione</span> <span class='ocrx_word' id='word_1_558' title='bbox 1630 1658 1878 1698; x_wconf 89' lang='lat' dir='ltr'>continentur,</span> <span class='ocrx_word' id='word_1_559' title='bbox 1923 1657 2095 1704; x_wconf 87' lang='lat' dir='ltr'>variaque</span> <span class='ocrx_word' id='word_1_560' title='bbox 2120 1669 2218 1690; x_wconf 85' lang='lat' dir='ltr'>exer-</span> 
     </span>
     <span class='ocr_line' id='line_1_86' title="bbox 1223 1705 2218 1753; baseline 0.002 -13"><span class='ocrx_word' id='word_1_561' title='bbox 1223 1708 1390 1741; x_wconf 84' lang='lat' dir='ltr'>citatione</span> <span class='ocrx_word' id='word_1_562' title='bbox 1409 1709 1593 1753; x_wconf 86' lang='lat' dir='ltr'>contingit.</span> <span class='ocrx_word' id='word_1_563' title='bbox 1647 1708 1743 1742; x_wconf 87' lang='lat' dir='ltr'>Haec</span> <span class='ocrx_word' id='word_1_564' title='bbox 1758 1721 1835 1742; x_wconf 89' lang='lat' dir='ltr'>mea</span> <span class='ocrx_word' id='word_1_565' title='bbox 1855 1709 1949 1742; x_wconf 88' lang='lat' dir='ltr'>ratio</span> <span class='ocrx_word' id='word_1_566' title='bbox 1967 1715 2036 1748; x_wconf 88' lang='lat' dir='ltr'>est,</span> <span class='ocrx_word' id='word_1_567' title='bbox 2065 1720 2127 1741; x_wconf 91' lang='lat' dir='ltr'>cur</span> <span class='ocrx_word' id='word_1_568' title='bbox 2153 1705 2218 1742; x_wconf 88' lang='lat' dir='ltr'>has</span> 
     </span>
     <span class='ocr_line' id='line_1_87' title="bbox 1222 1759 2217 1804; baseline 0 -13"><span class='ocrx_word' id='word_1_569' title='bbox 1222 1765 1315 1793; x_wconf 87' lang='lat' dir='ltr'>artes</span> <span class='ocrx_word' id='word_1_570' title='bbox 1346 1761 1552 1804; x_wconf 84' lang='lat' dir='ltr'>profuturas</span> <span class='ocrx_word' id='word_1_571' title='bbox 1589 1760 1695 1793; x_wconf 89' lang='lat' dir='ltr'>etiam</span> <span class='ocrx_word' id='word_1_572' title='bbox 1727 1760 1850 1794; x_wconf 82' lang='lat' dir='ltr'>studiis</span> <span class='ocrx_word' id='word_1_573' title='bbox 1882 1759 2066 1803; x_wconf 85' lang='lat' dir='ltr'>religionis</span> <span class='ocrx_word' id='word_1_574' title='bbox 2100 1759 2217 1793; x_wconf 79' lang='lat' dir='ltr'>existi-</span> 
     </span>
     <span class='ocr_line' id='line_1_88' title="bbox 1221 1808 2218 1855; baseline -0.006 -13"><span class='ocrx_word' id='word_1_575' title='bbox 1221 1823 1334 1850; x_wconf 82' lang='lat' dir='ltr'>mem,</span> <span class='ocrx_word' id='word_1_576' title='bbox 1372 1824 1440 1855; x_wconf 75' lang='lat' dir='ltr'>qua</span> <span class='ocrx_word' id='word_1_577' title='bbox 1467 1813 1509 1844; x_wconf 85' lang='lat' dir='ltr'>de</span> <span class='ocrx_word' id='word_1_578' title='bbox 1534 1823 1571 1843; x_wconf 86' lang='lat' dir='ltr'>re</span> <span class='ocrx_word' id='word_1_579' title='bbox 1595 1823 1669 1840; x_wconf 89' lang='lat' dir='ltr'>non</span> <span class='ocrx_word' id='word_1_580' title='bbox 1694 1811 1808 1840; x_wconf 80' lang='lat' dir='ltr'>dicam</span> <span class='ocrx_word' id='word_1_581' title='bbox 1835 1809 1893 1839; x_wconf 83' lang='lat' dir='ltr'>hie</span> <span class='ocrx_word' id='word_1_582' title='bbox 1917 1810 2077 1849; x_wconf 77' lang='lat' dir='ltr'>lougius,</span> <span class='ocrx_word' id='word_1_583' title='bbox 2104 1817 2148 1838; x_wconf 83' lang='lat' dir='ltr'>ne</span> <span class='ocrx_word' id='word_1_584' title='bbox 2166 1808 2218 1837; x_wconf 88' lang='lat' dir='ltr'>vi-</span> 
     </span>
     <span class='ocr_line' id='line_1_89' title="bbox 1221 1857 2216 1905; baseline -0.003 -14"><span class='ocrx_word' id='word_1_585' title='bbox 1221 1861 1306 1891; x_wconf 88' lang='lat' dir='ltr'>dear</span> <span class='ocrx_word' id='word_1_586' title='bbox 1324 1859 1380 1898; x_wconf 76' lang='grc' dir='ltr'>ὃὶς</span> <span class='ocrx_word' id='word_1_587' title='bbox 1396 1858 1633 1905; x_wconf 51' lang='grc' dir='ltr'>κράμβηνιῑ),</span> <span class='ocrx_word' id='word_1_588' title='bbox 1662 1858 1759 1903; x_wconf 91' lang='lat' dir='ltr'>quod</span> <span class='ocrx_word' id='word_1_589' title='bbox 1781 1858 1923 1898; x_wconf 85' lang='lat' dir='ltr'>dicunt,</span> <span class='ocrx_word' id='word_1_590' title='bbox 1951 1857 2108 1896; x_wconf 82' lang='lat' dir='ltr'>adferre,</span> <span class='ocrx_word' id='word_1_591' title='bbox 2136 1868 2216 1889; x_wconf 91' lang='lat' dir='ltr'>cum</span> 
     </span>
     <span class='ocr_line' id='line_1_90' title="bbox 1221 1908 2217 1953; baseline -0.002 -11"><span class='ocrx_word' id='word_1_592' title='bbox 1221 1910 1307 1943; x_wconf 87' lang='lat' dir='ltr'>alias</span> <span class='ocrx_word' id='word_1_593' title='bbox 1332 1908 1424 1942; x_wconf 88' lang='lat' dir='ltr'>hanc</span> <span class='ocrx_word' id='word_1_594' title='bbox 1449 1922 1591 1943; x_wconf 88' lang='lat' dir='ltr'>causam</span> <span class='ocrx_word' id='word_1_595' title='bbox 1618 1909 1763 1953; x_wconf 88' lang='lat' dir='ltr'>egerim.</span> <span class='ocrx_word' id='word_1_596' title='bbox 1829 1908 1903 1942; x_wconf 88' lang='lat' dir='ltr'>Vos</span> <span class='ocrx_word' id='word_1_597' title='bbox 1931 1914 2069 1948; x_wconf 89' lang='lat' dir='ltr'>autem,</span> <span class='ocrx_word' id='word_1_598' title='bbox 2104 1919 2217 1953; x_wconf 87' lang='lat' dir='ltr'>quan-</span> 
     </span>
     <span class='ocr_line' id='line_1_91' title="bbox 1221 1958 2214 2006; baseline -0.004 -12"><span class='ocrx_word' id='word_1_599' title='bbox 1221 1967 1295 1993; x_wconf 85' lang='lat' dir='ltr'>tum</span> <span class='ocrx_word' id='word_1_600' title='bbox 1313 1974 1476 2005; x_wconf 86' lang='lat' dir='ltr'>possum,</span> <span class='ocrx_word' id='word_1_601' title='bbox 1502 1959 1649 2000; x_wconf 90' lang='lat' dir='ltr'>hortor,</span> <span class='ocrx_word' id='word_1_602' title='bbox 1684 1967 1744 2000; x_wconf 90' lang='lat' dir='ltr'>ut,</span> <span class='ocrx_word' id='word_1_603' title='bbox 1779 1960 2085 2006; x_wconf 86' lang='lat' dir='ltr'>quemadmodum</span> <span class='ocrx_word' id='word_1_604' title='bbox 2111 1958 2214 1991; x_wconf 90' lang='lat' dir='ltr'>initio</span> 
     </span>
     <span class='ocr_line' id='line_1_92' title="bbox 1221 2011 2215 2056; baseline -0.002 -12"><span class='ocrx_word' id='word_1_605' title='bbox 1221 2012 1313 2052; x_wconf 84' lang='lat' dir='ltr'>dixi,</span> <span class='ocrx_word' id='word_1_606' title='bbox 1358 2012 1578 2046; x_wconf 91' lang='lat' dir='ltr'>constituatis</span> <span class='ocrx_word' id='word_1_607' title='bbox 1602 2011 1669 2056; x_wconf 89' lang='lat' dir='ltr'>ipsi</span> <span class='ocrx_word' id='word_1_608' title='bbox 1695 2011 1898 2051; x_wconf 85' lang='lat' dir='ltr'>vobiscum,</span> <span class='ocrx_word' id='word_1_609' title='bbox 1933 2023 2039 2056; x_wconf 87' lang='lat' dir='ltr'>quem</span> <span class='ocrx_word' id='word_1_610' title='bbox 2061 2011 2215 2043; x_wconf 82' lang='lat' dir='ltr'>fructum</span> 
     </span>
     <span class='ocr_line' id='line_1_93' title="bbox 1222 2061 2217 2108; baseline -0.003 -12"><span class='ocrx_word' id='word_1_611' title='bbox 1222 2076 1262 2096; x_wconf 79' lang='lat' dir='ltr'>ex</span> <span class='ocrx_word' id='word_1_612' title='bbox 1279 2064 1403 2097; x_wconf 88' lang='lat' dir='ltr'>studiis</span> <span class='ocrx_word' id='word_1_613' title='bbox 1422 2069 1540 2108; x_wconf 86' lang='lat' dir='ltr'>petere</span> <span class='ocrx_word' id='word_1_614' title='bbox 1557 2075 1619 2096; x_wconf 84' lang='lat' dir='ltr'>vos</span> <span class='ocrx_word' id='word_1_615' title='bbox 1638 2064 1851 2103; x_wconf 78' lang='lat' dir='ltr'>conveniat,</span> <span class='ocrx_word' id='word_1_616' title='bbox 1887 2068 1920 2095; x_wconf 90' lang='lat' dir='ltr'>et</span> <span class='ocrx_word' id='word_1_617' title='bbox 1943 2068 1983 2094; x_wconf 91' lang='lat' dir='ltr'>ut</span> <span class='ocrx_word' id='word_1_618' title='bbox 2006 2074 2083 2094; x_wconf 88' lang='lat' dir='ltr'>eam</span> <span class='ocrx_word' id='word_1_619' title='bbox 2107 2061 2217 2093; x_wconf 88' lang='lat' dir='ltr'>ratio-</span> 
     </span>
    </p>
   </div>
   <div class='ocr_carea' id='block_1_11' title="bbox 1258 2186 2220 2710">
    <p class='ocr_par' dir='ltr' id='par_1_15' title="bbox 1259 2186 2219 2256">
     <span class='ocr_line' id='line_1_94' title="bbox 1259 2186 2219 2223; baseline -0.004 -8"><span class='ocrx_word' id='word_1_620' title='bbox 1259 2191 1321 2223; x_wconf 87' lang='lat'><strong>100)</strong></span> <span class='ocrx_word' id='word_1_621' title='bbox 1342 2191 1410 2214; x_wconf 79' lang='lat' dir='ltr'>Huic</span> <span class='ocrx_word' id='word_1_622' title='bbox 1428 2191 1486 2213; x_wconf 81' lang='lat' dir='ltr'>loco</span> <span class='ocrx_word' id='word_1_623' title='bbox 1501 2190 1529 2212; x_wconf 88' lang='lat' dir='ltr'>iu</span> <span class='ocrx_word' id='word_1_624' title='bbox 1544 2189 1727 2219; x_wconf 78' lang='lat' dir='ltr'>Editt.1559.‚</span> <span class='ocrx_word' id='word_1_625' title='bbox 1748 2188 1823 2212; x_wconf 70' lang='lat'>1564.</span> <span class='ocrx_word' id='word_1_626' title='bbox 1837 2189 1879 2215; x_wconf 83' lang='lat' dir='ltr'>A.,</span> <span class='ocrx_word' id='word_1_627' title='bbox 1901 2187 1985 2216; x_wconf 56' lang='lat'>1570„</span> <span class='ocrx_word' id='word_1_628' title='bbox 2007 2186 2082 2210; x_wconf 78' lang='lat'>1587.</span> <span class='ocrx_word' id='word_1_629' title='bbox 2100 2186 2128 2210; x_wconf 88' lang='lat' dir='ltr'>in</span> <span class='ocrx_word' id='word_1_630' title='bbox 2143 2192 2219 2211; x_wconf 84' lang='lat' dir='ltr'>mar-</span> 
     </span>
     <span class='ocr_line' id='line_1_95' title="bbox 1292 2221 2170 2256; baseline -0.002 -9"><span class='ocrx_word' id='word_1_631' title='bbox 1292 2226 1348 2256; x_wconf 70' lang='lat' dir='ltr'>gin.</span> <span class='ocrx_word' id='word_1_632' title='bbox 1367 2224 1505 2253; x_wconf 79' lang='lat' dir='ltr'>adscripta</span> <span class='ocrx_word' id='word_1_633' title='bbox 1525 2225 1604 2247; x_wconf 88' lang='lat' dir='ltr'>suut:</span> <span class='ocrx_word' id='word_1_634' title='bbox 1633 2223 1703 2252; x_wconf 86' lang='lat' dir='ltr'>Quid</span> <span class='ocrx_word' id='word_1_635' title='bbox 1721 2223 1873 2246; x_wconf 83' lang='lat' dir='ltr'>conducant</span> <span class='ocrx_word' id='word_1_636' title='bbox 1893 2223 1959 2245; x_wconf 81' lang='lat' dir='ltr'>haec</span> <span class='ocrx_word' id='word_1_637' title='bbox 1978 2221 2012 2244; x_wconf 87' lang='lat' dir='ltr'>ad</span> <span class='ocrx_word' id='word_1_638' title='bbox 2031 2221 2170 2250; x_wconf 85' lang='lat' dir='ltr'>pietatem.</span> 
     </span>
    </p>

    <p class='ocr_par' dir='ltr' id='par_1_16' title="bbox 1260 2263 2219 2365">
     <span class='ocr_line' id='line_1_96' title="bbox 1260 2263 2219 2300; baseline -0.004 -9"><span class='ocrx_word' id='word_1_639' title='bbox 1260 2268 1286 2300; x_wconf 89' lang='lat'>1)</span> <span class='ocrx_word' id='word_1_640' title='bbox 1308 2267 1544 2295; x_wconf 74' lang='lat' dir='ltr'>imbuendamque]</span> <span class='ocrx_word' id='word_1_641' title='bbox 1565 2266 1605 2289; x_wconf 85' lang='lat' dir='ltr'>sic</span> <span class='ocrx_word' id='word_1_642' title='bbox 1624 2266 1707 2289; x_wconf 87' lang='lat' dir='ltr'>Editt.</span> <span class='ocrx_word' id='word_1_643' title='bbox 1729 2265 1821 2293; x_wconf 53' lang='lat'>1557„</span> <span class='ocrx_word' id='word_1_644' title='bbox 1848 2265 1922 2289; x_wconf 69' lang='lat'>1564.</span> <span class='ocrx_word' id='word_1_645' title='bbox 1937 2265 1984 2293; x_wconf 78' lang='lat' dir='ltr'>L.‚</span> <span class='ocrx_word' id='word_1_646' title='bbox 2012 2264 2103 2295; x_wconf 79' lang='lat'>1569.,</span> <span class='ocrx_word' id='word_1_647' title='bbox 2130 2263 2219 2294; x_wconf 61' lang='lat'>1581„</span> 
     </span>
     <span class='ocr_line' id='line_1_97' title="bbox 1294 2298 2219 2333; baseline -0.003 -7"><span class='ocrx_word' id='word_1_648' title='bbox 1294 2302 1385 2333; x_wconf 54' lang='lat'>1585„</span> <span class='ocrx_word' id='word_1_649' title='bbox 1412 2301 1504 2327; x_wconf 77' lang='lat'>1591.,</span> <span class='ocrx_word' id='word_1_650' title='bbox 1534 2301 1625 2331; x_wconf 51' lang='lat'>1801„</span> <span class='ocrx_word' id='word_1_651' title='bbox 1652 2299 1742 2328; x_wconf 80' lang='lat'>1615.,</span> <span class='ocrx_word' id='word_1_652' title='bbox 1770 2299 1861 2327; x_wconf 77' lang='lat'>1623.,</span> <span class='ocrx_word' id='word_1_653' title='bbox 1890 2298 1981 2327; x_wconf 63' lang='grc'>1662,</span> <span class='ocrx_word' id='word_1_654' title='bbox 2011 2304 2035 2323; x_wconf 71' lang='lat' dir='ltr'>s,</span> <span class='ocrx_word' id='word_1_655' title='bbox 2055 2303 2098 2328; x_wconf 79' lang='lat' dir='ltr'>a.;</span> <span class='ocrx_word' id='word_1_656' title='bbox 2134 2298 2219 2323; x_wconf 80' lang='lat' dir='ltr'>Editt.</span> 
     </span>
     <span class='ocr_line' id='line_1_98' title="bbox 1293 2332 2202 2365; baseline -0.006 -5"><span class='ocrx_word' id='word_1_657' title='bbox 1293 2337 1386 2364; x_wconf 60' lang='lat'>1541„</span> <span class='ocrx_word' id='word_1_658' title='bbox 1408 2335 1498 2365; x_wconf 57' lang='lat'>154⁴„</span> <span class='ocrx_word' id='word_1_659' title='bbox 1522 2334 1612 2364; x_wconf 58' lang='lat'>1559„</span> <span class='ocrx_word' id='word_1_660' title='bbox 1633 2334 1709 2358; x_wconf 73' lang='lat'>1564.</span> <span class='ocrx_word' id='word_1_661' title='bbox 1723 2334 1772 2360; x_wconf 81' lang='lat' dir='ltr'>A.,</span> <span class='ocrx_word' id='word_1_662' title='bbox 1795 2333 1886 2363; x_wconf 75' lang='lat'>1570„</span> <span class='ocrx_word' id='word_1_663' title='bbox 1909 2332 1982 2357; x_wconf 66' lang='lat'>1587.</span> <span class='ocrx_word' id='word_1_664' title='bbox 1997 2332 2202 2362; x_wconf 79' lang='lat' dir='ltr'>imbuendaque.</span> 
     </span>
    </p>

    <p class='ocr_par' dir='ltr' id='par_1_17' title="bbox 1258 2374 2218 2444">
     <span class='ocr_line' id='line_1_99' title="bbox 1258 2374 2218 2412; baseline -0.003 -9"><span class='ocrx_word' id='word_1_665' title='bbox 1258 2379 1288 2412; x_wconf 79' lang='lat'>2)</span> <span class='ocrx_word' id='word_1_666' title='bbox 1309 2377 1542 2409; x_wconf 84' lang='lat' dir='ltr'>cognoscendum]</span> <span class='ocrx_word' id='word_1_667' title='bbox 1562 2376 1602 2400; x_wconf 84' lang='lat' dir='ltr'>sic</span> <span class='ocrx_word' id='word_1_668' title='bbox 1616 2382 1710 2399; x_wconf 85' lang='lat' dir='ltr'>omnes</span> <span class='ocrx_word' id='word_1_669' title='bbox 1724 2375 1789 2399; x_wconf 83' lang='lat' dir='ltr'>illae</span> <span class='ocrx_word' id='word_1_670' title='bbox 1799 2375 1882 2399; x_wconf 84' lang='lat' dir='ltr'>Editt.</span> <span class='ocrx_word' id='word_1_671' title='bbox 1897 2376 2010 2406; x_wconf 84' lang='lat' dir='ltr'>excepta</span> <span class='ocrx_word' id='word_1_672' title='bbox 2025 2375 2076 2398; x_wconf 84' lang='lat' dir='ltr'>Ed.</span> <span class='ocrx_word' id='word_1_673' title='bbox 2090 2374 2164 2400; x_wconf 74' lang='lat'>1564.</span> <span class='ocrx_word' id='word_1_674' title='bbox 2175 2375 2218 2407; x_wconf 59' lang='lat' dir='ltr'>In,</span> 
     </span>
     <span class='ocr_line' id='line_1_100' title="bbox 1295 2410 1723 2444; baseline -0.005 -8"><span class='ocrx_word' id='word_1_675' title='bbox 1295 2419 1363 2444; x_wconf 88' lang='lat' dir='ltr'>quae</span> <span class='ocrx_word' id='word_1_676' title='bbox 1383 2413 1480 2436; x_wconf 84' lang='lat' dir='ltr'>habet:</span> <span class='ocrx_word' id='word_1_677' title='bbox 1508 2410 1723 2441; x_wconf 80' lang='lat' dir='ltr'>agnoscendum.</span> 
     </span>
    </p>

    <p class='ocr_par' dir='ltr' id='par_1_18' title="bbox 1258 2452 2218 2520">
     <span class='ocr_line' id='line_1_101' title="bbox 1258 2452 2218 2488; baseline -0.005 -8"><span class='ocrx_word' id='word_1_678' title='bbox 1258 2455 1288 2488; x_wconf 84' lang='lat'>3)</span> <span class='ocrx_word' id='word_1_679' title='bbox 1307 2456 1447 2486; x_wconf 85' lang='lat' dir='ltr'>apertam]</span> <span class='ocrx_word' id='word_1_680' title='bbox 1486 2454 1570 2478; x_wconf 85' lang='lat' dir='ltr'>Editt.</span> <span class='ocrx_word' id='word_1_681' title='bbox 1606 2453 1681 2477; x_wconf 75' lang='grc'>1541.</span> <span class='ocrx_word' id='word_1_682' title='bbox 1702 2453 1730 2475; x_wconf 89' lang='lat' dir='ltr'>B.</span> <span class='ocrx_word' id='word_1_683' title='bbox 1745 2468 1753 2483; x_wconf 89' lang='lat'>‚</span> <span class='ocrx_word' id='word_1_684' title='bbox 1792 2452 1868 2476; x_wconf 72' lang='lat'>1541.</span> <span class='ocrx_word' id='word_1_685' title='bbox 1891 2452 1922 2476; x_wconf 87' lang='lat' dir='ltr'>F.</span> <span class='ocrx_word' id='word_1_686' title='bbox 1958 2457 2054 2476; x_wconf 86' lang='lat' dir='ltr'>errore</span> <span class='ocrx_word' id='word_1_687' title='bbox 2085 2453 2218 2483; x_wconf 76' lang='lat' dir='ltr'>typogr.:</span> 
     </span>
     <span class='ocr_line' id='line_1_102' title="bbox 1292 2492 1426 2520; baseline 0.007 -7"><span class='ocrx_word' id='word_1_688' title='bbox 1292 2492 1426 2520; x_wconf 84' lang='lat' dir='ltr'>apertum.</span> 
     </span>
    </p>

    <p class='ocr_par' dir='ltr' id='par_1_19' title="bbox 1258 2529 2219 2633">
     <span class='ocr_line' id='line_1_103' title="bbox 1258 2529 2219 2564; baseline 0.002 -13"><span class='ocrx_word' id='word_1_689' title='bbox 1258 2532 1312 2564; x_wconf 66' lang='lat'>321)</span> <span class='ocrx_word' id='word_1_690' title='bbox 1335 2534 1391 2556; x_wconf 83' lang='lat' dir='ltr'>Hoc</span> <span class='ocrx_word' id='word_1_691' title='bbox 1421 2533 1465 2555; x_wconf 85' lang='lat' dir='ltr'>est</span> <span class='ocrx_word' id='word_1_692' title='bbox 1489 2531 1588 2554; x_wconf 88' lang='lat' dir='ltr'>dictum</span> <span class='ocrx_word' id='word_1_693' title='bbox 1607 2529 1744 2558; x_wconf 83' lang='lat' dir='ltr'>Euripidis</span> <span class='ocrx_word' id='word_1_694' title='bbox 1770 2530 1797 2553; x_wconf 89' lang='lat' dir='ltr'>in</span> <span class='ocrx_word' id='word_1_695' title='bbox 1818 2529 1927 2553; x_wconf 78' lang='lat' dir='ltr'>Hecuba</span> <span class='ocrx_word' id='word_1_696' title='bbox 1943 2529 2003 2552; x_wconf 84' lang='grc'>816.</span> <span class='ocrx_word' id='word_1_697' title='bbox 2033 2530 2083 2555; x_wconf 82' lang='lat' dir='ltr'>Ed.</span> <span class='ocrx_word' id='word_1_698' title='bbox 2104 2530 2219 2556; x_wconf 75' lang='lat' dir='ltr'>Bai-nes.</span> 
     </span>
     <span class='ocr_line' id='line_1_104' title="bbox 1295 2561 2218 2594; baseline -0.001 -4"><span class='ocrx_word' id='word_1_699' title='bbox 1295 2569 1322 2591; x_wconf 80' lang='lat' dir='ltr'>et</span> <span class='ocrx_word' id='word_1_700' title='bbox 1341 2566 1390 2592; x_wconf 73' lang='lat' dir='ltr'>nd.</span> <span class='ocrx_word' id='word_1_701' title='bbox 1411 2566 1526 2589; x_wconf 78' lang='lat' dir='ltr'>sterent.</span> <span class='ocrx_word' id='word_1_702' title='bbox 1544 2565 1618 2594; x_wconf 60' lang='grc' dir='ltr'>μῆρε.</span> <span class='ocrx_word' id='word_1_703' title='bbox 1639 2564 1713 2591; x_wconf 79' lang='lat'>(775.</span> <span class='ocrx_word' id='word_1_704' title='bbox 1731 2564 1780 2588; x_wconf 80' lang='lat' dir='ltr'>Ed.</span> <span class='ocrx_word' id='word_1_705' title='bbox 1797 2565 1922 2592; x_wconf 56' lang='lat' dir='ltr'>antheo:</span> <span class='ocrx_word' id='word_1_706' title='bbox 1940 2563 2035 2588; x_wconf 68' lang='grc' dir='ltr'><em>Πειθώ</em></span> <span class='ocrx_word' id='word_1_707' title='bbox 2055 2561 2083 2588; x_wconf 79' lang='grc' dir='ltr'>δὲ</span> <span class='ocrx_word' id='word_1_708' title='bbox 2102 2562 2152 2594; x_wconf 73' lang='grc' dir='ltr'>τὴν</span> <span class='ocrx_word' id='word_1_709' title='bbox 2169 2561 2218 2589; x_wconf 78' lang='grc' dir='ltr'>τύ-</span> 
     </span>
     <span class='ocr_line' id='line_1_105' title="bbox 1293 2595 1692 2633; baseline -0.01 -8"><span class='ocrx_word' id='word_1_710' title='bbox 1293 2608 1400 2633; x_wconf 79' lang='grc' dir='ltr'><em>ραννον</em></span> <span class='ocrx_word' id='word_1_711' title='bbox 1418 2597 1577 2630; x_wconf 68' lang='grc' dir='ltr'><em>ἀνθρώποις</em></span> <span class='ocrx_word' id='word_1_712' title='bbox 1593 2595 1692 2630; x_wconf 71' lang='grc' dir='ltr'>μόνην.</span> 
     </span>
    </p>

    <p class='ocr_par' dir='ltr' id='par_1_20' title="bbox 1259 2638 2220 2710">
     <span class='ocr_line' id='line_1_106' title="bbox 1259 2638 2220 2676; baseline -0.001 -8"><span class='ocrx_word' id='word_1_713' title='bbox 1259 2644 1290 2676; x_wconf 83' lang='grc'>4)</span> <span class='ocrx_word' id='word_1_714' title='bbox 1310 2645 1350 2667; x_wconf 83' lang='lat' dir='ltr'>De</span> <span class='ocrx_word' id='word_1_715' title='bbox 1369 2643 1529 2674; x_wconf 79' lang='lat' dir='ltr'>proverbio:</span> <span class='ocrx_word' id='word_1_716' title='bbox 1562 2639 1611 2669; x_wconf 75' lang='grc' dir='ltr'>Δὶς</span> <span class='ocrx_word' id='word_1_717' title='bbox 1631 2639 1740 2673; x_wconf 77' lang='grc' dir='ltr'><strong><em>κράμβη</em></strong></span> <span class='ocrx_word' id='word_1_718' title='bbox 1759 2638 1897 2672; x_wconf 76' lang='grc' dir='ltr'><em>θάνατος,</em></span> <span class='ocrx_word' id='word_1_719' title='bbox 1923 2641 2039 2666; x_wconf 83' lang='lat' dir='ltr'>Crambe</span> <span class='ocrx_word' id='word_1_720' title='bbox 2064 2641 2106 2665; x_wconf 84' lang='lat' dir='ltr'>bis</span> <span class='ocrx_word' id='word_1_721' title='bbox 2128 2641 2220 2672; x_wconf 74' lang='lat' dir='ltr'>posita</span> 
     </span>
     <span class='ocr_line' id='line_1_107' title="bbox 1294 2676 2132 2710; baseline -0.004 -7"><span class='ocrx_word' id='word_1_722' title='bbox 1294 2685 1388 2710; x_wconf 87' lang='lat' dir='ltr'>mors,</span> <span class='ocrx_word' id='word_1_723' title='bbox 1407 2677 1480 2703; x_wconf 82' lang='lat' dir='ltr'>conf.</span> <span class='ocrx_word' id='word_1_724' title='bbox 1500 2676 1609 2701; x_wconf 80' lang='lat' dir='ltr'>Erasini</span> <span class='ocrx_word' id='word_1_725' title='bbox 1631 2676 1719 2707; x_wconf 84' lang='lat' dir='ltr'>Adag.</span> <span class='ocrx_word' id='word_1_726' title='bbox 1739 2676 1800 2700; x_wconf 81' lang='lat' dir='ltr'>chii.</span> <span class='ocrx_word' id='word_1_727' title='bbox 1816 2676 1836 2701; x_wconf 88' lang='lat'>1.</span> <span class='ocrx_word' id='word_1_728' title='bbox 1856 2677 1926 2702; x_wconf 81' lang='lat' dir='ltr'>cent.</span> <span class='ocrx_word' id='word_1_729' title='bbox 1942 2676 1977 2701; x_wconf 81' lang='lat' dir='ltr'>V.</span> <span class='ocrx_word' id='word_1_730' title='bbox 1996 2681 2074 2707; x_wconf 84' lang='lat' dir='ltr'>prov.</span> <span class='ocrx_word' id='word_1_731' title='bbox 2090 2676 2132 2701; x_wconf 79' lang='lat'>³8.</span> 
     </span>
    </p>
   </div>
  </div>
 </body>
</html>
