2373 2980
157 118 231 153 767

205 203 310 237 Tunc
327 208 445 237 autem
463 210 613 244 magnus
630 197 755 231 fluctus
770 196 914 241 impulit
929 195 1051 230 navim

159 255 256 290 1380
297 253 336 288 In
371 260 523 289 terram;
560 255 691 282 nautae
725 254 844 282 autem
869 260 943 281 non
967 248 1148 281 audebant

573 299 779 334 humectare
794 300 933 343 pedem.

206 356 358 401 Capiens
375 354 519 388 Orestes
536 352 573 384 in
591 351 775 385 sinistrum
792 348 983 384 humerum

204 407 383 442 Inscendit
399 406 436 438 in
452 415 552 437 mare
565 429 574 443 ‚
599 409 633 436 et
651 403 784 436 saltans
800 401 837 434 in
853 402 985 436 scalam

206 458 404 492 Collocavit
420 467 583 491 sororem
600 454 637 486 in
656 466 757 487 suam
778 453 913 488 navim.

205 510 310 544 Tunc
325 521 416 555 quae
434 509 477 541 de
495 506 593 540 coelo
611 505 738 538 cecidit
754 504 851 537 Deae

157 559 254 597 1385
277 561 400 595 Statua
412 586 422 599 ‚
447 571 488 593 ex
502 557 619 591 media
638 568 730 589 nave
747 556 865 589 locuta
883 559 951 588 est:

203 613 236 647 O
252 618 382 646 nautae
393 639 403 652 ,
433 609 496 656 qui
513 608 594 643 estis
614 620 656 641 ex
672 607 821 642 Graecia
840 603 998 644 oriundi,

202 662 405 697 Adhaerete
423 661 550 701 remis,
576 665 611 693 et
629 665 769 693 movete
785 658 924 692 fluctus.

202 716 384 749 Habemus
397 712 497 754 haec,
512 717 662 757 propter
681 722 771 756 quae
787 709 970 743 Euxinum
987 706 1145 739 Pontum
1172 715 1173 739 i

202 766 299 800 Inter
318 764 572 812 Symplegades
588 761 847 806 navigavimus.

156 828 255 863 1390
278 826 334 860 Illi
351 838 436 859 vero
454 826 647 858 frementes
667 822 804 856 dulcem
823 819 1008 865 gemitum,

202 880 461 913 Percusserunt
477 887 594 913 mare;
617 874 719 907 navis
735 879 854 907 autern
867 898 876 911 ‚
899 872 1013 904 donec
1031 872 1108 901 erat

204 930 244 964 In
280 936 407 975 portu,
448 926 682 972 procedebat;
722 929 915 969 penetrans
955 932 1040 954 vero
1082 929 1147 963 per

568 976 699 1010 ostium

202 1031 458 1077 Repellebatur
471 1028 631 1062 incidens
648 1026 686 1059 in
703 1023 950 1059 vehementem
966 1021 1127 1054 fluctum.

202 1082 404 1117 Vehemens
421 1080 516 1114 enim
533 1084 660 1112 ventus
675 1076 794 1111 subito
811 1081 910 1108 ortus
927 1071 1051 1106 navim

156 1142 254 1179 1395
278 1143 439 1177 Pellebat
454 1146 551 1173 retro
563 1166 573 1179 ,
599 1137 660 1171 alii
677 1142 797 1170 autem
816 1132 1040 1169 sustinebant

202 1196 459 1240 Repugnantes
476 1196 601 1224 contra
614 1189 780 1226 fluctum;
797 1197 940 1220 rursum
951 1184 996 1217 ad
1013 1189 1147 1216 terram

203 1247 350 1281 Fluctus
368 1242 569 1278 contrarius
588 1239 733 1285 impulit
749 1238 884 1272 navim.
905 1236 1012 1270 Stans
1028 1239 1148 1267 autem

205 1295 489 1343 Agamemnonis
513 1294 585 1328 filia
610 1291 702 1337 cepit
724 1289 881 1336 precari:
931 1286 964 1321 O
986 1285 1148 1319 Latonae

568 1344 655 1384 filia,

204 1400 314 1434 Serva
346 1411 404 1433 me
432 1404 532 1431 tuam
564 1393 798 1431 sacrificulam
810 1419 819 1433 ‚
863 1397 904 1426 ut
933 1388 1078 1424 veniam
1110 1387 1149 1421 in

571 1445 762 1482 Graeciam

159 1511 257 1546 1400
280 1509 333 1544 Ex
348 1507 417 1543 hac
434 1515 528 1542 terra
544 1507 700 1541 barbara
711 1531 721 1545 ‚
738 1510 773 1537 et
786 1503 929 1548 ignosce
943 1512 1025 1534 meo
1039 1500 1149 1534 furto.

206 1561 346 1604 „Amas
363 1560 459 1594 enim
475 1566 510 1593 et
525 1566 565 1593 tu
581 1564 683 1592 tuum
698 1557 865 1593 fratrem3

205 1613 360 1654 „Liceat
375 1610 467 1645 mihi
483 1617 517 1645 et
534 1622 654 1644 meum
673 1619 807 1641 amare.

204 1665 344 1700 Nautae
366 1670 486 1698 autem
505 1662 795 1696 acclamaverunt
811 1655 989 1702 precibus,

204 1715 251 1749 Et
284 1716 502 1750 addiderunt
524 1714 669 1748 Paeana
681 1738 692 1752 ,
723 1710 840 1744 nudas
871 1706 1037 1741 manibus
1066 1715 1150 1748 epo·

566 1764 682 1798 midas

159 1824 256 1862 1405
280 1825 511 1872 Applicantes
525 1825 571 1858 ad
587 1834 705 1857 remos
723 1818 984 1855 exhortatione.

207 1878 323 1923 Magis
351 1884 472 1911 autem
506 1883 612 1923 atque
640 1873 755 1918 magis
788 1872 865 1906 ibat
891 1867 995 1904 navis
1027 1877 1151 1900 versus

567 1925 768 1971 scopulum.

206 1979 279 2013 Alii
296 1979 502 2014 insiliebant
517 1979 554 2012 in
569 1990 685 2018 mare,

264 2145 478 2179 Agamemnonis
498 2145 588 2174 filius,
607 2144 676 2167 hanc
693 2148 796 2165 mecum
814 2140 921 2170 aufero,

261 2183 384 2212 Adeptus
404 2186 547 2209 sororem,
570 2183 649 2208 quam
668 2177 748 2200 amisi
769 2183 784 2199 e
804 2176 891 2199 domo.
949 2207 954 2212 .

263 2217 318 2241 Sed
337 2215 512 2240 nihilomiuus
531 2213 716 2236 retinebamus
736 2210 826 2234 navim
844 2213 1028 2239 peregrinam,

266 2253 301 2275 Et
320 2252 349 2274 ut
367 2252 396 2273 tu
416 2248 625 2278 assequereris‚
646 2247 698 2270 vim
719 2245 905 2269 inferebamus
924 2242 960 2266 ci.

263 2285 315 2309 Ubi
333 2284 432 2315 gravia
451 2284 568 2306 verbera
587 2283 667 2305 erant
686 2280 868 2309 maxillarum,

264 2322 299 2345 Et
318 2319 358 2342 illi
377 2318 447 2342 enim
468 2318 570 2340 ferrum
590 2322 643 2339 nou
663 2315 796 2338 habehant
814 2313 841 2336 in
860 2311 995 2339 manibus,

263 2356 298 2378 Et
317 2359 382 2383 nos;
405 2352 489 2382 pugni
506 2357 575 2374 vero
595 2350 780 2373 illidebantur.

265 2390 299 2412 Et
319 2393 414 2411 manus
432 2388 465 2410 ab
484 2386 614 2409 amhohus
633 2384 777 2407 iuvenibus
797 2381 878 2405 simul

264 2423 294 2445 ln
312 2423 402 2445 latera
420 2422 446 2444 et
465 2421 499 2444 ad
518 2421 612 2450 pectus
633 2418 719 2441 veluti
738 2417 938 2446 iaculabantur,

264 2456 340 2480 Adeo
358 2457 387 2479 ut
407 2455 606 2479 colliderentur
619 2470 626 2484 ,
653 2454 681 2476 et
700 2451 808 2476 omnino
828 2450 1046 2481 defatigarentur
1065 2455 1149 2473 mem-

578 2489 636 2513 bra.

266 2523 404 2549 (ii-avibus
428 2529 494 2546 vero
514 2522 613 2553 sigillis
632 2521 744 2552 signati,

265 2559 395 2589 Fugimus
414 2557 447 2581 ad
468 2557 656 2587 praecipitium
668 2573 675 2587 ,
694 2556 743 2579 alii
762 2555 788 2578 in
807 2554 896 2584 capite

265 2594 388 2618 Cruenta
405 2593 536 2615 habentes
556 2591 688 2621 vulnera,
707 2590 753 2614 alii
771 2591 798 2613 in
818 2589 916 2613 oculis.

266 2629 294 2652 lu
315 2626 425 2651 tumulis
445 2632 511 2648 vero
531 2625 692 2656 constituti,
709 2625 817 2648 cautius

266 2662 474 2692 Pugnabamus‚
494 2661 520 2683 et
539 2665 607 2683 saxa
625 2659 744 2683 iecimus.

267 2697 321 2720 Sed
340 2695 539 2725 prohibuerunt
558 2700 608 2717 uos
627 2694 764 2723 sagittarii
783 2693 808 2716 in
829 2692 909 2724 puppi

266 2732 379 2754 stantes
398 2728 527 2759 sagittis,
548 2734 581 2751 ne
600 2727 725 2757 impetum
743 2730 894 2752 faceremus
914 2727 997 2751 ultra.

743 109 864 145 PHlL.
894 108 1007 143 MEL.
1043 107 1244 143 SCRIPTA
1274 102 1610 141 PHILOLOGICA.

1171 207 1173 220 l

1171 273 1173 294 i

1171 306 1174 336 i

1171 381 1174 419 ἶ

1171 426 1174 454 l

1171 457 1174 496 i

1171 508 1174 543 i

1172 569 1174 586 r

1172 337 1173 346 ἵ
1203 296 1301 331 1410
1331 297 1381 331 Ut
1403 295 1469 329 tibi
1492 295 1707 340 significem,

2117 108 2192 144 768

1251 193 1322 237 Alii
1339 192 1602 238 suspendebant
1617 192 1702 225 fixas
1720 189 1961 241 anchorasae).

1252 245 1329 290 Ego
1348 251 1466 279 autem
1485 249 1578 277 recta
1598 241 1669 276 huc
1684 243 1812 278 missus
1827 257 1918 285 sum,

1753 297 1936 341 quomodo
1968 296 2039 331 illic
2067 308 2102 330 se
2136 308 2191 330 res

1613 344 1782 380 habeant.

1255 398 1324 432 Sed
1341 398 1449 438 vade,
1474 396 1614 431 vincula
1634 409 1719 442 cape
1736 397 1913 432 manibus.

1251 449 1328 483 Nisi
1347 449 1442 482 enim
1461 461 1560 482 mare
1578 450 1640 482 fiat
1656 449 1848 494 placidum,

1252 500 1334 535 Non
1353 506 1404 534 est
1421 500 1607 545 possibile,
1630 507 1670 534 ut
1686 501 1823 545 possint
1839 501 2001 534 evadere.

1252 551 1328 585 Rex
1345 557 1464 585 autem
1481 552 1590 586 maris
1608 564 1730 586 curam
1749 552 1840 597 gerit
1855 551 1911 584 Ilii

1202 601 1300 637 1415
1336 602 1570 638 Venerandus
1600 603 1804 648 Neptunus;
1843 601 1955 637 hostis
1991 608 2110 636 autem
2141 608 2192 636 est

1617 654 1872 699 Pelopidarum
1885 668 1893 694 ;

1251 706 1297 739 Et
1310 718 1405 739 nunc
1421 706 1539 739 tradet
1556 705 1621 739 tibi
1638 705 1751 739 filium
1766 704 2048 749 Agamemnonis

1249 756 1295 790 Et
1313 757 1405 791 cives
1421 757 1577 791 Graecos
1593 757 1765 790 nimirum
1786 757 1822 789 in
1841 763 1919 791 tuas
1936 768 2077 796 manus,

1250 808 1300 841 Ut
1316 808 1467 852 recipias
1484 820 1646 842 sororem
1658 835 1668 849 ,
1692 820 1784 854 quae
1802 820 1925 842 necem
1943 808 1981 840 in
1998 806 2128 841 Aulide

1250 860 1374 893 Astute
1394 859 1536 904 effugit,
1560 860 1658 893 cuius
1677 857 1792 893 adhuc
1806 859 1883 893 Dea
1899 859 2073 893 meminit.

1204 918 1301 954 1420
1327 919 1425 954 Char.
1452 918 1485 952 O
1500 918 1628 952 misera
1645 916 1829 963 Iphigenia
1843 946 1853 960 ‚
1877 931 1947 953 una
1967 931 2046 952 cum
2059 919 2169 952 fratre

1251 969 1437 1011 Morieris‚
1478 970 1607 1004 iterum
1642 970 1785 1004 rediens
1817 970 1881 1005 sub
1918 981 2046 1003 manus
2076 968 2192 1003 domi-

1618 1032 1762 1055 norum.

1255 1072 1336 1106 Tho.
1361 1071 1435 1104 Vos
1454 1071 1546 1104 cives
1562 1068 1667 1105 huius
1684 1071 1893 1105 barbaricae
1909 1078 2037 1113 terrae,

1250 1121 1316 1155 Eia
1329 1149 1339 1163 ,
1362 1134 1438 1156 non
1455 1122 1554 1168 equis
1570 1122 1767 1157 iniicientes
1779 1124 1880 1156 frena

1250 1174 1307 1207 Ad
1322 1173 1421 1208 littus
1439 1173 1612 1208 curretis?
1636 1180 1670 1207 et
1684 1174 1858 1219 impetum
1877 1173 1978 1208 navis

1203 1230 1302 1267 1425
1328 1232 1567 1266 Graecanicae
1585 1232 1783 1277 excipietis,
1808 1238 1842 1265 et
1862 1232 2053 1266 adiuvante
2069 1231 2146 1267 Dea

1250 1283 1477 1317 Festinantes
1499 1283 1644 1328 capietis
1663 1284 1793 1328 impios
1812 1282 1932 1317 viros?

1251 1334 1324 1368 Alii
1340 1333 1488 1368 trahetis
1508 1334 1545 1368 in
1559 1347 1658 1368 mare
1674 1347 1782 1369 naves
1799 1334 1940 1376 celeres,

1251 1386 1297 1420 Et
1315 1399 1375 1420 eos
1391 1387 1485 1419 mari
1498 1386 1555 1419 vel
1575 1387 1730 1432 equestri
1748 1386 1903 1420 exercitu

1254 1437 1429 1483 Capietis‚
1453 1443 1515 1471 aut
1533 1438 1576 1471 de
1591 1449 1716 1483 aspera
1735 1449 1824 1482 rupe

1236 1593 1285 1621 88)
1310 1593 1383 1616 Tunc
1417 1594 1508 1615 autem
1529 1603 1564 1608 —
1581 1591 1724 1615 anchoras.
1751 1590 1806 1622 (vs.
1832 1588 2053 1621 1379-1408.)]
2079 1588 2120 1613 sic
2144 1589 2193 1614 Ed.

1275 1627 1368 1654 1562.;
1398 1627 1445 1649 Ed.
1468 1627 1556 1650 1558.:

1306 1663 1395 1690 Atque
1414 1661 1522 1683 interea
1540 1659 1650 1690 (gravis
1673 1659 1742 1682 enim
1765 1660 1861 1682 fluctus
1879 1658 2015 1688 protrusit
2033 1658 2125 1682 navim

1306 1696 1347 1719 Ad
1366 1697 1484 1722 terram,
1505 1697 1593 1718 metus
1614 1700 1680 1717 vero
1695 1695 1755 1716 erat
1774 1694 1866 1716 nautis
1883 1694 2057 1724 naufragium
2076 1692 2193 1724 facere,)

1306 1730 1450 1759 Accipiens
1471 1729 1587 1753 Orestes
1609 1728 1633 1751 iu
1654 1729 1795 1751 humerum
1815 1727 1967 1759 sinistrum,

1307 1765 1479 1795 Progressus
1500 1763 1526 1786 in
1547 1768 1638 1789 mare,
1658 1764 1685 1785 et
1703 1763 1796 1786 scalae
1816 1761 1953 1792 insiliens,

1308 1799 1403 1822 Posuit
1422 1804 1546 1821 sororem
1566 1797 1592 1820 in
1611 1797 1746 1827 insignem
1764 1796 1864 1821 navim.

1308 1833 1363 1857 sed
1382 1832 1452 1863 quod
1471 1833 1611 1862 delapsum
1630 1831 1681 1854 fuit
1700 1838 1714 1855 e
1732 1832 1808 1855 coelo
1827 1830 1902 1855 lovis
1922 1830 1995 1854 filiae

1307 1867 1521 1898 simulachrum,
1540 1866 1604 1890 navi
1622 1873 1636 1890 e
1654 1866 1743 1889 media
1762 1865 1853 1890 sonuit

1309 1902 1464 1926 Clamorem
1483 1902 1630 1932 quendam:
1658 1901 1680 1925 O
1700 1903 1793 1924 terrae
1811 1900 1945 1925 Graeciae
1965 1902 2065 1924 nautae
2083 1900 2176 1933 navis,

1308 1937 1456 1960 incumbite
1475 1937 1574 1966 remis,
1595 1937 1622 1959 et
1640 1937 1739 1959 fluctus
1758 1935 1869 1959 verrite.

1308 1972 1444 1996 Habemus
1464 1971 1548 1999 enim,
1568 1977 1681 2000 quor-uin
1700 1970 1792 2000 gratia
1810 1970 1836 1992 in
1858 1969 1992 1993 Euxinum
2011 1969 2127 1994 Pontum

1307 2006 1383 2029 lutra
1401 2006 1603 2036 Symplegadas
1624 2005 1825 2035 navigavimus.

1308 2040 1414 2064 Nautae
1438 2046 1505 2064 vero
1531 2042 1639 2071 gratum
1669 2039 1815 2069 suspirium
1847 2038 2022 2070 emittentes,
2054 2045 2103 2069 per
2133 2039 2194 2063 fre-

1618 2074 1712 2098 mitum

1308 2109 1510 2133 Percusserunt
1528 2109 1626 2133 salum.
1664 2109 1718 2133 sed
1737 2108 1815 2132 navis
1827 2125 1835 2139 ,
1854 2108 1987 2138 quatenus
2008 2110 2069 2133 erat
2086 2108 2159 2133 intra

1307 2144 1436 2175 Portum,
1458 2144 1639 2174 procedebat3
1660 2143 1733 2167 ostia
1750 2149 1818 2166 vero
1838 2148 1963 2173 egressa,

1306 2178 1468 2201 vehementi
1487 2184 1548 2201 cum
1567 2179 1651 2201 fluctu
1673 2178 1824 2201 colluctans
1844 2178 2002 2207 urgebatur.

1305 2212 1461 2235 Vehemens
1481 2213 1552 2235 enim
1572 2213 1682 2235 irruens
1702 2213 1801 2234 ventus
1823 2211 1969 2240 derepente
1987 2210 2067 2235 navis

1309 2246 1433 2270 Pellebat
1452 2248 1527 2269 retro
1547 2247 1687 2269 rudentes
1723 2246 1829 2269 Nautae
1849 2247 1939 2268 autem
1958 2247 2147 2277 repugnabant

1307 2281 1414 2304 Contra
1432 2281 1530 2304 fluctus
1550 2280 1718 2309 inhibentes;
1738 2280 1772 2303 ad
1791 2280 1894 2303 terram
1913 2286 1979 2303 vero
2001 2281 2100 2305 iterum

1307 2315 1421 2338 Fluctus
1439 2316 1514 2337 retro
1533 2315 1620 2337 fluens
1640 2314 1717 2337 duxit
1735 2314 1835 2337 navim.
1873 2314 2037 2338 Consistens
2056 2322 2122 2340 vero

1305 2349 1520 2379 Agamemnonis
1539 2349 1595 2372 filia
1614 2350 1705 2372 vovit:
1734 2349 1756 2372 0
1776 2349 1900 2371 Latonae
1918 2348 1986 2379 filia,

1306 2385 1395 2406 Serva
1414 2390 1471 2414 me,
1492 2384 1565 2406 tuam
1585 2383 1772 2413 sacerdotem,
1792 2383 1825 2406 ad
1842 2383 1998 2415 Graeciam,

1306 2419 1346 2441 Ex
1366 2418 1485 2441 barbara
1504 2419 1595 2447 terra,
1616 2419 1642 2440 et
1662 2417 1734 2440 furto
1754 2417 1868 2448 ignosce
1887 2424 1956 2443 meo.

1307 2453 1418 2483 „Amas
1437 2454 1463 2475 et
1482 2453 1510 2474 tu
1530 2453 1603 2475 tuum
1623 2452 1753 2481 fratrem,
1774 2458 1789 2475 o
1808 2452 1881 2482 Dea3

1306 2488 1433 2517 „Amare
1452 2490 1479 2510 et
1498 2492 1539 2509 me
1555 2492 1630 2509 meos
1649 2486 1869 2517 consanguineos
1889 2486 2024 2510 existima.

1306 2522 1412 2544 Nautae
1430 2527 1496 2544 vero
1515 2521 1701 2544 acclamarunt
1725 2522 1792 2544 bene
1810 2521 1946 2550 precando
1966 2521 2091 2551 precibus
2110 2522 2190 2553 puel-

1614 2555 1649 2578 lis
1671 2554 1750 2586 [Jtroz
1771 2553 1890 2585 puellae]

1306 2589 1431 2619 Paeana,
1451 2589 1538 2613 nudos
1557 2589 1681 2619 protinus
1699 2590 1818 2613 lacertos

1305 2624 1399 2648 Remis
1419 2624 1606 2653 applicanteS,
1627 2630 1659 2647 ex
1679 2624 1870 2648 adhortatione
1888 2625 2006 2648 nautica.

1305 2659 1361 2682 Sed
1379 2659 1466 2688 magis
1490 2660 1571 2688 atquc
1589 2658 1678 2688 magis
1696 2659 1730 2682 ad
1749 2664 1818 2682 saxa
1838 2658 1895 2682 ibat
1914 2660 2001 2683 navis.

1304 2693 1392 2722 Atque
1412 2693 1544 2723 quispiam
1563 2693 1589 2715 in
1608 2698 1684 2716 mare
1702 2693 1830 2722 impetum
1848 2693 1912 2716 fecit
1930 2694 2049 2724 pedibus.

1304 2727 1360 2750 Alii
1380 2733 1446 2751 vero
1467 2729 1556 2751 tortas
1574 2727 1730 2758 religabaut
1748 2733 1874 2752 ancoras.
