2373 2980
127 110 200 147 681
427 104 550 141 LXffl.

179 197 301 240 Ayam.
330 192 419 226 Cum
437 192 504 226 erit
518 191 770 236 plenilunium.

182 248 266 291 Clyt.
294 243 506 278 Mactastine
523 242 621 277 Deae
639 243 792 276 initialia
813 242 931 276 filiae?

178 300 298 341 Aqam.
326 294 515 333 Mactabo;
543 307 628 327 nam
644 293 683 327 in
701 306 743 328 eo
764 295 835 328 iam
853 306 944 328 sum.

129 348 202 384 720
237 348 322 391 Clyt.
354 345 406 380 Ac
441 347 570 380 deinde
602 345 796 380 celebrabis
830 345 1035 379 convivium
1062 356 1128 378 nu-

542 395 679 442 ptiale?

176 451 298 494 Ayccm.
327 448 416 482 Cum
435 455 641 482 mactavero
659 447 839 488 victimas,
869 460 956 494 quas
977 459 1034 480 me
1049 445 1128 480 Diis

545 499 733 532 immolare
758 505 911 543 oportet.

178 552 264 595 Clyt.
299 550 368 584 Sed
392 549 539 583 ubinam
564 549 734 584 faciemus
761 550 967 584 convivium
1001 548 1127 582 mulie-

547 600 672 635 ribus?

175 655 298 696 Ayam.
328 651 395 685 Hic
411 653 456 685 ad
472 664 581 685 naves
593 652 814 685 Graecorum
832 652 922 685 bene
938 656 1127 696 puppatas.

177 705 263 748 Clyt.
291 703 410 737 Probe
436 710 469 737 et
494 715 637 737 necesse
669 709 721 737 est
753 702 801 735 ita
833 703 927 741 fieri;
970 708 1128 736 attamen

538 755 660 788 confer
678 753 825 798 aliquid.

125 804 198 841 725
226 809 348 850 Ayam.
383 805 416 839 Ο
439 818 550 846 uxor,
593 805 680 845 scis,
722 805 819 850 quod
843 805 1000 837 facturus
1025 802 1128 837 sum?

541 868 628 900 pare
656 853 756 889 mihi.

176 908 263 951 Clyt.
291 906 389 952 Quid
407 904 476 940 hoc
493 907 544 940 rei
567 905 642 940 est?
670 918 753 939 nam
779 906 875 940 soleo
899 906 961 939 tibi
992 906 1127 939 obtem-

539 969 678 1002 perarc.

209 1021 302 1055 qam.
330 1007 405 1042 Nos
422 1008 513 1049 illic,
541 1008 602 1042 ubi
622 1014 673 1041 est
689 1020 852 1053 sponsus.

176 1063 262 1106 Clyt.
290 1060 348 1094 An
365 1059 500 1094 facietis
517 1060 604 1106 quid
621 1060 696 1093 sine
713 1066 847 1100 matre,
881 1070 973 1105 quae
996 1071 1052 1092 me
1077 1059 1127 1092 fa-

540 1123 618 1144 cere
637 1110 804 1157 oportet?

175 1166 297 1208 Ayam.
325 1161 556 1196 Elocabimus
575 1169 675 1195 tuam
690 1162 800 1195 filiam
820 1161 913 1194 inter
933 1160 1101 1195 Graecos.

124 1214 200 1248 730
229 1215 314 1258 Clyt.
343 1213 411 1246 Sed
429 1213 491 1246 ubi
508 1225 574 1247 nos
594 1213 740 1246 interim
758 1219 902 1258 oportet
919 1211 1016 1246 esse?

177 1268 298 1309 Ayam.
323 1264 553 1297 Proficiscere
569 1263 702 1308 Argos,
731 1271 765 1297 et
784 1276 867 1297 cura
884 1264 1052 1307 virgines.

178 1318 264 1360 Clyt.
293 1315 429 1348 Relicta
448 1315 544 1348 filia?
573 1316 652 1361 quis
672 1316 850 1360 praeferet
867 1314 1004 1348 facem?

176 1371 299 1411 Ayam.
334 1366 412 1410 Ego
447 1364 620 1400 exhibebo
654 1368 765 1400 facem
779 1393 789 1407 ,
833 1378 924 1412 quae
960 1363 1128 1398 convenit

537 1429 688 1461 sponsm.

179 1469 265 1512 Clyt.
282 1467 364 1502 Non
382 1466 449 1501 hoc
467 1469 577 1502 moris
595 1474 664 1508 est,
695 1474 729 1501 et
743 1475 781 1502 tu
799 1468 872 1512 ipse
892 1467 1024 1501 iudicas
1041 1465 1127 1499 haec

539 1519 721 1553 indecora.

125 1568 199 1604 735
226 1572 349 1614 Aqam.
377 1569 460 1604 Non
478 1576 511 1603 te
531 1572 631 1603 decet
647 1569 782 1604 versari
801 1569 838 1601 in
856 1569 1024 1603 exercitu.

177 1622 262 1666 Clyt.
287 1621 406 1667 Atque
426 1622 606 1662 convenit,
634 1628 673 1655 ut
692 1633 755 1665 ego
776 1620 908 1653 elocem
926 1633 1024 1654 meos
1040 1620 1126 1652 libc-

537 1685 616 1713 ros,
644 1685 733 1718 quos
749 1671 884 1716 peperi.

175 1727 298 1768 Ayam.
327 1723 525 1758 Honestum
544 1731 615 1764 est,
652 1723 759 1757 etiam
786 1722 926 1767 puellae
953 1734 1026 1755 non
1056 1721 1126 1755 sint

534 1776 629 1809 solae
653 1775 764 1808 domi.

175 1827 262 1871 Clyt.
287 1826 385 1860 Bene
404 1827 654 1861 custodiuntur
669 1826 780 1860 firmis
796 1824 993 1869 gynaeceis.

175 1881 297 1922 Aqam.
321 1878 425 1913 Pare.
487 1880 574 1923 Clyt.
603 1878 685 1912 Non
709 1890 773 1922 per
791 1876 926 1915 Deam,
962 1874 1123 1920 reginam

534 1930 774 1964 Graecorum:

125 1978 200 2012 740
226 1978 324 2024 Quin
342 1979 454 2025 tum),
483 1993 573 2026 quac
589 1981 676 2015 foris
694 1986 795 2019 sunt,
824 1990 923 2022 agas,
952 1990 1015 2021 ego
1034 1990 1124 2023 quae

536 2032 655 2072 domi,

175 2079 277 2124 Quae
294 2088 436 2125 oportet
451 2080 583 2116 habere
600 2083 736 2126 puellas
754 2082 941 2115 nubentes.

173 2134 294 2176 Ayam.
331 2132 410 2167 Heu
445 2132 551 2167 mihi!
604 2134 751 2167 Frustra
787 2132 889 2171 veni,
932 2132 1122 2165 frustratus

531 2198 608 2219 sum
627 2198 687 2230 spe
699 2211 708 2225 ‚

171 2232 304 2268 Volens
322 2236 510 2280 coniugem
527 2237 706 2270 dimittere
726 2248 744 2269 e
762 2239 953 2279 conspectu
965 2259 973 2273 ‚

169 2285 263 2319 Utor
277 2287 424 2321 fallaciis
441 2288 549 2322 etiam
566 2290 735 2322 adversus
755 2285 982 2320 charissimos
1002 2297 1099 2318 meos
1112 2312 1121 2325 ,

120 2334 195 2371 745
222 2336 393 2382 Excogito
412 2337 578 2381 technas,
607 2346 640 2374 et
657 2347 779 2373 tamen
794 2339 954 2384 undique
970 2336 1106 2370 vincor.

168 2388 280 2434 Atqui
297 2402 375 2422 cum
393 2397 473 2424 vate
491 2390 684 2425 Calchante
696 2418 705 2432 ‚

172 2440 268 2485 Quid
304 2440 401 2475 Deae
434 2449 573 2486 gratum
586 2470 595 2483 ,
639 2441 729 2476 mihi
762 2453 848 2475 vero
885 2452 960 2473 non
995 2438 1117 2471 iucun-

529 2495 613 2528 dum
636 2496 701 2535 sit,

152 2667 199 2700 9⁴)
223 2669 292 2698 Quin
318 2670 361 2698 tu]
387 2669 427 2693 sic
446 2668 751 2694 Editt.¹558..1562.:
783 2666 870 2691 Editt.
897 2668 1018 2692 recent:
1045 2665 1115 2691 Pro-

188 2704 277 2728 fectus
299 2704 382 2735 igitur
403 2704 495 2733 [Fix.:
520 2704 596 2728 Prof.
616 2704 659 2732 tu]
679 2702 773 2732 Eun-ip.
789 2698 898 2725 Ἐλθών
918 2698 969 2732 δὲ).

604 103 1007 141 INTERPRETATIO
1034 106 1274 143 EURIPIDIS
1300 108 1576 146 IPHIGENIAE
1604 110 1652 147 IN
1679 111 1872 149 AULIDE.

2103 116 2178 153 682

1232 194 1334 228 Vado
1357 196 1552 231 absolutius
1577 198 1823 243 inspecturus,
1859 205 1893 232 ct
1916 199 2057 234 labores
2074 201 2185 235 Grae-

1597 249 1682 284 ciac.

1236 296 1420 341 „Oportet
1436 298 1552 333 virum
1572 301 1771 345 sapientem
1790 301 1828 334 in
1846 302 1992 336 aedibus
2015 303 2108 336 alere

1183 345 1258 381 750
1283 348 1470 388 „Uxorem
1489 354 1716 386 commodam
1736 359 1770 386 et
1785 353 1933 395 bonam,
1957 359 2018 387 aut
2035 353 2183 387 omnino

1593 403 1731 436 nullam
1753 405 1858 439 alere.

1557 484 1811 536 [Stropha]

1235 552 1333 587 Cher.
1362 551 1490 585 Veniet
1509 554 1553 585 ad
1570 554 1753 589 Simoenta
1772 563 1805 589 et

1233 602 1420 647 Limpidos
1440 604 1592 638 vortices

1235 653 1365 688 Coetus
1377 654 1422 700 95)
1447 656 1620 690 exercitus
1637 657 1861 692 Graecorum
1875 685 1884 699 ,

1233 704 1273 738 In
1290 706 1442 740 navibus
1461 713 1495 739 et
1513 719 1591 740 cum
1613 709 1720 742 armis

1183 755 1258 791 755
1283 758 1338 791 Ad
1360 756 1464 791 Ilium
1484 758 1636 799 Troiae,

1232 806 1372 841 Phoebi
1394 809 1509 843 solum
1524 836 1533 849 ,

1233 860 1305 893 Ubi
1320 860 1427 893 audio
1445 860 1681 894 Cassandram

1234 911 1432 945 Concutere
1448 912 1580 946 flavum
1599 913 1808 957 capillitium
1821 940 1829 953 ,

1232 962 1349 996 Viridi
1368 976 1500 996 corona
1520 963 1612 997 lauri

1183 1015 1257 1049 760
1286 1015 1482 1054 Ornatam,
1512 1016 1657 1060 quando
1675 1014 1744 1047 Dei

1233 1066 1341 1099 Varia
1362 1065 1529 1099 vaticinia
1549 1066 1754 1110 adspirant,

1503 1149 1858 1198 [Antistrophe]

1233 1220 1384 1254 Stabunt
1401 1220 1437 1252 in
1455 1219 1642 1263 Pergamis

1232 1270 1440 1318 Troiaef’ss)‚
1471 1278 1504 1304 et
1521 1272 1557 1303 in
1575 1270 1762 1304 moenibus

1233 1323 1406 1363 Troiani,
1435 1335 1513 1356 cum
1533 1322 1630 1356 Mars
1647 1328 1803 1356 scutatus

1182 1373 1256 1409 765
1283 1374 1353 1408 Per
1371 1386 1470 1407 mare
1487 1380 1607 1407 vectus
1620 1400 1629 1413 ,
1658 1373 1695 1406 in
1711 1373 1863 1406 navibus
1879 1371 2058 1406 velocibus

1231 1426 1483 1470 Remigatione
1503 1424 1810 1470 appropinquabit

1232 1478 1288 1511 Ad
1305 1479 1446 1510 alveum
1463 1476 1676 1516 Simoentis,

1233 1529 1472 1562 Geminorum
1492 1528 1529 1560 in
1549 1527 1649 1560 coelo

1232 1580 1402 1613 Sororem
1422 1579 1595 1612 Helenam
1606 1578 1653 1623 97)

1182 1630 1256 1665 770
1284 1631 1434 1665 Auferre
1452 1631 1576 1664 volens
1593 1641 1612 1662 a
1629 1628 1777 1662 Priamo

1231 1682 1272 1715 In
1289 1689 1421 1715 terram
1438 1682 1659 1716 Graecorum
1671 1707 1680 1720 ,
1707 1677 1924 1712 militaribus

1233 1734 1374 1780 Clypeis
1385 1761 1394 1774 ,
1423 1740 1456 1767 ct
1472 1732 1582 1767 hastis
1597 1733 1839 1766 Graccorum3

1565 1812 1798 1865 [Emodus]

1227 1888 1443 1932 Pergamum
1464 1898 1548 1919 vero
1561 1915 1570 1927 ,
1595 1886 1720 1919 urbem
1739 1881 1923 1928 Phrygum
1936 1908 1945 1921 ,

1231 1939 1365 1973 Turres
1388 1939 1546 1983 lapideas

1180 1989 1254 2025 775
1283 1991 1437 2034 Cingens
1457 1990 1602 2023 cruenta
1620 1988 1759 2032 pugna,

1228 2043 1392 2075 Praecisa
1411 2042 1527 2086 capita

1228 2093 1402 2127 Auferens
1414 2120 1423 2133 ,
1451 2093 1575 2125 urbem
1595 2090 1728 2124 Troiae

1228 2144 1402 2178 Evertens
1424 2144 1584 2177 funditus
1596 2170 1605 2182 ,

1227 2195 1348 2229 Faciet
1366 2196 1502 2240 puellas
1527 2192 1745 2239 lachrymari
1757 2218 1766 2231 ,

1177 2248 1251 2282 780
1277 2247 1324 2280 Et
1346 2248 1531 2291 coniugem
1551 2244 1710 2283 Priami,

1225 2299 1383 2339 Helena,
1417 2298 1510 2332 Iovis

1225 2350 1315 2384 Filia
1328 2377 1336 2391 ,
1364 2348 1592 2394 lachrymans
1612 2348 1705 2380 intus
1723 2346 1839 2383 sedet,

1206 2476 1253 2508 95)
1274 2477 1394 2504 Coetus]
1414 2475 1455 2499 sic
1477 2474 1523 2503 s:
1534 2472 1628 2502 Eur-ip.
1648 2468 1755 2503 ἄγυρις)
1776 2470 1962 2501 Editt1558„
1984 2469 2075 2500 Bam„
2094 2470 2175 2493 Mus-

1241 2517 1337 2542 grav.-
1358 2511 1432 2537 Fix.;
1464 2510 1512 2533 Ed.
1528 2508 1601 2532 1562.
1622 2513 1719 2531 errore
1739 2507 1867 2537 typogr.:
1895 2505 2008 2529 Foetus.

1205 2552 1252 2584 96)
1273 2553 1299 2576 in
1319 2551 1462 2582 Pergamis
1482 2551 1597 2579 Troiae]
1617 2550 1658 2573 sic
1679 2549 1780 2576 Barn..
1808 2549 1913 2579 Musgr.
1935 2546 2024 2578 (Fiam
2051 2546 2079 2569 in
2099 2544 2175 2569 arci-

1240 2588 1290 2610 bus
1310 2584 1440 2616 Troiae);
1476 2585 1561 2609 Editt.
1584 2586 1678 2614 1558.‚
1707 2584 1783 2609 1562.
1808 2583 1894 2608 male:
1926 2582 1952 2605 in
1978 2581 2175 2612 Pergamorum

1239 2621 1329 2645 Troia.

1204 2662 1250 2695 97)
1272 2664 1402 2687 Sororem
1421 2662 1570 2690 Helenam]
1596 2661 1636 2685 sic
1657 2661 1742 2685 Editt.
1765 2660 1856 2689 1558„
1885 2658 1976 2684 1562:
2014 2658 2098 2682 Editt.
2123 2662 2172 2680 re-

1239 2698 1310 2722 cent.
1331 2695 1378 2727 (=
1395 2697 1462 2723 text.
1481 2698 1538 2728 gr.)
1558 2696 1755 2721 Dioscurorum
1777 2700 1906 2720 sororem
1925 2692 2068 2718 Helenam.
