2373 2980
202 96 274 129 595

202 181 274 214 660
305 181 463 215 „tharsus
482 185 514 210 vt
532 178 722 221 palaestras
739 189 810 210 non
832 178 1034 212 tolerandas
1052 179 1140 214 mihi

255 232 498 269 „Communes
514 227 662 265 halieut;
691 227 817 261 deinde
837 235 888 262 est
907 230 1090 270 mirabile,

254 282 316 320 „si
338 294 408 313 nou
427 279 581 313 educatis
602 278 764 312 mulieres
783 279 919 313 castas?

256 333 425 364 {leia—uam
450 330 615 363 convenit
639 326 725 362 llaec
750 330 991 375 interrogare,
1033 344 1124 377 quae
1152 345 1192 366 ex

610 381 755 414 aedibus

257 434 470 477 lkeliuqucus
507 439 604 465 tuum
639 438 760 465 testem
800 433 932 466 amoris
965 432 1091 465 Larem
1130 434 1191 466 ivit

613 489 770 516 amatum

204 535 275 568 605
305 535 392 567 Cum
414 534 488 566 siro
510 534 635 566 iuvene
652 533 688 565 iu
706 534 810 566 aliam
830 541 971 567 terram.

255 586 391 618 Deinde
412 591 557 629 propter
576 585 691 624 illam,
720 585 937 618 Graecorum
959 585 1149 618 exercitum

255 638 410 670 'l'antum
431 648 648 678 congregans
665 636 793 669 duxisti
809 637 851 668 ad
870 635 990 669 llium:

255 690 371 731 Quam
399 687 585 730 oportebat
610 694 641 718 te
669 694 921 730 conspuentem
954 699 1024 719 nou
1051 698 1193 719 movere

613 735 748 770 hastam
759 764 768 777 ,

257 791 345 822 (lum
364 789 554 822 invenisses
571 789 721 827 malam,
755 789 814 821 scd
833 788 947 821 sinere
965 788 1013 820 ibi
1031 800 1192 826 manere,

206 842 278 875 610
308 841 435 873 Addita
455 839 620 883 pecunia,
648 851 691 871 ue
709 839 908 882 recipienda
931 845 1016 872 esset
1035 840 1193 871 domum.

256 894 322 924 Sed
342 903 455 936 neque
473 889 539 923 huc
554 890 721 933 appulisti
739 897 836 922 tuum
853 889 1011 922 animum
1024 916 1033 928 ,

261 943 295 974 Ξζί
319 942 499 986 perdidisti
521 941 649 973 multos
667 947 698 972 et
718 947 935 983 praestantes
953 941 1067 979 viros,

261 994 299 1026 lit
319 993 427 1026 iecisti
444 992 570 1024 multas
586 1004 673 1024 antis
691 992 831 1024 orbatas
847 991 964 1023 liberis
982 991 1015 1022 in
1032 989 1193 1027 aedibus;

257 1045 362 1077 tjauis
379 1042 583 1087 parentibus
597 1041 768 1074 abstulisti
786 1053 976 1085 generosos
992 1041 1133 1073 liberos.

208 1096 279 1129 6ἰό
308 1098 471 1139 Quorum
491 1105 554 1136 ego
573 1092 693 1125 infelix
711 1104 820 1129 unus,
849 1098 881 1125 te
900 1092 1159 1125 interfectorem

258 1146 445 1190 Tanquam
479 1144 631 1189 aliquem
657 1141 803 1176 Achillis
827 1149 860 1175 et
886 1143 1058 1186 pollutum
1089 1143 1193 1174 caede

617 1201 777 1232 intueor,

258 1249 326 1293 Qui
344 1248 437 1281 solus
455 1258 569 1292 neque
590 1245 793 1278 vulneratus
810 1243 935 1277 venisti
954 1256 993 1276 ex
1012 1244 1143 1283 Troia,

257 1304 299 1332 lut
320 1296 464 1343 pulchra
485 1309 583 1330 arma
601 1296 637 1329 in
656 1293 812 1340 pulchris
830 1293 939 1328 thecis

257 1350 391 1384 Similia
410 1348 476 1382 huc
495 1355 529 1381 et
545 1349 625 1381 illuc
643 1346 784 1380 duxisti.

207 1403 278 1437 620
305 1400 381 1445 lpse
408 1401 550 1446 quidem
574 1399 667 1433 suasi
694 1399 844 1431 ducturo
868 1409 1035 1436 uxorem,
1073 1402 1110 1428 ut
1135 1408 1194 1428 ne-

617 1462 684 1495 que
704 1456 816 1482 tecum

257 1503 472 1536 Affinitatem
488 1502 636 1540 faceret,
665 1512 780 1545 neque
799 1500 833 1532 in
852 1500 955 1531 aedes
974 1497 1143 1541 reciperet

256 1556 398 1588 Pullum
416 1553 529 1586 malae
551 1551 718 1585 mulieris.
773 1550 967 1590 „Efferunt
987 1549 1081 1580 enim

258 1633 278 1645 ‚‚
291 1606 451 1637 Materna
473 1603 568 1636 vitia.
620 1602 696 1634 Hoc
714 1602 954 1638 considerate,

258 1657 411 1697 ,‚Proci‚
459 1661 495 1687 ut
537 1653 715 1697 accipiatis
757 1652 864 1684 filiam
910 1649 1080 1683 honestae
1120 1661 1195 1681 mu-

613 1704 708 1736 lieris
723 1702 780 1747 68).

207 1758 280 1796 625
307 1759 494 1791 Praeterea
512 1768 592 1799 erga
609 1756 753 1787 fratrem
776 1752 892 1798 qualia
911 1751 1045 1784 iecisti?

257 1809 383 1844 lubens
402 1809 596 1840 interficere
616 1806 723 1838 filiam
742 1803 966 1840 stultissime,

257 1862 355 1893 Adeo
377 1859 508 1892 veritus
533 1871 587 1897 es,
615 1869 658 1889 ne
686 1867 760 1888 non
788 1852 936 1887 haberes
962 1852 1088 1884 malam
1114 1862 1195 1883 con-

616 1908 744 1951 iugem.

259 1964 368 2006 Capta
389 1962 496 1994 Troia
511 1987 520 1999 ,
547 1959 645 2005 (nam
665 1964 697 1990 et
713 1955 780 1989 huc
798 1955 908 1999 vado)

258 2014 338 2047 Nou
359 2012 562 2045 interfecisti
578 2009 760 2042 mulierem
780 2007 912 2051 potitus
931 2009 1050 2047 capta;

208 2066 281 2098 630
309 2064 376 2097 Sed
401 2070 587 2108 postquam
615 2059 732 2092 vidisti
760 2059 888 2096 ubera,
929 2054 1095 2087 abiiciens
1125 2052 1195 2094 gla-

623 2111 742 2149 dium,

260 2167 429 2199 Usculum
449 2162 624 2206 accepisti,
650 2161 798 2194 adulans
816 2168 936 2190 canem
954 2155 1196 2199 proditricem,

259 2218 384 2250 Factus
402 2215 549 2249 inferior
561 2213 699 2246 Venere
711 2238 720 2251 ‚
748 2223 768 2243 o
788 2207 1023 2252 ignavissime.

263 2268 396 2301 Deinde
415 2267 558 2300 veniens
573 2265 611 2297 in
626 2264 771 2297 domum
791 2270 952 2292 meorum
970 2257 1183 2294 liberorum,

258 2319 447 2363 Expugnas
478 2315 677 2350 absentium
709 2313 832 2351 aedes,
869 2315 903 2342 et
925 2307 1110 2341 mulierem
1130 2305 1195 2337 mi-

614 2377 728 2400 seram

211 2419 283 2455 635
312 2419 477 2452 luterficis
500 2417 671 2462 turpiter,
708 2421 743 2448 et
764 2423 934 2458 puerum,
967 2408 1027 2454 (11¹5
1052 2407 1195 2451 Plflfflss·

614 2474 685 2500 tem
703 2472 736 2499 te

259 2522 303 2555 Et
322 2528 417 2555 tuam
435 2519 541 2553 filiam
560 2519 595 2551 in
615 2517 758 2551 aedibus
775 2512 894 2552 faciet,

243 2657 290 2683 εκ)
310 2655 341 2678 Η,
362 2655 379 2711 td
399 2653 425 2676 iu
445 2651 527 2675 Editt.
544 2650 634 2674 1558..
664 2647 736 2672 1562.
762 2647 824 2670 nota
844 2649 946 2673 marga
984 2640 1077 2671 Qualis
1096 2639 1193 2664 mulier
1217 2657 1221 2687 Ι

279 2690 361 2713 ducen
383 2694 407 2711 a„

779 92 901 128 Pffli„
935 93 1048 128 MEL.
1081 95 1281 130 SCRIPTA
1314 96 1646 132 PHILOLOGICA.

2160 103 2234 138 596

1295 181 1522 227 Quamquam
1542 182 1682 226 spurius
1699 189 1760 216 est.
1814 186 1957 230 „Saepe

1295 233 1437 272 „Arida
1455 232 1642 266 seminatio
1661 233 1744 266 vicit
1760 233 1926 278 pinguem
1944 243 2094 274 terram;

1294 282 1369 323 „Et
1384 284 1484 317 multi
1503 281 1605 316 nothi
1621 289 1702 316 sunt
1717 287 1992 328 praestantiores
2010 289 2185 332 legitimis.

1245 332 1320 368 640
1348 334 1444 373 „Sed
1463 334 1562 366 aufer
1579 333 1700 368 filiam.
1754 334 1882 370 Melius
1898 344 1949 371 est
1965 337 2171 374 hominibus

1298 385 1526 428 „Pauperem
1546 385 1680 418 honum
1694 411 1703 424 ‚
1729 398 1835 431 quam
1854 388 1985 422 malum
2002 397 2036 423 et
2055 391 2199 424 divitem

1297 435 1508 475 „Generum
1527 436 1727 481 acquirere,
1755 443 1787 469 et
1803 438 1976 477 amicum;
2002 447 2039 473 tu
2057 454 2092 475 es
2106 440 2219 475 nihili.

1296 487 1391 521 Gkor.
1420 486 1473 518 Ex
1490 498 1601 530 parvo
1619 486 1722 519 initio
1740 485 1945 524 hominibus
1963 499 2234 535 magnamtcon-

1656 538 1852 571 tentionem

1298 586 1466 630 „Lingua
1488 588 1635 626 excitam
1670 589 1730 622 sed
1747 587 1814 622 hoc
1832 590 2024 634 prudentes
2043 590 2204 626 homines

1247 636 1321 671 645
1349 664 1369 677 „
1381 638 1534 678 cavent,
1562 651 1606 672 ne
1625 639 1762 683 litigent
1780 652 1856 673 cum
1874 641 2007 675 amicis.

1297 690 1394 722 Men.
1421 689 1514 734 Quid
1534 690 1628 723 dicas
1644 702 1743 724 senes
1762 703 1834 724 esse
1851 691 2046 735 sapientes,

1297 739 1341 771 lit
1360 740 1438 773 illos
1455 753 1596 784 sapere,
1625 742 1685 786 qui
1704 741 1768 774 visi
1785 749 1867 775 sunt
1885 742 2029 777 Graecis
2045 744 2194 787 sapere?

1299 792 1452 834 Quando
1471 798 1507 824 tu
1526 792 1676 826 existens
1693 792 1836 833 Peleus,
1865 799 1898 825 et
1913 799 2017 827 natus
2040 806 2080 827 ex
2105 794 2235 839 inclyto

1662 849 1780 887 patre,

1297 892 1477 926 Affinitate
1495 905 1630 926 mecum
1653 894 1810 931 iunctus,
1838 893 1899 925 tihi
1919 894 1983 938 ipsi
2002 893 2118 938 turpia
2137 896 2236 934 dicis,

1247 939 1320 976 650
1348 943 1391 975 Et
1409 944 1509 977 nobis
1527 945 1654 987 probra
1673 951 1819 988 propter
1835 945 2016 977 mulierem
2033 945 2236 985 barbaram,

1298 996 1413 1037 Quam
1433 997 1620 1038 oportebat
1637 1002 1668 1028 te
1686 997 1858 1039 expellere
1874 997 1965 1028 ultra
1982 996 2113 1029 flumen
2130 997 2213 1037 Nili,

1296 1042 1342 1077 lit
1360 1045 1449 1077 ultra
1468 1044 1632 1085 Phasim,
1661 1053 1694 1079 et
1711 1059 1767 1079 me
1785 1046 1888 1078 etiam
1899 1046 1946 1091 mi)
1964 1044 2120 1086 hortari,

1298 1095 1386 1128 Cum
1406 1096 1449 1129 sit
1469 1108 1509 1128 cx
1526 1096 1609 1130 Asia
1619 1096 1684 1141 ⁷⁰),
1712 1097 1771 1133 ubi
1789 1098 1960 1129 cadavera

1298 1146 1409 1179 Multa
1428 1146 1598 1180 Graeciae
1615 1147 1731 1180 iacent
1750 1147 1931 1180 interfecta
1949 1154 2195 1187 mortuorum,

1248 1196 1321 1232 655
1347 1196 1392 1230 Et
1408 1210 1486 1230 cum
1505 1198 1549 1231 sit
1566 1210 1608 1231 ex
1625 1204 1723 1241 parte
1740 1209 1800 1230 rea
1817 1198 1998 1241 sanguinis
2015 1198 2065 1231 tui
2078 1199 2151 1231 filii.

1297 1248 1388 1282 Nam
1400 1248 1502 1282 Paris
1513 1275 1521 1288 ‚
1548 1248 1609 1294 qui
1623 1248 1733 1282 fillum
1750 1255 1850 1282 tuum
1860 1246 2033 1282 Achillem
2050 1249 2236 1289 interfecit,

1297 1299 1384 1332 Erat
1401 1300 1510 1332 frater
1526 1299 1706 1339 Hectoris,
1733 1305 1767 1332 et
1783 1299 1847 1332 ista
1865 1299 2020 1333 coniunx
2036 1299 2211 1341 Hectoris,

1298 1350 1343 1383 Et
1360 1356 1399 1383 tu
1415 1350 1514 1384 vadis
1532 1350 1569 1383 in
1586 1351 1733 1383 eandem
1749 1350 1896 1382 domum
1915 1361 1994 1383 cum
2010 1347 2100 1382 hac?

1297 1401 1342 1434 Et
1357 1401 1500 1444 dignam
1518 1400 1616 1434 ducis
1632 1398 1761 1433 habere
1780 1401 1927 1432 eandem
1946 1412 2105 1433 mensam
2115 1399 2161 1445 ⁷¹)
2172 1400 2188 1432 1>

1248 1453 1322 1487 660
1348 1451 1393 1484 Et
1409 1451 1494 1485 sinis
1510 1463 1634 1495 parere
1651 1451 1749 1483 domi
1766 1449 1898 1483 invisos
1914 1449 2068 1483 liberos?

1298 1503 1397 1546 Quae
1415 1514 1478 1545 ego
1498 1499 1584 1534 mihi
1603 1508 1637 1534 et
1651 1501 1715 1534 tibi
1729 1501 1967 1544 prospiciens,
1994 1512 2116 1539 senex,

1296 1552 1404 1585 Volui
1433 1553 1628 1586 interlicere
1659 1550 1770 1591 hanc,
1809 1563 1900 1595 quae
1922 1549 2010 1583 mihi
2033 1551 2171 1595 rapitur
2195 1562 2235 1583 ex

1656 1602 1832 1634 manibus.

1298 1654 1365 1687 Sed
1383 1665 1446 1697 age
1463 1651 1552 1697 (non
1569 1659 1619 1686 est
1635 1653 1728 1685 enim
1747 1659 1849 1696 turpe
1868 1651 2040 1697 colloqui)
2055 1678 2064 1691 ,

1297 1704 1333 1738 Si
1352 1716 1429 1737 mea
1446 1704 1515 1736 filia
1534 1715 1607 1736 uon
1625 1704 1759 1747 pariat,
1787 1709 1820 1735 et
1835 1703 1878 1735 ab
1894 1702 1958 1736 ista

1248 1754 1322 1789 665
1350 1755 1549 1789 Nascantur
1565 1754 1685 1794 liberi,
1714 1766 1773 1787 eos
1791 1751 1895 1787 linitis
1911 1759 2026 1786 terrae
2041 1750 2194 1786 Phthiae

1297 1806 1419 1839 Facies
1435 1805 1625 1839 dominos?
1653 1811 1688 1838 et
1703 1805 1847 1838 barbari
1865 1815 1993 1848 genere

1299 1856 1528 1901 Imperabunt
1543 1855 1737 1890 Graeciae?
1786 1854 1924 1888 Deinde
1942 1866 2006 1898 ego
2024 1854 2162 1888 insanio
2174 1880 2183 1893 ,

1300 1909 1372 1953 Qui
1389 1907 1448 1941 odi
1464 1907 1613 1947 iniusta,
1640 1913 1674 1939 et
1689 1913 1727 1939 tu
1744 1905 1870 1939 diceris
1886 1904 2052 1949 sapiens?

1298 1959 1386 1993 Illud
1402 1958 1482 1991 vide
1493 1984 1502 1998 ,
1529 1958 1556 1992 si
1575 1963 1613 1990 tu
1627 1958 1734 1990 filiam
1755 1963 1853 1990 tuam

1249 2011 1322 2044 670
1350 2010 1462 2043 Dares
1478 2008 1582 2042 alicui
1599 2008 1727 2041 civium
1739 2034 1748 2048 ,
1776 2014 1810 2041 et
1828 2007 2002 2040 accideret
2019 2004 2107 2045 hoc,

1298 2062 1354 2094 An
1371 2061 1509 2095 sederes
1523 2059 1670 2093 tacitus?
1705 2071 1779 2092 non
1795 2058 1938 2104 quidem
1957 2057 2134 2091 existimo:
2173 2054 2233 2100 qui

1660 2122 1724 2154 pro
1742 2109 1927 2154 peregrina

1297 2161 1399 2196 Talia
1417 2160 1504 2195 dicis
1521 2161 1688 2194 adversus
1703 2160 1918 2193 necessarios
1932 2158 2074 2191 amicos.

1299 2211 1426 2253 „Idem
1447 2218 1497 2244 est
1514 2211 1566 2244 ius
1584 2211 1660 2244 viro
1677 2218 1709 2244 et
1727 2210 1865 2243 mulieri

1297 2263 1458 2304 „Iniuria
1479 2262 1622 2294 affectae
1639 2274 1657 2294 a
1677 2262 1805 2294 marito
1815 2260 1877 2307 72);
1906 2266 1939 2292 et
1956 2260 2044 2293 sicut
2061 2258 2137 2291 viro
2150 2284 2159 2298 ‚

1248 2314 1321 2349 675
1336 2314 1449 2355 „Cum
1464 2310 1569 2346 habet
1587 2312 1624 2344 in
1640 2312 1785 2345 aedibus
1802 2311 1985 2344 mulierem
2002 2308 2231 2354 impudicam,

1281 2441 1327 2472 69)
1348 2441 1444 2469 etiam]
1464 2440 1504 2464 sic
1521 2441 1704 2472 Editt.1558.‚
1726 2441 1816 2471 i562.;
1846 2440 1929 2465 Editt.
1948 2442 2051 2464 recent.
2072 2440 2118 2471 (=
2136 2439 2230 2469 Eurip.

1316 2473 1373 2504 ἀεὶ)
1391 2481 1499 2504 semper
1517 2476 1555 2500 ud
1572 2475 1634 2499 hoe.

1280 2518 1327 2550 70)
1347 2525 1380 2542 ex
1391 2516 1470 2549 Asia]
1485 2517 1525 2541 sie
1535 2518 1616 2542 Editt.
1631 2518 1716 2543 1553..
1729 2518 1819 2547 ¹562.;
1841 2518 1960 2543 Musam:
1980 2516 2115 2546 Asiatica3
2135 2516 2230 2539 Barim

1315 2552 1460 2583 epirotica,
1490 2552 1578 2576 Asiae
1594 2553 1785 2576 continentem
1809 2552 1952 2580 incolens3
1989 2550 2063 2574 Fixa
2097 2556 2129 2573 ex
2148 2549 2231 2573 Asiae

1314 2586 1468 2611 continente
1487 2586 1592 2617 (Eut-ip.
1611 2583 1780 2617 ἠπειρῶτιν).

1275 2628 1324 2661 71)
1343 2628 1480 2656 inensam]
1500 2627 1547 2651 Ed.
1565 2628 1639 2653 1562.
1659 2633 1754 2652 errore
1768 2629 1894 2658 typogr.:
1920 2632 2022 2651 mensa.

1276 2672 1326 2700 72)
1345 2672 1376 2696 Η.
1389 2671 1408 2696 1.
1426 2671 1454 2695 in
1468 2670 1552 2696 Editt.
1568 2671 1659 2702 1558„
1679 2671 1754 2696 1562.
1772 2672 1838 2695 nota
1856 2676 1960 2702 marg.:
1984 2670 2030 2694 lus
2049 2668 2175 2700 coniugii.
