2373 2980
226 100 322 135 1059
804 92 925 128 PfflL.
962 92 1072 128 MEL.
1109 92 1308 127 SCRIPTA
1342 93 1674 129 PHILOLOGICA.

275 183 520 228 Impletionem
534 207 542 220 ‚
571 181 697 225 quibus
716 178 824 212 mittit

272 236 352 268 Mea
375 232 520 267 domina

276 283 470 319 Terrestris
486 280 663 324 Gorgonis

232 335 326 372 1055
354 335 500 368 Guttam
519 337 647 366 sectam
667 342 707 363 ex
724 330 895 367 faucibus,

280 383 575 420 Erechthidarum

277 435 462 470 invadenti
478 432 662 467 familiam.

273 488 466 531 Nunquam
484 485 572 517 alius
589 495 630 516 ex
647 482 761 515 aliena
778 480 910 513 familia

278 538 427 581 imperet
446 535 547 575 urbi,

229 590 325 624 1060
354 588 498 621 Praeter
517 584 654 618 nobiles
668 580 914 616 Erechthidas.

525 652 838 697 [Antistrophe
869 651 925 694 1.]

278 718 312 751 Si
330 728 413 749 vero
431 725 526 747 mors
543 712 613 745 iam
638 722 713 744 non
735 716 852 754 potest
875 710 1016 754 perfici,
1051 715 1082 741 et
1109 708 1137 742 si
1162 720 1217 740 co-

634 768 740 795 natus
757 761 923 803 dominae
934 787 942 799 ‚

279 819 325 852 Et
343 819 416 861 ipsa
436 813 684 860 opportunitas
700 812 857 846 destituit
879 812 1063 844 audaciam
1077 837 1085 847 ,

281 870 323 903 Et
339 881 417 913 spes
433 878 526 900 nnnc
544 865 720 900 aufertur;
750 869 809 895 ant

279 922 411 955 Acutus
428 917 582 961 gladius,
609 920 669 947 aut
683 914 793 946 fatum
813 913 856 945 sit

233 970 329 1006 1065
354 969 499 1002 iniicere
517 967 682 1010 laqueum
700 964 789 996 circa
812 962 940 995 collum
955 988 962 998 ,

282 1021 432 1054 Dolores
451 1031 492 1051 ex
512 1015 694 1050 doloribus

280 1071 456 1107 Veniunt,
484 1069 519 1100 in
539 1066 625 1098 alias

282 1123 384 1154 Vitae
403 1121 536 1153 formas
553 1117 699 1149 vadunt.

282 1174 364 1207 Non
383 1171 476 1204 enim
494 1168 658 1202 domibus

236 1225 331 1259 1070
359 1223 524 1255 Praeesse
544 1225 707 1252 externos
724 1215 889 1249 dominos

285 1275 415 1306 Vivens
432 1282 590 1316 unquam
602 1269 656 1314 ⁴³)
675 1268 711 1300 in
728 1272 918 1310 conspectu
1248 1266 1251 1279 ¹

283 1325 454 1358 Tolerare
474 1327 580 1368 queat
596 1320 779 1353 oculorum
792 1344 801 1356 ,

285 1376 386 1419 Quae
404 1386 444 1407 ex
461 1372 573 1406 nobili
588 1370 722 1404 familia
740 1374 822 1401 nata
840 1373 890 1400 est
900 1367 943 1411 5).

576 1435 794 1484 [strophe
821 1434 881 1474 2.]

287 1501 442 1534 Puderet
458 1509 577 1530 coram
592 1496 736 1528 laudata
751 1491 895 1538 hymnis

241 1549 336 1586 1075
363 1550 457 1588 Dea,
486 1560 575 1594 quae
595 1546 684 1579 circa
710 1546 844 1583 fontes,
879 1541 941 1575 ubi
968 1544 1227 1583 congregantur
1253 1578 1256 1611 l

642 1594 762 1634 chori,

272 1696 326 1722 48)
345 1691 476 1722 unquam]
501 1687 539 1711 sic
565 1688 610 1714 (ε
630 1683 724 1713 Eurip.
744 1678 825 1709 ποτ’)
845 1682 927 1706 Editt.
946 1681 1020 1705 1558.
1048 1681 1074 1703 et
1098 1680 1229 1707 recentt.;

304 1728 354 1752 Ed.
372 1726 447 1750 1562.
467 1726 611 1751 nunquam.
1167 1738 1169 1740 .

272 1773 303 1800 5)
322 1770 407 1795 Char.
427 1768 449 1792 0
469 1763 677 1790 Trivia-nata
696 1761 747 1784 est.
769 1761 824 1788 (vs.
844 1757 1062 1788 1048—1073.)]
1078 1757 1230 1783 Ed.1562.;

308 1802 470 1863 Εᾱθὶιῐιῖτῗθό
491 1833 608 1857 Hecate,
634 1829 690 1853 filia
709 1827 837 1852 Cereris,
866 1833 934 1856 quae

341 1869 490 1895 Nocturnis
505 1865 649 1890 itineribus
668 1863 787 1891 imperas
798 1878 805 1884 .

342 1906 379 1929 Et
397 1901 517 1931 diurnis,
543 1899 634 1922 ducito

343 1937 479 1963 petatium
498 1935 669 1958 craterarum

344 1971 533 2002 Impletiones,
559 1966 655 1996 quibus
675 1964 755 1987 mittit

345 2003 511 2029 Veneranda
530 2001 637 2024 domina
656 2004 715 2021 mea

345 2039 490 2064 Terrestre
509 2034 648 2064 Gorgonis

344 2071 487 2098 Abscissis
505 2070 537 2093 de
557 2067 657 2099 guttis,

345 2105 568 2132 Erechthidarum

345 2141 475 2165 Domibus
495 2140 666 2161 successuro.

346 2177 486 2204 Nunquam
504 2171 574 2195 alius
594 2170 626 2192 ab
648 2168 702 2191 alia
721 2167 798 2191 domo

347 2209 476 2234 Civitatis
495 2204 635 2234 imperium
655 2203 762 2229 teneat.¹

347 2244 542 2270 Praeterquam
560 2243 576 2260 a
597 2236 741 2267 generosis
761 2233 941 2258 Erechthidis.

349 2278 378 2301 Si
396 2282 464 2299 vero
484 2272 644 2302 imperfecta
662 2275 754 2299 mors,
783 2270 810 2292 et
829 2268 943 2291 conatus
964 2267 1104 2292 dominae.
1260 2256 1264 2295 1

349 2313 382 2335 Et
401 2311 460 2340 ipsa
479 2305 669 2337 opportunitas
691 2303 815 2327 destituit
832 2301 988 2331 audaciam,

351 2346 424 2374 Quae
443 2347 514 2365 nunc
533 2341 621 2363 fertur
642 2344 722 2368 spes,
747 2337 794 2360 aut

350 2379 453 2401 Acutus
473 2374 597 2405 gladius,
622 2374 669 2395 aut
687 2372 760 2394 Deus
779 2370 907 2394 adnectat

350 2414 487 2441 Laqueum
506 2408 580 2432 circa
600 2406 716 2435 collum,

351 2444 499 2469 Dolon-ibus
519 2441 630 2465 dotores

352 2478 517 2506 perficiens,
547 2475 572 2497 iu
592 2474 662 2497 alias

351 2513 434 2536 Vitae
453 2511 556 2533 formas
577 2507 713 2537 migrabit.

351 2548 411 2570 Non
430 2545 500 2568 enim
520 2542 641 2565 domibus

353 2581 487 2604 Praeesse
506 2575 685 2606 peregrinos,
1265 2575 1269 2619 l

353 2614 428 2637 Viva
447 2615 563 2640 unquam
582 2609 720 2632 oculorum
739 2607 817 2630 clara

356 2646 497 2671 sustineat
516 2644 594 2672 luce,
1266 2633 1271 2703 ι

359 2683 433 2710 Quae
452 2686 484 2703 ex
503 2677 588 2701 nobili
606 2675 709 2699 familia
728 2676 793 2698 nata
812 2676 860 2698 est.

1316 180 1442 212 Facem
1461 180 1737 224 spectacularem
1753 180 1829 213 festi
1847 181 2006 225 vigesimi
2024 184 2093 217 diei

1317 230 1464 263 Viderat
1481 237 1654 263 nocturna
1672 230 1745 273 ipsa
1767 230 1914 275 vigilans
1927 259 1935 271 ‚

1318 281 1472 324 Quando
1487 280 1579 314 lovis
1595 280 1771 314 stellatum

1318 330 1475 365 Chorum
1494 331 1591 365 ducit
1604 328 1744 371 aether,

1273 383 1368 416 1080
1395 382 1439 415 Et
1457 381 1584 416 choros
1601 383 1710 426 agitat
1727 382 1828 415 Luna
1841 409 1850 422 ,

1319 433 1364 465 Et
1383 433 1641 478 quinquaginta
1663 434 1754 466 filiae

1320 484 1445 523 Nerei,
1475 496 1564 529 quac
1586 484 1623 516 in
1638 484 1755 517 Ponto

1320 535 1481 567 Perenne
1496 535 1680 568 fluentium
1698 534 1888 568 fluviorum

2155 101 2252 136 1040

1321 585 1360 618 ln
1378 586 1574 630 gurgitibus
1590 586 1777 619 fluminum
1794 586 2009 620 celebrantes
2026 585 2175 622 chorum
2188 616 2197 629 ‚

1274 635 1370 671 1085
1397 638 1533 671 Aureas
1549 649 1698 670 coronas
1715 635 1903 670 habentem
1922 638 2176 683 Proserpinam

1319 688 1366 720 Et
1382 694 1531 721 matrem
1553 695 1711 722 sanctam
1723 715 1732 728 ‚

1322 739 1390 771 Ubi
1407 746 1527 782 sperat
1542 751 1576 773 se
1598 746 1828 783 regnaturum
1840 767 1849 779 ‚

1322 789 1368 822 Et
1386 790 1538 823 aliorum
1560 802 1643 834 opes
1660 798 1914 835 occupaturum

1322 839 1521 874 Phoebeius
1539 842 1755 876 adolescens.

1565 923 1883 971 [Antisrrophe
1910 923 1970 972 2.]

1280 992 1373 1024 1090
1399 991 1544 1031 Videte,
1574 992 1634 1037 qui
1652 993 1811 1026 infaustis

1327 1042 1452 1074 Musici

1327 1092 1461 1125 Canitis
1478 1090 1619 1137 hymnis

1327 1144 1476 1177 Nostros
1497 1141 1691 1182 thalamos,
1720 1150 1753 1175 et

1326 1194 1474 1227 Veneris
1490 1194 1639 1227 iniustos
1659 1194 1882 1227 concubitus:

1329 1245 1512 1287 Quantum
1531 1258 1595 1278 nos
1611 1245 1852 1278 antecellimus
1868 1244 1996 1287 pietate

1284 1294 1376 1329 ‘2095
1406 1294 1571 1329 Iniustam
1590 1295 1861 1328 seminationem
1882 1297 2052 1329 virorum.

1333 1347 1485 1379 Carmen
1508 1346 1754 1379 contradicens

1329 1397 1374 1430 Et
1392 1397 1545 1430 musicus
1565 1397 1618 1429 vir
1635 1397 1724 1430 sciat

1330 1448 1505 1481 infaustos
1521 1447 1611 1480 circa
1631 1446 1819 1480 thalamos.

1331 1499 1498 1533 Ostendit
1512 1505 1616 1531 natus
1633 1510 1673 1530 ex
1690 1496 1783 1530 Iovis

1284 1551 1380 1585 1100
1407 1549 1505 1583 Filiis
1522 1548 1814 1592 ingratitudinem
1827 1574 1835 1587 ‚

1333 1602 1414 1635 Non
1432 1612 1657 1633 communem
1676 1600 1869 1632 liberorum
1888 1598 2068 1629 fortunam

1334 1652 1441 1685 Domi
1460 1651 1638 1684 seminans

1335 1704 1423 1737 Cum
1441 1702 1605 1739 domina;
1633 1701 1678 1733 ad
1695 1700 1870 1733 Venerem
1892 1711 1976 1732 vero

1334 1754 1450 1786 Aliam
1470 1751 1538 1785 hoc
1552 1764 1689 1796 ponens
1703 1751 1913 1784 beneficium
1924 1776 1932 1790 ‚

1287 1803 1383 1839 1105
1411 1804 1577 1848 Spurium
1597 1815 1746 1847 puerum
1767 1803 1913 1845 adeptus
1931 1799 2031 1843 est⁶).

1320 1964 1349 1994 6)
1370 1963 1488 1987 Puderet
1504 1975 1540 1980 —
1558 1961 1673 1990 adeptus
1693 1962 1743 1984 est.
1764 1958 1819 1990 (vs.
1838 1956 2059 1988 10⁷4—1105.)]
2073 1954 2113 1980 sic
2126 1956 2278 1986 Ed.1562.;

1356 1998 1405 2021 Ed.
1422 1996 1512 2019 1558:

1389 2031 1531 2054 Revereor
1549 2028 1641 2051 multis
1661 2027 1770 2056 hymnis
1790 2027 1929 2050 laudatam

1392 2065 1492 2094 Deam,
1519 2064 1619 2093 quanto
1640 2062 1712 2084 circa
1731 2061 1922 2091 frequentatos
1941 2059 2032 2082 choris
2051 2058 2141 2082 sontes

1392 2099 1487 2122 Facem
1506 2102 1614 2120 sacram
1632 2095 1761 2126 vigesimi
1778 2095 1909 2124 cuiusque
1927 2094 1969 2116 dei
1989 2094 2073 2124 [pr-o:
2092 2093 2160 2122 diei]
2178 2092 2278 2116 mensis

1391 2133 1497 2155 Visura
1515 2132 1559 2154 est
1577 2132 1728 2157 nocturna,
1754 2129 1886 2153 insomnis
1905 2128 2038 2153 existens.

1392 2166 1505 2195 Quando
1524 2164 1598 2188 lovis
1614 2164 1743 2187 stellatus

1391 2198 1560 2229 'tripudiavit
1580 2198 1682 2222 aether.

1392 2232 1563 2262 Tripudiavit
1581 2238 1648 2254 vero
1667 2232 1747 2257 iuna,

1392 2268 1426 2290 Et
1448 2265 1645 2296 quinquaginta
1663 2265 1736 2288 filiae

1392 2300 1491 2328 Nerei,
1519 2305 1587 2329 quae
1605 2299 1632 2321 in
1651 2298 1738 2322 Ponto

1393 2335 1517 2358 Perenne
1536 2333 1675 2356 fluentium
1692 2332 1833 2355 fluviorum

1393 2369 1446 2392 Per
1465 2367 1590 2398 gurgites
1609 2366 1809 2395 tripudiantes,

1393 2403 1500 2426 Aureas
1516 2398 1636 2424 'coronas
1655 2400 1795 2422 habentem
1816 2398 2023 2429 Proserpinam,

1394 2437 1428 2460 Et
1447 2437 1561 2459 matrem
1580 2435 1717 2460 sanctam,

1395 2470 1446 2494 Ubi
1465 2470 1558 2498 sperat
1577 2469 1769 2498 regnaturum,

1394 2503 1571 2532 Aliorumque
1589 2502 1617 2525 in
1636 2502 1756 2525 laborem
1778 2502 1919 2525 venturum

1396 2536 1545 2561 Phoebeius
1565 2542 1637 2559 erro.

1396 2572 1496 2594 Videte
1515 2570 1645 2599 quotquot
1664 2569 1776 2592 famosis

1396 2604 1523 2630 Carmina
1542 2603 1696 2626 scribentes

1397 2638 1501 2663 canitis
1522 2637 1703 2661 carminibus.

1396 2673 1513 2696 Nostros
1532 2671 1618 2694 lectos
1638 2670 1746 2700 nuptias
