<?xml version="1.0" encoding="UTF-8"?>
<!DOCTYPE html PUBLIC "-//W3C//DTD XHTML 1.0 Transitional//EN"
    "http://www.w3.org/TR/xhtml1/DTD/xhtml1-transitional.dtd">
<html xmlns="http://www.w3.org/1999/xhtml" xml:lang="en" lang="en">
 <head>
  <title>
</title>
<meta http-equiv="Content-Type" content="text/html;charset=utf-8" />
  <meta name='ocr-system' content='tesseract 3.04.00' />
  <meta name='ocr-capabilities' content='ocr_page ocr_carea ocr_par ocr_line ocrx_word'/>
</head>
<body>
  <div class='ocr_page' id='page_1' title='image "./operaquaesupersu18melauoft/operaquaesupersu18melauoft_0366.png"; bbox 0 0 2373 2980; ppageno 0'>
   <div class='ocr_carea' id='block_1_1' title="bbox 122 92 193 126">
    <p class='ocr_par' dir='ltr' id='par_1_1' title="bbox 122 92 193 126">
     <span class='ocr_line' id='line_1_1' title="bbox 122 92 193 126; baseline -0.028 0"><span class='ocrx_word' id='word_1_1' title='bbox 122 92 193 126; x_wconf 81' lang='lat'>707</span> 
     </span>
    </p>
   </div>
   <div class='ocr_carea' id='block_1_2' title="bbox 124 176 1124 2421">
    <p class='ocr_par' dir='ltr' id='par_1_2' title="bbox 124 176 1117 427">
     <span class='ocr_line' id='line_1_2' title="bbox 124 176 978 212; baseline 0 0"><span class='ocrx_word' id='word_1_2' title='bbox 124 176 220 212; x_wconf 76' lang='lat'>1545</span> <span class='ocrx_word' id='word_1_3' title='bbox 252 176 318 210; x_wconf 64' lang='lat' dir='ltr'>[bi</span> <span class='ocrx_word' id='word_1_4' title='bbox 338 183 413 210; x_wconf 87' lang='lat' dir='ltr'>erat</span> <span class='ocrx_word' id='word_1_5' title='bbox 430 183 549 209; x_wconf 78' lang='lat' dir='ltr'>coetus</span> <span class='ocrx_word' id='word_1_6' title='bbox 567 176 739 210; x_wconf 77' lang='lat' dir='ltr'>exercitus</span> <span class='ocrx_word' id='word_1_7' title='bbox 758 177 978 212; x_wconf 84' lang='lat' dir='ltr'>Graecorum</span> 
     </span>
     <span class='ocr_line' id='line_1_3' title="bbox 172 227 1115 266; baseline 0.004 -5"><span class='ocrx_word' id='word_1_8' title='bbox 172 229 348 262; x_wconf 80' lang='lat' dir='ltr'>Ducentes</span> <span class='ocrx_word' id='word_1_9' title='bbox 366 235 462 261; x_wconf 85' lang='lat' dir='ltr'>tuam</span> <span class='ocrx_word' id='word_1_10' title='bbox 481 227 587 260; x_wconf 77' lang='lat' dir='ltr'>liliam</span> <span class='ocrx_word' id='word_1_11' title='bbox 600 254 608 266; x_wconf 88' lang='lat'>,</span> <span class='ocrx_word' id='word_1_12' title='bbox 637 228 755 261; x_wconf 82' lang='lat' dir='ltr'>statim</span> <span class='ocrx_word' id='word_1_13' title='bbox 777 229 878 262; x_wconf 85' lang='lat' dir='ltr'>turba</span> <span class='ocrx_word' id='word_1_14' title='bbox 895 230 1115 265; x_wconf 87' lang='lat' dir='ltr'>Graecorum</span> 
     </span>
     <span class='ocr_line' id='line_1_4' title="bbox 175 278 1117 323; baseline 0.005 -12"><span class='ocrx_word' id='word_1_15' title='bbox 175 280 477 322; x_wconf 70' lang='lat' dir='ltr'>Congregabatur.</span> <span class='ocrx_word' id='word_1_16' title='bbox 521 278 569 310; x_wconf 81' lang='lat' dir='ltr'>Ut</span> <span class='ocrx_word' id='word_1_17' title='bbox 587 291 669 311; x_wconf 72' lang='lat' dir='ltr'>vero</span> <span class='ocrx_word' id='word_1_18' title='bbox 687 292 746 312; x_wconf 77' lang='lat' dir='ltr'>rex</span> <span class='ocrx_word' id='word_1_19' title='bbox 765 280 1014 323; x_wconf 59' lang='lat' dir='ltr'>⁴Xgamemnon</span> <span class='ocrx_word' id='word_1_20' title='bbox 1030 283 1117 317; x_wconf 83' lang='lat' dir='ltr'>vidit</span> 
     </span>
     <span class='ocr_line' id='line_1_5' title="bbox 177 330 1080 375; baseline 0.004 -12"><span class='ocrx_word' id='word_1_21' title='bbox 177 331 335 363; x_wconf 76' lang='lat' dir='ltr'>Puellam</span> <span class='ocrx_word' id='word_1_22' title='bbox 355 336 496 362; x_wconf 83' lang='lat' dir='ltr'>euntem</span> <span class='ocrx_word' id='word_1_23' title='bbox 513 330 557 361; x_wconf 84' lang='lat' dir='ltr'>ad</span> <span class='ocrx_word' id='word_1_24' title='bbox 576 342 720 370; x_wconf 84' lang='lat' dir='ltr'>nemus,</span> <span class='ocrx_word' id='word_1_25' title='bbox 749 338 786 364; x_wconf 91' lang='lat' dir='ltr'>ut</span> <span class='ocrx_word' id='word_1_26' title='bbox 804 332 1080 375; x_wconf 79' lang='lat' dir='ltr'>interficeretur,</span> 
     </span>
     <span class='ocr_line' id='line_1_6' title="bbox 177 381 875 427; baseline 0.003 -13"><span class='ocrx_word' id='word_1_27' title='bbox 177 381 369 425; x_wconf 74' lang='lat' dir='ltr'>Ingemuit,</span> <span class='ocrx_word' id='word_1_28' title='bbox 394 387 427 413; x_wconf 83' lang='lat' dir='ltr'>et</span> <span class='ocrx_word' id='word_1_29' title='bbox 446 381 572 413; x_wconf 79' lang='lat' dir='ltr'>iterum</span> <span class='ocrx_word' id='word_1_30' title='bbox 594 388 733 415; x_wconf 68' lang='lat' dir='ltr'>vertens</span> <span class='ocrx_word' id='word_1_31' title='bbox 751 390 875 427; x_wconf 82' lang='lat' dir='ltr'>caput,</span> 
     </span>
    </p>

    <p class='ocr_par' dir='ltr' id='par_1_3' title="bbox 133 430 1118 528">
     <span class='ocr_line' id='line_1_7' title="bbox 133 430 1118 479; baseline 0.004 -13"><span class='ocrx_word' id='word_1_32' title='bbox 133 432 224 468; x_wconf 83' lang='lat'>1550</span> <span class='ocrx_word' id='word_1_33' title='bbox 250 431 374 465; x_wconf 80' lang='lat' dir='ltr'>Emisit</span> <span class='ocrx_word' id='word_1_34' title='bbox 390 430 590 477; x_wconf 67' lang='lat' dir='ltr'>lachrymas</span> <span class='ocrx_word' id='word_1_35' title='bbox 609 446 649 466; x_wconf 79' lang='lat' dir='ltr'>ex</span> <span class='ocrx_word' id='word_1_36' title='bbox 664 434 786 475; x_wconf 87' lang='lat' dir='ltr'>oculis,</span> <span class='ocrx_word' id='word_1_37' title='bbox 804 442 895 469; x_wconf 75' lang='lat' dir='ltr'>veste</span> <span class='ocrx_word' id='word_1_38' title='bbox 914 443 1033 479; x_wconf 81' lang='lat' dir='ltr'>tegens</span> <span class='ocrx_word' id='word_1_39' title='bbox 1049 449 1118 470; x_wconf 86' lang='lat' dir='ltr'>eos.</span> 
     </span>
     <span class='ocr_line' id='line_1_8' title="bbox 178 483 794 528; baseline 0.005 -13"><span class='ocrx_word' id='word_1_40' title='bbox 178 483 235 516; x_wconf 78' lang='lat' dir='ltr'>[lla</span> <span class='ocrx_word' id='word_1_41' title='bbox 256 489 371 516; x_wconf 76' lang='lat' dir='ltr'>autem</span> <span class='ocrx_word' id='word_1_42' title='bbox 393 495 504 528; x_wconf 88' lang='lat' dir='ltr'>prope</span> <span class='ocrx_word' id='word_1_43' title='bbox 524 490 660 527; x_wconf 84' lang='lat' dir='ltr'>patrem</span> <span class='ocrx_word' id='word_1_44' title='bbox 679 491 794 525; x_wconf 84' lang='lat' dir='ltr'>stans,</span> 
     </span>
    </p>

    <p class='ocr_par' dir='ltr' id='par_1_4' title="bbox 135 535 1122 1041">
     <span class='ocr_line' id='line_1_9' title="bbox 177 535 940 581; baseline 0.004 -14"><span class='ocrx_word' id='word_1_45' title='bbox 177 535 279 567; x_wconf 84' lang='lat' dir='ltr'>Talia</span> <span class='ocrx_word' id='word_1_46' title='bbox 299 535 404 567; x_wconf 81' lang='lat' dir='ltr'>dixit:</span> <span class='ocrx_word' id='word_1_47' title='bbox 434 535 467 567; x_wconf 86' lang='lat' dir='ltr'>O</span> <span class='ocrx_word' id='word_1_48' title='bbox 487 541 605 578; x_wconf 81' lang='lat' dir='ltr'>pater,</span> <span class='ocrx_word' id='word_1_49' title='bbox 634 537 758 570; x_wconf 84' lang='lat' dir='ltr'>adsum</span> <span class='ocrx_word' id='word_1_50' title='bbox 777 539 870 581; x_wconf 89' lang='lat' dir='ltr'>apud</span> <span class='ocrx_word' id='word_1_51' title='bbox 890 545 940 578; x_wconf 77' lang='lat' dir='ltr'>te,</span> 
     </span>
     <span class='ocr_line' id='line_1_10' title="bbox 180 587 755 631; baseline 0.003 -13"><span class='ocrx_word' id='word_1_52' title='bbox 180 587 300 619; x_wconf 76' lang='lat' dir='ltr'>Meum</span> <span class='ocrx_word' id='word_1_53' title='bbox 318 598 446 630; x_wconf 86' lang='lat' dir='ltr'>corpus</span> <span class='ocrx_word' id='word_1_54' title='bbox 462 599 525 630; x_wconf 78' lang='lat' dir='ltr'>pru</span> <span class='ocrx_word' id='word_1_55' title='bbox 544 599 620 619; x_wconf 79' lang='lat' dir='ltr'>mea</span> <span class='ocrx_word' id='word_1_56' title='bbox 642 589 755 631; x_wconf 84' lang='lat' dir='ltr'>patria</span> 
     </span>
     <span class='ocr_line' id='line_1_11' title="bbox 179 637 560 682; baseline -0.005 -11"><span class='ocrx_word' id='word_1_57' title='bbox 179 637 223 671; x_wconf 82' lang='lat' dir='ltr'>Et</span> <span class='ocrx_word' id='word_1_58' title='bbox 239 649 303 682; x_wconf 89' lang='lat' dir='ltr'>pro</span> <span class='ocrx_word' id='word_1_59' title='bbox 321 644 393 670; x_wconf 82' lang='lat' dir='ltr'>tota</span> <span class='ocrx_word' id='word_1_60' title='bbox 411 637 560 671; x_wconf 85' lang='lat' dir='ltr'>Graecia</span> 
     </span>
     <span class='ocr_line' id='line_1_12' title="bbox 135 687 1122 731; baseline 0.001 -8"><span class='ocrx_word' id='word_1_61' title='bbox 135 687 226 723; x_wconf 82' lang='lat'>1555</span> <span class='ocrx_word' id='word_1_62' title='bbox 244 689 366 722; x_wconf 87' lang='lat' dir='ltr'>Trado</span> <span class='ocrx_word' id='word_1_63' title='bbox 380 689 514 728; x_wconf 72' lang='lat' dir='ltr'>voleus,</span> <span class='ocrx_word' id='word_1_64' title='bbox 531 695 568 722; x_wconf 91' lang='lat' dir='ltr'>ut</span> <span class='ocrx_word' id='word_1_65' title='bbox 586 696 758 722; x_wconf 78' lang='lat' dir='ltr'>mactetur</span> <span class='ocrx_word' id='word_1_66' title='bbox 774 691 817 722; x_wconf 87' lang='lat' dir='ltr'>ad</span> <span class='ocrx_word' id='word_1_67' title='bbox 833 702 932 724; x_wconf 75' lang='lat' dir='ltr'>aram</span> <span class='ocrx_word' id='word_1_68' title='bbox 941 691 1051 731; x_wconf 83' lang='lat' dir='ltr'>Deae,</span> <span class='ocrx_word' id='word_1_69' title='bbox 1069 691 1122 730; x_wconf 83' lang='lat' dir='ltr'>iis,</span> 
     </span>
     <span class='ocr_line' id='line_1_13' title="bbox 179 734 1122 786; baseline 0.001 -13"><span class='ocrx_word' id='word_1_70' title='bbox 179 741 250 786; x_wconf 83' lang='lat' dir='ltr'>Qui</span> <span class='ocrx_word' id='word_1_71' title='bbox 269 752 324 773; x_wconf 88' lang='lat' dir='ltr'>me</span> <span class='ocrx_word' id='word_1_72' title='bbox 341 740 549 785; x_wconf 68' lang='lat' dir='ltr'>ducunt‘ffi),</span> <span class='ocrx_word' id='word_1_73' title='bbox 576 740 603 773; x_wconf 86' lang='lat' dir='ltr'>si</span> <span class='ocrx_word' id='word_1_74' title='bbox 623 742 765 785; x_wconf 68' lang='lat' dir='ltr'>quidem</span> <span class='ocrx_word' id='word_1_75' title='bbox 788 739 854 774; x_wconf 89' lang='lat' dir='ltr'>hoc</span> <span class='ocrx_word' id='word_1_76' title='bbox 870 734 1026 786; x_wconf 78' lang='lat' dir='ltr'>postulat</span> <span class='ocrx_word' id='word_1_77' title='bbox 1044 754 1122 775; x_wconf 91' lang='lat' dir='ltr'>ora-</span> 
     </span>
     <span class='ocr_line' id='line_1_14' title="bbox 542 791 671 825; baseline 0.008 -1"><span class='ocrx_word' id='word_1_78' title='bbox 542 791 671 825; x_wconf 87' lang='lat' dir='ltr'>culum.</span> 
     </span>
     <span class='ocr_line' id='line_1_15' title="bbox 181 842 690 888; baseline -0.002 -12"><span class='ocrx_word' id='word_1_79' title='bbox 181 842 224 876; x_wconf 65' lang='lat' dir='ltr'>iit</span> <span class='ocrx_word' id='word_1_80' title='bbox 256 843 351 888; x_wconf 83' lang='lat' dir='ltr'>quod</span> <span class='ocrx_word' id='word_1_81' title='bbox 382 843 425 875; x_wconf 84' lang='lat' dir='ltr'>ad</span> <span class='ocrx_word' id='word_1_82' title='bbox 459 855 514 875; x_wconf 85' lang='lat' dir='ltr'>me</span> <span class='ocrx_word' id='word_1_83' title='bbox 547 842 690 881; x_wconf 75' lang='lat' dir='ltr'>attinet,</span> 
     </span>
     <span class='ocr_line' id='line_1_16' title="bbox 548 895 715 926; baseline -0.006 0"><span class='ocrx_word' id='word_1_84' title='bbox 548 895 715 926; x_wconf 75' lang='lat' dir='ltr'>victoriae</span> 
     </span>
     <span class='ocr_line' id='line_1_17' title="bbox 183 945 1101 990; baseline 0.003 -13"><span class='ocrx_word' id='word_1_85' title='bbox 183 945 322 977; x_wconf 85' lang='lat' dir='ltr'>Donum</span> <span class='ocrx_word' id='word_1_86' title='bbox 344 945 632 989; x_wconf 77' lang='lat' dir='ltr'>consequamini,</span> <span class='ocrx_word' id='word_1_87' title='bbox 660 951 690 977; x_wconf 74' lang='lat' dir='ltr'>et</span> <span class='ocrx_word' id='word_1_88' title='bbox 710 946 860 979; x_wconf 83' lang='lat' dir='ltr'>redeatis</span> <span class='ocrx_word' id='word_1_89' title='bbox 880 946 915 978; x_wconf 91' lang='lat' dir='ltr'>in</span> <span class='ocrx_word' id='word_1_90' title='bbox 936 947 1101 990; x_wconf 86' lang='lat' dir='ltr'>patriam.</span> 
     </span>
     <span class='ocr_line' id='line_1_18' title="bbox 181 993 1059 1041; baseline 0.003 -14"><span class='ocrx_word' id='word_1_91' title='bbox 181 996 232 1027; x_wconf 67' lang='lat' dir='ltr'>Ad</span> <span class='ocrx_word' id='word_1_92' title='bbox 252 993 336 1027; x_wconf 83' lang='lat' dir='ltr'>haec</span> <span class='ocrx_word' id='word_1_93' title='bbox 354 1007 427 1027; x_wconf 90' lang='lat' dir='ltr'>non</span> <span class='ocrx_word' id='word_1_94' title='bbox 447 995 598 1038; x_wconf 71' lang='lat' dir='ltr'>attingat</span> <span class='ocrx_word' id='word_1_95' title='bbox 618 1009 671 1027; x_wconf 83' lang='lat' dir='ltr'>me</span> <span class='ocrx_word' id='word_1_96' title='bbox 691 996 819 1041; x_wconf 44' lang='lat' dir='ltr'>aliquis</span> <span class='ocrx_word' id='word_1_97' title='bbox 839 997 1059 1030; x_wconf 82' lang='lat' dir='ltr'>Graecorum</span> 
     </span>
    </p>

    <p class='ocr_par' dir='ltr' id='par_1_5' title="bbox 134 1046 1075 1089">
     <span class='ocr_line' id='line_1_19' title="bbox 134 1046 1075 1089; baseline 0.002 -9"><span class='ocrx_word' id='word_1_98' title='bbox 134 1046 228 1080; x_wconf 75' lang='lat'>1550</span> <span class='ocrx_word' id='word_1_99' title='bbox 256 1046 375 1084; x_wconf 83' lang='lat' dir='ltr'>Clam3</span> <span class='ocrx_word' id='word_1_100' title='bbox 403 1046 581 1089; x_wconf 85' lang='lat' dir='ltr'>praebebo</span> <span class='ocrx_word' id='word_1_101' title='bbox 601 1047 695 1079; x_wconf 82' lang='lat' dir='ltr'>enim</span> <span class='ocrx_word' id='word_1_102' title='bbox 714 1047 885 1081; x_wconf 76' lang='lat' dir='ltr'>cervicem</span> <span class='ocrx_word' id='word_1_103' title='bbox 904 1048 1075 1082; x_wconf 83' lang='lat' dir='ltr'>animose.</span> 
     </span>
    </p>

    <p class='ocr_par' dir='ltr' id='par_1_6' title="bbox 181 1097 1123 1193">
     <span class='ocr_line' id='line_1_20' title="bbox 181 1097 1123 1144; baseline 0.002 -14"><span class='ocrx_word' id='word_1_104' title='bbox 181 1098 338 1130; x_wconf 86' lang='lat' dir='ltr'>Tantum</span> <span class='ocrx_word' id='word_1_105' title='bbox 357 1097 461 1135; x_wconf 78' lang='lat' dir='ltr'>dixit;</span> <span class='ocrx_word' id='word_1_106' title='bbox 498 1109 621 1131; x_wconf 83' lang='lat' dir='ltr'>omnes</span> <span class='ocrx_word' id='word_1_107' title='bbox 642 1105 780 1138; x_wconf 83' lang='lat' dir='ltr'>antem,</span> <span class='ocrx_word' id='word_1_108' title='bbox 817 1099 876 1144; x_wconf 90' lang='lat' dir='ltr'>qui</span> <span class='ocrx_word' id='word_1_109' title='bbox 897 1100 1123 1139; x_wconf 76' lang='lat' dir='ltr'>audiverunt,</span> 
     </span>
     <span class='ocr_line' id='line_1_21' title="bbox 546 1149 758 1193; baseline 0.014 -13"><span class='ocrx_word' id='word_1_110' title='bbox 546 1149 758 1193; x_wconf 80' lang='lat' dir='ltr'>obstupuere</span> 
     </span>
    </p>

    <p class='ocr_par' dir='ltr' id='par_1_7' title="bbox 180 1199 1108 1245">
     <span class='ocr_line' id='line_1_22' title="bbox 180 1199 1108 1245; baseline 0.004 -14"><span class='ocrx_word' id='word_1_111' title='bbox 180 1201 236 1233; x_wconf 81' lang='lat' dir='ltr'>Ob</span> <span class='ocrx_word' id='word_1_112' title='bbox 253 1199 537 1244; x_wconf 74' lang='lat' dir='ltr'>magnitudinem</span> <span class='ocrx_word' id='word_1_113' title='bbox 555 1200 685 1239; x_wconf 86' lang='lat' dir='ltr'>animi,</span> <span class='ocrx_word' id='word_1_114' title='bbox 715 1208 748 1234; x_wconf 90' lang='lat' dir='ltr'>et</span> <span class='ocrx_word' id='word_1_115' title='bbox 766 1201 912 1245; x_wconf 78' lang='lat' dir='ltr'>virginis</span> <span class='ocrx_word' id='word_1_116' title='bbox 928 1202 1108 1235; x_wconf 70' lang='lat' dir='ltr'>virtutem.</span> 
     </span>
    </p>

    <p class='ocr_par' dir='ltr' id='par_1_8' title="bbox 180 1249 1123 1343">
     <span class='ocr_line' id='line_1_23' title="bbox 180 1249 1123 1296; baseline 0.002 -13"><span class='ocrx_word' id='word_1_117' title='bbox 180 1249 393 1296; x_wconf 72' lang='lat' dir='ltr'>Talthybius</span> <span class='ocrx_word' id='word_1_118' title='bbox 411 1258 528 1284; x_wconf 82' lang='lat' dir='ltr'>autem</span> <span class='ocrx_word' id='word_1_119' title='bbox 547 1258 643 1284; x_wconf 83' lang='lat' dir='ltr'>stans</span> <span class='ocrx_word' id='word_1_120' title='bbox 660 1251 696 1284; x_wconf 87' lang='lat' dir='ltr'>in</span> <span class='ocrx_word' id='word_1_121' title='bbox 714 1252 852 1293; x_wconf 81' lang='lat' dir='ltr'>medio,</span> <span class='ocrx_word' id='word_1_122' title='bbox 888 1254 942 1286; x_wconf 86' lang='lat' dir='ltr'>cui</span> <span class='ocrx_word' id='word_1_123' title='bbox 962 1251 1029 1286; x_wconf 86' lang='lat' dir='ltr'>hoc</span> <span class='ocrx_word' id='word_1_124' title='bbox 1050 1259 1123 1286; x_wconf 85' lang='lat' dir='ltr'>erat</span> 
     </span>
     <span class='ocr_line' id='line_1_24' title="bbox 544 1315 670 1343; baseline 0 -8"><span class='ocrx_word' id='word_1_125' title='bbox 544 1315 649 1335; x_wconf 88' lang='lat' dir='ltr'>curae</span> <span class='ocrx_word' id='word_1_126' title='bbox 662 1330 670 1343; x_wconf 89' lang='lat'>‚</span> 
     </span>
    </p>

    <p class='ocr_par' dir='ltr' id='par_1_9' title="bbox 180 1353 821 1401">
     <span class='ocr_line' id='line_1_25' title="bbox 180 1353 821 1401; baseline 0.005 -16"><span class='ocrx_word' id='word_1_127' title='bbox 180 1353 373 1398; x_wconf 78' lang='lat' dir='ltr'>Imperavit</span> <span class='ocrx_word' id='word_1_128' title='bbox 389 1353 568 1387; x_wconf 83' lang='lat' dir='ltr'>silentium</span> <span class='ocrx_word' id='word_1_129' title='bbox 576 1353 624 1401; x_wconf 73' lang='lat'>⁶⁷)</span> <span class='ocrx_word' id='word_1_130' title='bbox 641 1354 821 1388; x_wconf 79' lang='lat' dir='ltr'>exercitui.</span> 
     </span>
    </p>

    <p class='ocr_par' dir='ltr' id='par_1_10' title="bbox 134 1403 1111 1552">
     <span class='ocr_line' id='line_1_26' title="bbox 134 1403 1059 1448; baseline 0.002 -11"><span class='ocrx_word' id='word_1_131' title='bbox 134 1403 229 1439; x_wconf 83' lang='lat'>1565</span> <span class='ocrx_word' id='word_1_132' title='bbox 255 1403 402 1438; x_wconf 85' lang='lat' dir='ltr'>Calchas</span> <span class='ocrx_word' id='word_1_133' title='bbox 419 1404 527 1448; x_wconf 84' lang='lat' dir='ltr'>igitur</span> <span class='ocrx_word' id='word_1_134' title='bbox 545 1412 641 1439; x_wconf 82' lang='lat' dir='ltr'>vates</span> <span class='ocrx_word' id='word_1_135' title='bbox 658 1406 695 1438; x_wconf 92' lang='lat' dir='ltr'>in</span> <span class='ocrx_word' id='word_1_136' title='bbox 713 1418 859 1439; x_wconf 86' lang='lat' dir='ltr'>aureum</span> <span class='ocrx_word' id='word_1_137' title='bbox 880 1404 1059 1440; x_wconf 80' lang='lat' dir='ltr'>calathum</span> 
     </span>
     <span class='ocr_line' id='line_1_27' title="bbox 179 1456 1111 1499; baseline 0.002 -10"><span class='ocrx_word' id='word_1_138' title='bbox 179 1456 305 1490; x_wconf 79' lang='lat' dir='ltr'>Posuit</span> <span class='ocrx_word' id='word_1_139' title='bbox 319 1463 460 1490; x_wconf 77' lang='lat' dir='ltr'>acutum</span> <span class='ocrx_word' id='word_1_140' title='bbox 479 1457 653 1499; x_wconf 83' lang='lat' dir='ltr'>gladium,</span> <span class='ocrx_word' id='word_1_141' title='bbox 682 1470 760 1490; x_wconf 87' lang='lat' dir='ltr'>cum</span> <span class='ocrx_word' id='word_1_142' title='bbox 781 1457 986 1491; x_wconf 80' lang='lat' dir='ltr'>extraxisset</span> <span class='ocrx_word' id='word_1_143' title='bbox 1002 1470 1111 1491; x_wconf 88' lang='lat' dir='ltr'>manu</span> 
     </span>
     <span class='ocr_line' id='line_1_28' title="bbox 179 1507 930 1552; baseline 0.001 -12"><span class='ocrx_word' id='word_1_144' title='bbox 179 1507 209 1540; x_wconf 81' lang='lat' dir='ltr'><strong>E</strong></span> <span class='ocrx_word' id='word_1_145' title='bbox 228 1507 373 1551; x_wconf 75' lang='lat' dir='ltr'>vagina,</span> <span class='ocrx_word' id='word_1_146' title='bbox 402 1514 435 1540; x_wconf 93' lang='lat' dir='ltr'>et</span> <span class='ocrx_word' id='word_1_147' title='bbox 451 1508 638 1541; x_wconf 75' lang='lat' dir='ltr'>coronavit</span> <span class='ocrx_word' id='word_1_148' title='bbox 657 1515 763 1552; x_wconf 87' lang='lat' dir='ltr'>caput</span> <span class='ocrx_word' id='word_1_149' title='bbox 781 1509 930 1552; x_wconf 87' lang='lat' dir='ltr'>puellae.</span> 
     </span>
    </p>

    <p class='ocr_par' dir='ltr' id='par_1_11' title="bbox 180 1556 995 1656">
     <span class='ocr_line' id='line_1_29' title="bbox 180 1556 822 1599; baseline 0 -7"><span class='ocrx_word' id='word_1_150' title='bbox 180 1560 247 1592; x_wconf 84' lang='lat' dir='ltr'>Sed</span> <span class='ocrx_word' id='word_1_151' title='bbox 266 1556 421 1592; x_wconf 71' lang='lat' dir='ltr'>Achilles</span> <span class='ocrx_word' id='word_1_152' title='bbox 437 1559 568 1592; x_wconf 89' lang='lat' dir='ltr'>circum</span> <span class='ocrx_word' id='word_1_153' title='bbox 589 1572 689 1592; x_wconf 88' lang='lat' dir='ltr'>aram</span> <span class='ocrx_word' id='word_1_154' title='bbox 706 1559 800 1592; x_wconf 88' lang='lat' dir='ltr'>Deae</span> <span class='ocrx_word' id='word_1_155' title='bbox 813 1586 822 1599; x_wconf 83' lang='lat'>,</span> 
     </span>
     <span class='ocr_line' id='line_1_30' title="bbox 180 1607 995 1656; baseline -0.001 -14"><span class='ocrx_word' id='word_1_156' title='bbox 180 1611 333 1653; x_wconf 70' lang='lat' dir='ltr'>Accepto</span> <span class='ocrx_word' id='word_1_157' title='bbox 351 1607 490 1643; x_wconf 87' lang='lat' dir='ltr'>calatho</span> <span class='ocrx_word' id='word_1_158' title='bbox 510 1616 544 1642; x_wconf 92' lang='lat' dir='ltr'>et</span> <span class='ocrx_word' id='word_1_159' title='bbox 562 1610 667 1644; x_wconf 83' lang='lat' dir='ltr'>simul</span> <span class='ocrx_word' id='word_1_160' title='bbox 690 1622 801 1656; x_wconf 79' lang='lat' dir='ltr'>aqua,</span> <span class='ocrx_word' id='word_1_161' title='bbox 830 1609 995 1643; x_wconf 79' lang='lat' dir='ltr'>cucurrit.</span> 
     </span>
    </p>

    <p class='ocr_par' dir='ltr' id='par_1_12' title="bbox 136 1660 1124 1707">
     <span class='ocr_line' id='line_1_31' title="bbox 136 1660 1124 1707; baseline -0.001 -14"><span class='ocrx_word' id='word_1_162' title='bbox 136 1660 228 1695; x_wconf 81' lang='lat'>1570</span> <span class='ocrx_word' id='word_1_163' title='bbox 254 1661 353 1694; x_wconf 82' lang='lat' dir='ltr'>Dixit</span> <span class='ocrx_word' id='word_1_164' title='bbox 370 1667 505 1694; x_wconf 82' lang='lat' dir='ltr'>autem:</span> <span class='ocrx_word' id='word_1_165' title='bbox 543 1660 575 1694; x_wconf 92' lang='lat' dir='ltr'>O</span> <span class='ocrx_word' id='word_1_166' title='bbox 595 1661 708 1694; x_wconf 80' lang='lat' dir='ltr'>Diana</span> <span class='ocrx_word' id='word_1_167' title='bbox 720 1688 729 1700; x_wconf 85' lang='lat'>‚</span> <span class='ocrx_word' id='word_1_168' title='bbox 763 1673 853 1707; x_wconf 84' lang='lat' dir='ltr'>quae</span> <span class='ocrx_word' id='word_1_169' title='bbox 871 1661 1001 1704; x_wconf 84' lang='lat' dir='ltr'>gaudes</span> <span class='ocrx_word' id='word_1_170' title='bbox 1019 1672 1124 1693; x_wconf 72' lang='lat' dir='ltr'>vena-</span> 
     </span>
    </p>

    <p class='ocr_par' dir='ltr' id='par_1_13' title="bbox 544 1712 892 1753">
     <span class='ocr_line' id='line_1_32' title="bbox 544 1712 892 1753; baseline 0.006 -10"><span class='ocrx_word' id='word_1_171' title='bbox 544 1712 640 1746; x_wconf 81' lang='lat' dir='ltr'>tione</span> <span class='ocrx_word' id='word_1_172' title='bbox 653 1739 661 1753; x_wconf 89' lang='lat'>,</span> <span class='ocrx_word' id='word_1_173' title='bbox 688 1713 757 1745; x_wconf 78' lang='lat' dir='ltr'>filia</span> <span class='ocrx_word' id='word_1_174' title='bbox 781 1712 892 1752; x_wconf 70' lang='lat' dir='ltr'>Iovis,</span> 
     </span>
    </p>

    <p class='ocr_par' dir='ltr' id='par_1_14' title="bbox 178 1764 764 1807">
     <span class='ocr_line' id='line_1_33' title="bbox 178 1764 764 1807; baseline 0.002 -11"><span class='ocrx_word' id='word_1_175' title='bbox 178 1764 325 1807; x_wconf 74' lang='lat' dir='ltr'>Agitans</span> <span class='ocrx_word' id='word_1_176' title='bbox 344 1764 476 1796; x_wconf 84' lang='lat' dir='ltr'>clarum</span> <span class='ocrx_word' id='word_1_177' title='bbox 498 1764 618 1797; x_wconf 74' lang='lat' dir='ltr'>lumen</span> <span class='ocrx_word' id='word_1_178' title='bbox 635 1771 742 1797; x_wconf 86' lang='lat' dir='ltr'>noctu</span> <span class='ocrx_word' id='word_1_179' title='bbox 755 1791 764 1803; x_wconf 90' lang='lat'>,</span> 
     </span>
    </p>

    <p class='ocr_par' dir='ltr' id='par_1_15' title="bbox 180 1813 1073 1861">
     <span class='ocr_line' id='line_1_34' title="bbox 180 1813 1073 1861; baseline -0.002 -13"><span class='ocrx_word' id='word_1_180' title='bbox 180 1815 311 1859; x_wconf 73' lang='lat' dir='ltr'>Recipe</span> <span class='ocrx_word' id='word_1_181' title='bbox 331 1813 423 1847; x_wconf 85' lang='lat' dir='ltr'>hanc</span> <span class='ocrx_word' id='word_1_182' title='bbox 441 1815 641 1855; x_wconf 67' lang='lat' dir='ltr'>victimam,</span> <span class='ocrx_word' id='word_1_183' title='bbox 670 1828 776 1861; x_wconf 82' lang='lat' dir='ltr'>quam</span> <span class='ocrx_word' id='word_1_184' title='bbox 797 1815 859 1848; x_wconf 75' lang='lat' dir='ltr'>tibi</span> <span class='ocrx_word' id='word_1_185' title='bbox 877 1815 1073 1852; x_wconf 86' lang='lat' dir='ltr'>donamus,</span> 
     </span>
    </p>

    <p class='ocr_par' dir='ltr' id='par_1_16' title="bbox 180 1864 1123 1957">
     <span class='ocr_line' id='line_1_35' title="bbox 180 1864 1123 1908; baseline -0.003 -9"><span class='ocrx_word' id='word_1_186' title='bbox 180 1865 225 1899; x_wconf 83' lang='lat' dir='ltr'>Et</span> <span class='ocrx_word' id='word_1_187' title='bbox 258 1867 478 1900; x_wconf 86' lang='lat' dir='ltr'>Graecorum</span> <span class='ocrx_word' id='word_1_188' title='bbox 517 1867 687 1900; x_wconf 66' lang='lat' dir='ltr'>exercitus</span> <span class='ocrx_word' id='word_1_189' title='bbox 724 1873 758 1899; x_wconf 89' lang='lat' dir='ltr'>et</span> <span class='ocrx_word' id='word_1_190' title='bbox 790 1866 895 1900; x_wconf 86' lang='lat' dir='ltr'>simul</span> <span class='ocrx_word' id='word_1_191' title='bbox 937 1878 997 1899; x_wconf 80' lang='lat' dir='ltr'>rex</span> <span class='ocrx_word' id='word_1_192' title='bbox 1031 1864 1123 1908; x_wconf 78' lang='lat' dir='ltr'>Aga-</span> 
     </span>
     <span class='ocr_line' id='line_1_36' title="bbox 542 1914 729 1957; baseline 0.005 -8"><span class='ocrx_word' id='word_1_193' title='bbox 542 1914 729 1957; x_wconf 74' lang='lat' dir='ltr'>memnon,</span> 
     </span>
    </p>

    <p class='ocr_par' dir='ltr' id='par_1_17' title="bbox 179 1964 1123 2063">
     <span class='ocr_line' id='line_1_37' title="bbox 179 1964 1123 2013; baseline -0.002 -12"><span class='ocrx_word' id='word_1_194' title='bbox 179 1967 408 2013; x_wconf 87' lang='lat' dir='ltr'>Impollutum</span> <span class='ocrx_word' id='word_1_195' title='bbox 440 1969 649 2012; x_wconf 74' lang='lat' dir='ltr'>sanguinem</span> <span class='ocrx_word' id='word_1_196' title='bbox 680 1968 823 2002; x_wconf 66' lang='lat' dir='ltr'>cervicis</span> <span class='ocrx_word' id='word_1_197' title='bbox 860 1964 1027 2012; x_wconf 77' lang='lat' dir='ltr'>pulchrae</span> <span class='ocrx_word' id='word_1_198' title='bbox 1054 1966 1123 1999; x_wconf 80' lang='lat' dir='ltr'>vir-</span> 
     </span>
     <span class='ocr_line' id='line_1_38' title="bbox 537 2020 644 2063; baseline 0.019 -11"><span class='ocrx_word' id='word_1_199' title='bbox 537 2020 644 2063; x_wconf 83' lang='lat' dir='ltr'>ginis;</span> 
     </span>
    </p>

    <p class='ocr_par' dir='ltr' id='par_1_18' title="bbox 131 2069 1121 2114">
     <span class='ocr_line' id='line_1_39' title="bbox 131 2069 1121 2114; baseline -0.003 -10"><span class='ocrx_word' id='word_1_200' title='bbox 131 2070 227 2105; x_wconf 84' lang='lat'>1575</span> <span class='ocrx_word' id='word_1_201' title='bbox 257 2070 302 2104; x_wconf 85' lang='lat' dir='ltr'>Et</span> <span class='ocrx_word' id='word_1_202' title='bbox 326 2070 479 2103; x_wconf 76' lang='lat' dir='ltr'>concede</span> <span class='ocrx_word' id='word_1_203' title='bbox 507 2072 629 2111; x_wconf 86' lang='lat' dir='ltr'>nobis,</span> <span class='ocrx_word' id='word_1_204' title='bbox 676 2077 714 2104; x_wconf 92' lang='lat' dir='ltr'>ut</span> <span class='ocrx_word' id='word_1_205' title='bbox 744 2077 821 2104; x_wconf 89' lang='lat' dir='ltr'>tuto</span> <span class='ocrx_word' id='word_1_206' title='bbox 853 2069 1028 2114; x_wconf 87' lang='lat' dir='ltr'>possimus</span> <span class='ocrx_word' id='word_1_207' title='bbox 1061 2081 1121 2102; x_wconf 89' lang='lat' dir='ltr'>na-</span> 
     </span>
    </p>

    <p class='ocr_par' dir='ltr' id='par_1_19' title="bbox 536 2122 676 2166">
     <span class='ocr_line' id='line_1_40' title="bbox 536 2122 676 2166; baseline 0 -12"><span class='ocrx_word' id='word_1_208' title='bbox 536 2122 676 2166; x_wconf 74' lang='lat' dir='ltr'>vigare,</span> 
     </span>
    </p>

    <p class='ocr_par' dir='ltr' id='par_1_20' title="bbox 177 2172 749 2217">
     <span class='ocr_line' id='line_1_41' title="bbox 177 2172 749 2217; baseline 0 -11"><span class='ocrx_word' id='word_1_209' title='bbox 177 2173 222 2206; x_wconf 80' lang='lat' dir='ltr'>Et</span> <span class='ocrx_word' id='word_1_210' title='bbox 240 2172 348 2206; x_wconf 81' lang='lat' dir='ltr'>armis</span> <span class='ocrx_word' id='word_1_211' title='bbox 367 2185 568 2217; x_wconf 79' lang='lat' dir='ltr'>expugnare</span> <span class='ocrx_word' id='word_1_212' title='bbox 587 2173 749 2206; x_wconf 78' lang='lat' dir='ltr'>Troiam.</span> 
     </span>
    </p>

    <p class='ocr_par' dir='ltr' id='par_1_21' title="bbox 176 2222 1121 2314">
     <span class='ocr_line' id='line_1_42' title="bbox 176 2222 1121 2269; baseline -0.001 -12"><span class='ocrx_word' id='word_1_213' title='bbox 176 2225 220 2257; x_wconf 75' lang='lat' dir='ltr'>Et</span> <span class='ocrx_word' id='word_1_214' title='bbox 239 2224 465 2269; x_wconf 61' lang='lat' dir='ltr'>exercitusffi)</span> <span class='ocrx_word' id='word_1_215' title='bbox 490 2231 523 2257; x_wconf 88' lang='lat' dir='ltr'>et</span> <span class='ocrx_word' id='word_1_216' title='bbox 546 2224 694 2258; x_wconf 88' lang='lat' dir='ltr'>Atridae</span> <span class='ocrx_word' id='word_1_217' title='bbox 718 2229 908 2262; x_wconf 80' lang='lat' dir='ltr'>steterunt,</span> <span class='ocrx_word' id='word_1_218' title='bbox 946 2222 1121 2256; x_wconf 76' lang='lat' dir='ltr'>intuentes</span> 
     </span>
     <span class='ocr_line' id='line_1_43' title="bbox 534 2281 685 2314; baseline 0 -6"><span class='ocrx_word' id='word_1_219' title='bbox 534 2281 665 2309; x_wconf 88' lang='lat' dir='ltr'>terram</span> <span class='ocrx_word' id='word_1_220' title='bbox 678 2289 685 2314; x_wconf 84' lang='grc'>;</span> 
     </span>
    </p>

    <p class='ocr_par' dir='ltr' id='par_1_22' title="bbox 176 2326 1024 2372">
     <span class='ocr_line' id='line_1_44' title="bbox 176 2326 1024 2372; baseline -0.002 -13"><span class='ocrx_word' id='word_1_221' title='bbox 176 2327 347 2359; x_wconf 78' lang='lat' dir='ltr'>Sacerdos</span> <span class='ocrx_word' id='word_1_222' title='bbox 366 2339 450 2359; x_wconf 67' lang='lat' dir='ltr'>vero</span> <span class='ocrx_word' id='word_1_223' title='bbox 470 2334 613 2372; x_wconf 88' lang='lat' dir='ltr'>accepto</span> <span class='ocrx_word' id='word_1_224' title='bbox 634 2326 752 2371; x_wconf 85' lang='lat' dir='ltr'>gladio</span> <span class='ocrx_word' id='word_1_225' title='bbox 772 2331 934 2369; x_wconf 83' lang='lat' dir='ltr'>precatus</span> <span class='ocrx_word' id='word_1_226' title='bbox 955 2331 1024 2364; x_wconf 77' lang='lat' dir='ltr'>cst,</span> 
     </span>
    </p>

    <p class='ocr_par' dir='ltr' id='par_1_23' title="bbox 176 2376 868 2421">
     <span class='ocr_line' id='line_1_45' title="bbox 176 2376 868 2421; baseline 0 -12"><span class='ocrx_word' id='word_1_227' title='bbox 176 2376 219 2409; x_wconf 75' lang='lat' dir='ltr'>Et</span> <span class='ocrx_word' id='word_1_228' title='bbox 236 2377 472 2410; x_wconf 73' lang='lat' dir='ltr'>consideravit</span> <span class='ocrx_word' id='word_1_229' title='bbox 488 2385 629 2421; x_wconf 85' lang='lat' dir='ltr'>guttur,</span> <span class='ocrx_word' id='word_1_230' title='bbox 657 2378 718 2411; x_wconf 83' lang='lat' dir='ltr'>ubi</span> <span class='ocrx_word' id='word_1_231' title='bbox 736 2377 868 2410; x_wconf 79' lang='lat' dir='ltr'>feriret.</span> 
     </span>
    </p>
   </div>
   <div class='ocr_carea' id='block_1_3' title="bbox 739 844 1121 884">
    <p class='ocr_par' dir='ltr' id='par_1_24' title="bbox 739 844 1121 884">
     <span class='ocr_line' id='line_1_46' title="bbox 739 844 1121 884; baseline 0 -7"><span class='ocrx_word' id='word_1_232' title='bbox 739 844 813 878; x_wconf 88' lang='lat' dir='ltr'>sitis</span> <span class='ocrx_word' id='word_1_233' title='bbox 850 845 1022 878; x_wconf 85' lang='lat' dir='ltr'>fortunati</span> <span class='ocrx_word' id='word_1_234' title='bbox 1033 872 1042 884; x_wconf 88' lang='lat'>,</span> <span class='ocrx_word' id='word_1_235' title='bbox 1090 852 1121 877; x_wconf 84' lang='lat' dir='ltr'>et</span> 
     </span>
    </p>
   </div>
   <div class='ocr_carea' id='block_1_4' title="bbox 706 89 1582 131">
    <p class='ocr_par' dir='ltr' id='par_1_25' title="bbox 706 89 1582 131">
     <span class='ocr_line' id='line_1_47' title="bbox 706 89 1582 131; baseline 0.01 -9"><span class='ocrx_word' id='word_1_236' title='bbox 706 89 828 125; x_wconf 76' lang='lat' dir='ltr'>rull..</span> <span class='ocrx_word' id='word_1_237' title='bbox 865 92 976 127; x_wconf 80' lang='lat' dir='ltr'>MEL.</span> <span class='ocrx_word' id='word_1_238' title='bbox 1012 93 1213 128; x_wconf 79' lang='lat' dir='ltr'>SCRIPTA</span> <span class='ocrx_word' id='word_1_239' title='bbox 1247 94 1582 131; x_wconf 86' lang='lat' dir='ltr'>PHILOLOGICA.</span> 
     </span>
    </p>
   </div>
   <div class='ocr_carea' id='block_1_5' title="bbox 2091 101 2164 137">
    <p class='ocr_par' dir='ltr' id='par_1_26' title="bbox 2091 101 2164 137">
     <span class='ocr_line' id='line_1_48' title="bbox 2091 101 2164 137; baseline 0.014 -1"><span class='ocrx_word' id='word_1_240' title='bbox 2091 101 2164 137; x_wconf 90' lang='grc'>708</span> 
     </span>
    </p>
   </div>
   <div class='ocr_carea' id='block_1_6' title="bbox 1219 180 2166 431">
    <p class='ocr_par' dir='ltr' id='par_1_27' title="bbox 1219 180 2164 270">
     <span class='ocr_line' id='line_1_49' title="bbox 1219 180 2164 226; baseline 0.007 -12"><span class='ocrx_word' id='word_1_241' title='bbox 1219 180 1264 214; x_wconf 84' lang='lat' dir='ltr'>Et</span> <span class='ocrx_word' id='word_1_242' title='bbox 1283 183 1418 215; x_wconf 80' lang='lat' dir='ltr'>stabam</span> <span class='ocrx_word' id='word_1_243' title='bbox 1446 182 1636 226; x_wconf 86' lang='lat' dir='ltr'>inspiciens</span> <span class='ocrx_word' id='word_1_244' title='bbox 1661 188 1804 217; x_wconf 83' lang='lat' dir='ltr'>terram.</span> <span class='ocrx_word' id='word_1_245' title='bbox 1866 185 1990 219; x_wconf 88' lang='lat' dir='ltr'>Subito</span> <span class='ocrx_word' id='word_1_246' title='bbox 2015 193 2090 220; x_wconf 83' lang='lat' dir='ltr'>erat</span> <span class='ocrx_word' id='word_1_247' title='bbox 2113 188 2164 221; x_wconf 79' lang='lat' dir='ltr'>vi-</span> 
     </span>
     <span class='ocr_line' id='line_1_50' title="bbox 1584 233 1910 270; baseline 0.015 -6"><span class='ocrx_word' id='word_1_248' title='bbox 1584 233 1667 266; x_wconf 90' lang='lat' dir='ltr'>dere</span> <span class='ocrx_word' id='word_1_249' title='bbox 1685 234 1910 270; x_wconf 80' lang='lat' dir='ltr'>miraculum.</span> 
     </span>
    </p>

    <p class='ocr_par' dir='ltr' id='par_1_28' title="bbox 1219 280 1985 328">
     <span class='ocr_line' id='line_1_51' title="bbox 1219 280 1985 328; baseline 0.008 -13"><span class='ocrx_word' id='word_1_250' title='bbox 1219 284 1353 317; x_wconf 80' lang='lat' dir='ltr'>Omnes</span> <span class='ocrx_word' id='word_1_251' title='bbox 1373 285 1476 328; x_wconf 89' lang='lat' dir='ltr'>plane</span> <span class='ocrx_word' id='word_1_252' title='bbox 1494 284 1688 317; x_wconf 78' lang='lat' dir='ltr'>audiebant</span> <span class='ocrx_word' id='word_1_253' title='bbox 1706 280 1862 319; x_wconf 86' lang='lat' dir='ltr'>sonitum</span> <span class='ocrx_word' id='word_1_254' title='bbox 1880 287 1985 327; x_wconf 89' lang='lat' dir='ltr'>ictus;</span> 
     </span>
    </p>

    <p class='ocr_par' dir='ltr' id='par_1_29' title="bbox 1223 334 2145 381">
     <span class='ocr_line' id='line_1_52' title="bbox 1223 334 2145 381; baseline 0.009 -15"><span class='ocrx_word' id='word_1_255' title='bbox 1223 334 1288 367; x_wconf 81' lang='lat' dir='ltr'>Sed</span> <span class='ocrx_word' id='word_1_256' title='bbox 1309 347 1414 367; x_wconf 89' lang='lat' dir='ltr'>nemo</span> <span class='ocrx_word' id='word_1_257' title='bbox 1435 335 1524 367; x_wconf 68' lang='lat' dir='ltr'>vidit</span> <span class='ocrx_word' id='word_1_258' title='bbox 1542 335 1735 379; x_wconf 73' lang='lat' dir='ltr'>virginem,</span> <span class='ocrx_word' id='word_1_259' title='bbox 1764 349 1834 381; x_wconf 83' lang='lat' dir='ltr'>quo</span> <span class='ocrx_word' id='word_1_260' title='bbox 1854 344 1967 372; x_wconf 82' lang='lat' dir='ltr'>terrae</span> <span class='ocrx_word' id='word_1_261' title='bbox 1986 340 2145 374; x_wconf 78' lang='lat' dir='ltr'>subierit.</span> 
     </span>
    </p>

    <p class='ocr_par' dir='ltr' id='par_1_30' title="bbox 1224 384 2166 431">
     <span class='ocr_line' id='line_1_53' title="bbox 1224 384 2166 431; baseline 0.008 -14"><span class='ocrx_word' id='word_1_262' title='bbox 1224 384 1362 418; x_wconf 88' lang='lat' dir='ltr'>Clamat</span> <span class='ocrx_word' id='word_1_263' title='bbox 1377 387 1541 420; x_wconf 84' lang='lat' dir='ltr'>sacerdos</span> <span class='ocrx_word' id='word_1_264' title='bbox 1553 413 1561 427; x_wconf 89' lang='lat'>‚</span> <span class='ocrx_word' id='word_1_265' title='bbox 1588 387 1760 420; x_wconf 81' lang='lat' dir='ltr'>acclamat</span> <span class='ocrx_word' id='word_1_266' title='bbox 1780 388 1964 424; x_wconf 86' lang='lat' dir='ltr'>universus</span> <span class='ocrx_word' id='word_1_267' title='bbox 1982 391 2166 431; x_wconf 80' lang='lat' dir='ltr'>exercitus,</span> 
     </span>
    </p>
   </div>
   <div class='ocr_carea' id='block_1_7' title="bbox 1176 433 2138 485">
    <p class='ocr_par' dir='ltr' id='par_1_31' title="bbox 1176 433 2138 485">
     <span class='ocr_line' id='line_1_54' title="bbox 1176 433 2138 485; baseline 0.008 -17"><span class='ocrx_word' id='word_1_268' title='bbox 1176 433 1272 469; x_wconf 86' lang='lat'>1585</span> <span class='ocrx_word' id='word_1_269' title='bbox 1300 435 1526 481; x_wconf 85' lang='lat' dir='ltr'>lnspicientes</span> <span class='ocrx_word' id='word_1_270' title='bbox 1545 438 1763 482; x_wconf 80' lang='lat' dir='ltr'>insperatum</span> <span class='ocrx_word' id='word_1_271' title='bbox 1783 439 1827 471; x_wconf 81' lang='lat' dir='ltr'>ab</span> <span class='ocrx_word' id='word_1_272' title='bbox 1843 439 1964 485; x_wconf 87' lang='lat' dir='ltr'>aliquo</span> <span class='ocrx_word' id='word_1_273' title='bbox 1981 441 2138 475; x_wconf 87' lang='lat' dir='ltr'>Deorum</span> 
     </span>
    </p>
   </div>
   <div class='ocr_carea' id='block_1_8' title="bbox 1182 486 2172 2424">
    <p class='ocr_par' dir='ltr' id='par_1_32' title="bbox 1225 486 2167 576">
     <span class='ocr_line' id='line_1_55' title="bbox 1225 486 2167 534; baseline 0.007 -15"><span class='ocrx_word' id='word_1_274' title='bbox 1225 486 1429 530; x_wconf 84' lang='lat' dir='ltr'>Spectrum,</span> <span class='ocrx_word' id='word_1_275' title='bbox 1458 490 1512 522; x_wconf 87' lang='lat' dir='ltr'>cui</span> <span class='ocrx_word' id='word_1_276' title='bbox 1530 502 1573 522; x_wconf 87' lang='lat' dir='ltr'>ne</span> <span class='ocrx_word' id='word_1_277' title='bbox 1592 495 1666 522; x_wconf 89' lang='lat' dir='ltr'>tum</span> <span class='ocrx_word' id='word_1_278' title='bbox 1686 490 1848 534; x_wconf 84' lang='lat' dir='ltr'>quidem,</span> <span class='ocrx_word' id='word_1_279' title='bbox 1872 504 1951 524; x_wconf 87' lang='lat' dir='ltr'>cum</span> <span class='ocrx_word' id='word_1_280' title='bbox 1970 492 2167 534; x_wconf 85' lang='lat' dir='ltr'>videbatur,</span> 
     </span>
     <span class='ocr_line' id='line_1_56' title="bbox 1584 539 1936 576; baseline 0.011 -4"><span class='ocrx_word' id='word_1_281' title='bbox 1584 541 1668 574; x_wconf 86' lang='lat' dir='ltr'>fides</span> <span class='ocrx_word' id='word_1_282' title='bbox 1688 539 1936 576; x_wconf 71' lang='lat' dir='ltr'>adhibebatur.</span> 
     </span>
    </p>

    <p class='ocr_par' dir='ltr' id='par_1_33' title="bbox 1224 588 2000 637">
     <span class='ocr_line' id='line_1_57' title="bbox 1224 588 2000 637; baseline 0.006 -16"><span class='ocrx_word' id='word_1_283' title='bbox 1224 588 1367 623; x_wconf 85' lang='lat' dir='ltr'>Etenim</span> <span class='ocrx_word' id='word_1_284' title='bbox 1384 603 1484 624; x_wconf 74' lang='lat' dir='ltr'>cerva</span> <span class='ocrx_word' id='word_1_285' title='bbox 1503 591 1681 637; x_wconf 80' lang='lat' dir='ltr'>palpitans</span> <span class='ocrx_word' id='word_1_286' title='bbox 1699 591 1835 626; x_wconf 79' lang='lat' dir='ltr'>iacebat</span> <span class='ocrx_word' id='word_1_287' title='bbox 1851 593 1888 626; x_wconf 90' lang='lat' dir='ltr'>in</span> <span class='ocrx_word' id='word_1_288' title='bbox 1906 600 2000 626; x_wconf 84' lang='lat' dir='ltr'>terra</span> 
     </span>
    </p>

    <p class='ocr_par' dir='ltr' id='par_1_34' title="bbox 1226 639 1868 686">
     <span class='ocr_line' id='line_1_58' title="bbox 1226 639 1868 686; baseline 0.008 -14"><span class='ocrx_word' id='word_1_289' title='bbox 1226 639 1382 674; x_wconf 86' lang='lat' dir='ltr'>Maxima</span> <span class='ocrx_word' id='word_1_290' title='bbox 1402 642 1478 676; x_wconf 85' lang='lat' dir='ltr'>visu</span> <span class='ocrx_word' id='word_1_291' title='bbox 1495 650 1528 676; x_wconf 85' lang='lat' dir='ltr'>et</span> <span class='ocrx_word' id='word_1_292' title='bbox 1546 642 1673 677; x_wconf 83' lang='lat' dir='ltr'>eximia</span> <span class='ocrx_word' id='word_1_293' title='bbox 1690 650 1868 686; x_wconf 86' lang='lat' dir='ltr'>spectatu,</span> 
     </span>
    </p>

    <p class='ocr_par' dir='ltr' id='par_1_35' title="bbox 1228 690 2169 790">
     <span class='ocr_line' id='line_1_59' title="bbox 1228 690 2169 740; baseline 0.005 -16"><span class='ocrx_word' id='word_1_294' title='bbox 1228 690 1335 726; x_wconf 87' lang='lat' dir='ltr'>Cuius</span> <span class='ocrx_word' id='word_1_295' title='bbox 1352 695 1523 737; x_wconf 80' lang='lat' dir='ltr'>sanguine</span> <span class='ocrx_word' id='word_1_296' title='bbox 1545 706 1604 728; x_wconf 81' lang='lat' dir='ltr'>ara</span> <span class='ocrx_word' id='word_1_297' title='bbox 1622 693 1718 727; x_wconf 89' lang='lat' dir='ltr'>Deae</span> <span class='ocrx_word' id='word_1_298' title='bbox 1743 696 2041 740; x_wconf 80' lang='lat' dir='ltr'>conspergebatur</span> <span class='ocrx_word' id='word_1_299' title='bbox 2066 696 2169 729; x_wconf 89' lang='lat' dir='ltr'>undi-</span> 
     </span>
     <span class='ocr_line' id='line_1_60' title="bbox 1592 747 1895 790; baseline 0.01 -13"><span class='ocrx_word' id='word_1_300' title='bbox 1592 757 1660 790; x_wconf 91' lang='lat' dir='ltr'>que</span> <span class='ocrx_word' id='word_1_301' title='bbox 1684 747 1895 780; x_wconf 83' lang='lat' dir='ltr'>madefacta.</span> 
     </span>
    </p>

    <p class='ocr_par' dir='ltr' id='par_1_36' title="bbox 1183 790 2169 841">
     <span class='ocr_line' id='line_1_61' title="bbox 1183 790 2169 841; baseline 0.007 -17"><span class='ocrx_word' id='word_1_302' title='bbox 1183 790 1275 825; x_wconf 82' lang='lat'>1590</span> <span class='ocrx_word' id='word_1_303' title='bbox 1304 793 1406 828; x_wconf 85' lang='lat' dir='ltr'>Tune</span> <span class='ocrx_word' id='word_1_304' title='bbox 1428 803 1562 841; x_wconf 86' lang='lat' dir='ltr'>quanto</span> <span class='ocrx_word' id='word_1_305' title='bbox 1572 795 1618 841; x_wconf 74' lang='lat'>⁶9)</span> <span class='ocrx_word' id='word_1_306' title='bbox 1643 797 1773 840; x_wconf 82' lang='lat' dir='ltr'>gaudio</span> <span class='ocrx_word' id='word_1_307' title='bbox 1793 796 2021 831; x_wconf 83' lang='lat' dir='ltr'>Calchantem</span> <span class='ocrx_word' id='word_1_308' title='bbox 2043 798 2169 832; x_wconf 85' lang='lat' dir='ltr'>dixisse</span> 
     </span>
    </p>

    <p class='ocr_par' dir='ltr' id='par_1_37' title="bbox 1593 854 1713 891">
     <span class='ocr_line' id='line_1_62' title="bbox 1593 854 1713 891; baseline 0 -11"><span class='ocrx_word' id='word_1_309' title='bbox 1593 854 1713 891; x_wconf 85' lang='lat' dir='ltr'>putas:</span> 
     </span>
    </p>

    <p class='ocr_par' dir='ltr' id='par_1_38' title="bbox 1227 896 2155 940">
     <span class='ocr_line' id='line_1_63' title="bbox 1227 896 2155 940; baseline 0.004 -11"><span class='ocrx_word' id='word_1_310' title='bbox 1227 896 1259 929; x_wconf 89' lang='grc' dir='ltr'>Ο</span> <span class='ocrx_word' id='word_1_311' title='bbox 1276 897 1379 931; x_wconf 85' lang='lat' dir='ltr'>duces</span> <span class='ocrx_word' id='word_1_312' title='bbox 1394 899 1593 932; x_wconf 83' lang='lat' dir='ltr'>communis</span> <span class='ocrx_word' id='word_1_313' title='bbox 1610 896 1714 932; x_wconf 81' lang='lat' dir='ltr'>liuius</span> <span class='ocrx_word' id='word_1_314' title='bbox 1733 899 1904 932; x_wconf 84' lang='lat' dir='ltr'>exercitus</span> <span class='ocrx_word' id='word_1_315' title='bbox 1921 900 2155 940; x_wconf 84' lang='lat' dir='ltr'>Graecorum,</span> 
     </span>
    </p>

    <p class='ocr_par' dir='ltr' id='par_1_39' title="bbox 1227 947 1911 995">
     <span class='ocr_line' id='line_1_64' title="bbox 1227 947 1911 995; baseline 0.006 -17"><span class='ocrx_word' id='word_1_316' title='bbox 1227 947 1351 981; x_wconf 67' lang='lat' dir='ltr'>Videte</span> <span class='ocrx_word' id='word_1_317' title='bbox 1372 947 1462 981; x_wconf 76' lang='lat' dir='ltr'>hane</span> <span class='ocrx_word' id='word_1_318' title='bbox 1480 949 1682 989; x_wconf 84' lang='lat' dir='ltr'>victimam,</span> <span class='ocrx_word' id='word_1_319' title='bbox 1711 962 1818 995; x_wconf 82' lang='lat' dir='ltr'>quam</span> <span class='ocrx_word' id='word_1_320' title='bbox 1839 949 1911 982; x_wconf 85' lang='lat' dir='ltr'>Dea</span> 
     </span>
    </p>

    <p class='ocr_par' dir='ltr' id='par_1_40' title="bbox 1229 999 2006 1041">
     <span class='ocr_line' id='line_1_65' title="bbox 1229 999 2006 1041; baseline 0.003 -10"><span class='ocrx_word' id='word_1_321' title='bbox 1229 999 1369 1032; x_wconf 82' lang='lat' dir='ltr'>Obiecit</span> <span class='ocrx_word' id='word_1_322' title='bbox 1387 1001 1430 1033; x_wconf 89' lang='lat' dir='ltr'>ad</span> <span class='ocrx_word' id='word_1_323' title='bbox 1451 1013 1570 1041; x_wconf 85' lang='lat' dir='ltr'>aram,</span> <span class='ocrx_word' id='word_1_324' title='bbox 1605 1013 1745 1033; x_wconf 85' lang='lat' dir='ltr'>cervam</span> <span class='ocrx_word' id='word_1_325' title='bbox 1771 1002 2006 1034; x_wconf 78' lang='lat' dir='ltr'>montanam?</span> 
     </span>
    </p>

    <p class='ocr_par' dir='ltr' id='par_1_41' title="bbox 1230 1049 1890 1096">
     <span class='ocr_line' id='line_1_66' title="bbox 1230 1049 1890 1096; baseline 0.006 -15"><span class='ocrx_word' id='word_1_326' title='bbox 1230 1049 1329 1082; x_wconf 85' lang='lat' dir='ltr'>Hane</span> <span class='ocrx_word' id='word_1_327' title='bbox 1347 1052 1457 1095; x_wconf 84' lang='lat' dir='ltr'>magis</span> <span class='ocrx_word' id='word_1_328' title='bbox 1472 1064 1577 1096; x_wconf 83' lang='lat' dir='ltr'>quam</span> <span class='ocrx_word' id='word_1_329' title='bbox 1597 1052 1750 1095; x_wconf 85' lang='lat' dir='ltr'>puellam</span> <span class='ocrx_word' id='word_1_330' title='bbox 1772 1059 1890 1091; x_wconf 78' lang='lat' dir='ltr'>amat,</span> 
     </span>
    </p>

    <p class='ocr_par' dir='ltr' id='par_1_42' title="bbox 1183 1098 2170 1146">
     <span class='ocr_line' id='line_1_67' title="bbox 1183 1098 2170 1146; baseline 0 -12"><span class='ocrx_word' id='word_1_331' title='bbox 1183 1098 1277 1134; x_wconf 74' lang='lat'>1595</span> <span class='ocrx_word' id='word_1_332' title='bbox 1305 1101 1357 1134; x_wconf 77' lang='lat' dir='ltr'>Ne</span> <span class='ocrx_word' id='word_1_333' title='bbox 1376 1103 1595 1135; x_wconf 81' lang='lat' dir='ltr'>contaminet</span> <span class='ocrx_word' id='word_1_334' title='bbox 1612 1114 1711 1135; x_wconf 84' lang='lat' dir='ltr'>aram</span> <span class='ocrx_word' id='word_1_335' title='bbox 1730 1104 1835 1136; x_wconf 82' lang='lat' dir='ltr'>caede</span> <span class='ocrx_word' id='word_1_336' title='bbox 1853 1102 1952 1136; x_wconf 87' lang='lat' dir='ltr'>istius</span> <span class='ocrx_word' id='word_1_337' title='bbox 1977 1114 2170 1146; x_wconf 88' lang='lat' dir='ltr'>generosae</span> 
     </span>
    </p>

    <p class='ocr_par' dir='ltr' id='par_1_43' title="bbox 1590 1153 1746 1197">
     <span class='ocr_line' id='line_1_68' title="bbox 1590 1153 1746 1197; baseline 0 -11"><span class='ocrx_word' id='word_1_338' title='bbox 1590 1153 1746 1197; x_wconf 84' lang='lat' dir='ltr'>puellae;</span> 
     </span>
    </p>

    <p class='ocr_par' dir='ltr' id='par_1_44' title="bbox 1230 1202 2172 1288">
     <span class='ocr_line' id='line_1_69' title="bbox 1230 1202 2172 1248; baseline 0 -12"><span class='ocrx_word' id='word_1_339' title='bbox 1230 1203 1398 1237; x_wconf 87' lang='lat' dir='ltr'>Libenter</span> <span class='ocrx_word' id='word_1_340' title='bbox 1428 1202 1495 1237; x_wconf 90' lang='lat' dir='ltr'>hoc</span> <span class='ocrx_word' id='word_1_341' title='bbox 1531 1204 1683 1248; x_wconf 77' lang='lat' dir='ltr'>accepit,</span> <span class='ocrx_word' id='word_1_342' title='bbox 1733 1210 1767 1237; x_wconf 88' lang='lat' dir='ltr'>et</span> <span class='ocrx_word' id='word_1_343' title='bbox 1800 1206 1990 1238; x_wconf 85' lang='lat' dir='ltr'>secundam</span> <span class='ocrx_word' id='word_1_344' title='bbox 2026 1204 2172 1248; x_wconf 81' lang='lat' dir='ltr'>naviga-</span> 
     </span>
     <span class='ocr_line' id='line_1_70' title="bbox 1593 1255 1728 1288; baseline 0 0"><span class='ocrx_word' id='word_1_345' title='bbox 1593 1255 1728 1288; x_wconf 89' lang='lat' dir='ltr'>tionem</span> 
     </span>
    </p>

    <p class='ocr_par' dir='ltr' id='par_1_45' title="bbox 1230 1305 1945 1341">
     <span class='ocr_line' id='line_1_71' title="bbox 1230 1305 1945 1341; baseline 0.001 -2"><span class='ocrx_word' id='word_1_346' title='bbox 1230 1306 1338 1339; x_wconf 85' lang='lat' dir='ltr'>Dabit</span> <span class='ocrx_word' id='word_1_347' title='bbox 1354 1306 1456 1340; x_wconf 89' lang='lat' dir='ltr'>nobis</span> <span class='ocrx_word' id='word_1_348' title='bbox 1475 1313 1508 1340; x_wconf 92' lang='lat' dir='ltr'>et</span> <span class='ocrx_word' id='word_1_349' title='bbox 1526 1319 1701 1340; x_wconf 88' lang='lat' dir='ltr'>accessum</span> <span class='ocrx_word' id='word_1_350' title='bbox 1720 1307 1766 1339; x_wconf 79' lang='lat' dir='ltr'>ad</span> <span class='ocrx_word' id='word_1_351' title='bbox 1783 1305 1945 1341; x_wconf 86' lang='lat' dir='ltr'>Troiam.</span> 
     </span>
    </p>

    <p class='ocr_par' dir='ltr' id='par_1_46' title="bbox 1230 1355 2070 1397">
     <span class='ocr_line' id='line_1_72' title="bbox 1230 1355 2070 1397; baseline 0.001 -7"><span class='ocrx_word' id='word_1_352' title='bbox 1230 1358 1283 1391; x_wconf 74' lang='lat' dir='ltr'>Aa</span> <span class='ocrx_word' id='word_1_353' title='bbox 1302 1355 1388 1391; x_wconf 86' lang='lat' dir='ltr'>baec</span> <span class='ocrx_word' id='word_1_354' title='bbox 1406 1371 1529 1391; x_wconf 80' lang='lat' dir='ltr'>omnes</span> <span class='ocrx_word' id='word_1_355' title='bbox 1545 1358 1673 1391; x_wconf 88' lang='lat' dir='ltr'>milites</span> <span class='ocrx_word' id='word_1_356' title='bbox 1688 1364 1891 1392; x_wconf 87' lang='lat' dir='ltr'>sumserunt</span> <span class='ocrx_word' id='word_1_357' title='bbox 1910 1357 2050 1391; x_wconf 84' lang='lat' dir='ltr'>animos</span> <span class='ocrx_word' id='word_1_358' title='bbox 2061 1383 2070 1397; x_wconf 91' lang='lat'>,</span> 
     </span>
    </p>

    <p class='ocr_par' dir='ltr' id='par_1_47' title="bbox 1228 1406 2098 1443">
     <span class='ocr_line' id='line_1_73' title="bbox 1228 1406 2098 1443; baseline -0.001 -2"><span class='ocrx_word' id='word_1_359' title='bbox 1228 1409 1274 1442; x_wconf 73' lang='lat' dir='ltr'>lit</span> <span class='ocrx_word' id='word_1_360' title='bbox 1291 1409 1433 1443; x_wconf 73' lang='lat' dir='ltr'>iverunt</span> <span class='ocrx_word' id='word_1_361' title='bbox 1450 1411 1493 1443; x_wconf 91' lang='lat' dir='ltr'>ad</span> <span class='ocrx_word' id='word_1_362' title='bbox 1509 1422 1634 1443; x_wconf 77' lang='lat' dir='ltr'>naves:</span> <span class='ocrx_word' id='word_1_363' title='bbox 1663 1408 1753 1442; x_wconf 90' lang='lat' dir='ltr'>sicut</span> <span class='ocrx_word' id='word_1_364' title='bbox 1770 1409 1937 1442; x_wconf 79' lang='lat' dir='ltr'>convenit</span> <span class='ocrx_word' id='word_1_365' title='bbox 1957 1406 2025 1441; x_wconf 90' lang='lat' dir='ltr'>hoc</span> <span class='ocrx_word' id='word_1_366' title='bbox 2041 1407 2098 1440; x_wconf 89' lang='lat' dir='ltr'>die</span> 
     </span>
    </p>

    <p class='ocr_par' dir='ltr' id='par_1_48' title="bbox 1187 1459 2145 1604">
     <span class='ocr_line' id='line_1_74' title="bbox 1187 1459 1796 1505; baseline 0 -13"><span class='ocrx_word' id='word_1_367' title='bbox 1187 1460 1278 1494; x_wconf 67' lang='lat'>1600</span> <span class='ocrx_word' id='word_1_368' title='bbox 1304 1460 1377 1494; x_wconf 84' lang='lat' dir='ltr'>Nos</span> <span class='ocrx_word' id='word_1_369' title='bbox 1396 1460 1517 1493; x_wconf 88' lang='lat' dir='ltr'>relicto</span> <span class='ocrx_word' id='word_1_370' title='bbox 1534 1466 1640 1505; x_wconf 86' lang='lat' dir='ltr'>portu</span> <span class='ocrx_word' id='word_1_371' title='bbox 1656 1459 1796 1493; x_wconf 87' lang='lat' dir='ltr'>Aulidis</span> 
     </span>
     <span class='ocr_line' id='line_1_75' title="bbox 1229 1511 2145 1555; baseline -0.003 -12"><span class='ocrx_word' id='word_1_372' title='bbox 1229 1511 1410 1544; x_wconf 84' lang='lat' dir='ltr'>Traiicere</span> <span class='ocrx_word' id='word_1_373' title='bbox 1427 1524 1524 1545; x_wconf 89' lang='lat' dir='ltr'>mare</span> <span class='ocrx_word' id='word_1_374' title='bbox 1539 1513 1709 1555; x_wconf 79' lang='lat' dir='ltr'>Aegeum.</span> <span class='ocrx_word' id='word_1_375' title='bbox 1753 1511 1949 1555; x_wconf 87' lang='lat' dir='ltr'>Postquam</span> <span class='ocrx_word' id='word_1_376' title='bbox 1967 1521 2053 1541; x_wconf 69' lang='lat' dir='ltr'>vero</span> <span class='ocrx_word' id='word_1_377' title='bbox 2071 1515 2145 1541; x_wconf 83' lang='lat' dir='ltr'>tota</span> 
     </span>
     <span class='ocr_line' id='line_1_76' title="bbox 1230 1561 1760 1604; baseline -0.002 -11"><span class='ocrx_word' id='word_1_378' title='bbox 1230 1562 1382 1594; x_wconf 83' lang='lat' dir='ltr'>Victima</span> <span class='ocrx_word' id='word_1_379' title='bbox 1400 1564 1580 1595; x_wconf 87' lang='lat' dir='ltr'>combusta</span> <span class='ocrx_word' id='word_1_380' title='bbox 1599 1568 1649 1594; x_wconf 87' lang='lat' dir='ltr'>est</span> <span class='ocrx_word' id='word_1_381' title='bbox 1667 1561 1760 1604; x_wconf 85' lang='lat' dir='ltr'>igni,</span> 
     </span>
    </p>

    <p class='ocr_par' dir='ltr' id='par_1_49' title="bbox 1228 1611 2172 1696">
     <span class='ocr_line' id='line_1_77' title="bbox 1228 1611 2172 1656; baseline -0.003 -10"><span class='ocrx_word' id='word_1_382' title='bbox 1228 1613 1397 1653; x_wconf 81' lang='lat' dir='ltr'>Precatus</span> <span class='ocrx_word' id='word_1_383' title='bbox 1415 1619 1466 1646; x_wconf 87' lang='lat' dir='ltr'>est</span> <span class='ocrx_word' id='word_1_384' title='bbox 1483 1613 1602 1652; x_wconf 86' lang='lat' dir='ltr'>utilia,</span> <span class='ocrx_word' id='word_1_385' title='bbox 1636 1617 1676 1644; x_wconf 91' lang='lat' dir='ltr'>ut</span> <span class='ocrx_word' id='word_1_386' title='bbox 1701 1611 1872 1644; x_wconf 82' lang='lat' dir='ltr'>exercitus</span> <span class='ocrx_word' id='word_1_387' title='bbox 1896 1616 2172 1656; x_wconf 87' lang='lat' dir='ltr'>consequeretur</span> 
     </span>
     <span class='ocr_line' id='line_1_78' title="bbox 1587 1662 1756 1696; baseline 0.006 -1"><span class='ocrx_word' id='word_1_388' title='bbox 1587 1662 1756 1696; x_wconf 89' lang='lat' dir='ltr'>reditum.</span> 
     </span>
    </p>

    <p class='ocr_par' dir='ltr' id='par_1_50' title="bbox 1231 1710 2172 1805">
     <span class='ocr_line' id='line_1_79' title="bbox 1231 1710 2172 1758; baseline -0.003 -11"><span class='ocrx_word' id='word_1_389' title='bbox 1231 1714 1341 1748; x_wconf 85' lang='lat' dir='ltr'>Mittit</span> <span class='ocrx_word' id='word_1_390' title='bbox 1371 1721 1489 1748; x_wconf 83' lang='lat' dir='ltr'>autem</span> <span class='ocrx_word' id='word_1_391' title='bbox 1525 1727 1580 1748; x_wconf 88' lang='lat' dir='ltr'>me</span> <span class='ocrx_word' id='word_1_392' title='bbox 1604 1715 1874 1758; x_wconf 84' lang='lat' dir='ltr'>Agamemnon,</span> <span class='ocrx_word' id='word_1_393' title='bbox 1916 1720 1956 1746; x_wconf 86' lang='lat' dir='ltr'>ut</span> <span class='ocrx_word' id='word_1_394' title='bbox 1987 1712 2052 1746; x_wconf 87' lang='lat' dir='ltr'>tibi</span> <span class='ocrx_word' id='word_1_395' title='bbox 2085 1710 2172 1745; x_wconf 83' lang='lat' dir='ltr'>haec</span> 
     </span>
     <span class='ocr_line' id='line_1_80' title="bbox 1584 1765 1757 1805; baseline 0 -7"><span class='ocrx_word' id='word_1_396' title='bbox 1584 1765 1736 1798; x_wconf 89' lang='lat' dir='ltr'>indicem</span> <span class='ocrx_word' id='word_1_397' title='bbox 1748 1791 1757 1805; x_wconf 92' lang='lat'>‚</span> 
     </span>
    </p>

    <p class='ocr_par' dir='ltr' id='par_1_51' title="bbox 1182 1813 2139 2016">
     <span class='ocr_line' id='line_1_81' title="bbox 1182 1813 2139 1862; baseline -0.003 -11"><span class='ocrx_word' id='word_1_398' title='bbox 1182 1815 1276 1852; x_wconf 82' lang='lat'>1605</span> <span class='ocrx_word' id='word_1_399' title='bbox 1304 1816 1349 1850; x_wconf 91' lang='lat' dir='ltr'>Et</span> <span class='ocrx_word' id='word_1_400' title='bbox 1366 1817 1501 1859; x_wconf 74' lang='lat' dir='ltr'>dicam,</span> <span class='ocrx_word' id='word_1_401' title='bbox 1528 1816 1632 1862; x_wconf 89' lang='lat' dir='ltr'>quale</span> <span class='ocrx_word' id='word_1_402' title='bbox 1650 1817 1762 1849; x_wconf 85' lang='lat' dir='ltr'>fatum</span> <span class='ocrx_word' id='word_1_403' title='bbox 1781 1820 1904 1848; x_wconf 83' lang='lat' dir='ltr'>nactus</span> <span class='ocrx_word' id='word_1_404' title='bbox 1921 1814 1966 1848; x_wconf 89' lang='lat' dir='ltr'>sit</span> <span class='ocrx_word' id='word_1_405' title='bbox 1982 1826 2024 1847; x_wconf 86' lang='lat' dir='ltr'>ex</span> <span class='ocrx_word' id='word_1_406' title='bbox 2041 1813 2139 1853; x_wconf 84' lang='lat' dir='ltr'>Diis,</span> 
     </span>
     <span class='ocr_line' id='line_1_82' title="bbox 1227 1865 2129 1912; baseline -0.002 -11"><span class='ocrx_word' id='word_1_407' title='bbox 1227 1868 1272 1901; x_wconf 88' lang='lat' dir='ltr'>Et</span> <span class='ocrx_word' id='word_1_408' title='bbox 1287 1875 1325 1901; x_wconf 88' lang='lat' dir='ltr'>ut</span> <span class='ocrx_word' id='word_1_409' title='bbox 1340 1866 1468 1901; x_wconf 86' lang='lat' dir='ltr'>habeat</span> <span class='ocrx_word' id='word_1_410' title='bbox 1486 1868 1636 1912; x_wconf 84' lang='lat' dir='ltr'>gloriam</span> <span class='ocrx_word' id='word_1_411' title='bbox 1654 1866 1894 1900; x_wconf 87' lang='lat' dir='ltr'>immortalem</span> <span class='ocrx_word' id='word_1_412' title='bbox 1915 1866 1952 1898; x_wconf 90' lang='lat' dir='ltr'>in</span> <span class='ocrx_word' id='word_1_413' title='bbox 1968 1865 2129 1899; x_wconf 83' lang='lat' dir='ltr'>Graecia.</span> 
     </span>
     <span class='ocr_line' id='line_1_83' title="bbox 1225 1915 2118 1965; baseline -0.004 -12"><span class='ocrx_word' id='word_1_414' title='bbox 1225 1920 1301 1964; x_wconf 83' lang='lat' dir='ltr'>Ego</span> <span class='ocrx_word' id='word_1_415' title='bbox 1314 1946 1322 1960; x_wconf 87' lang='lat'>,</span> <span class='ocrx_word' id='word_1_416' title='bbox 1351 1920 1413 1965; x_wconf 88' lang='lat' dir='ltr'>qui</span> <span class='ocrx_word' id='word_1_417' title='bbox 1432 1919 1548 1959; x_wconf 77' lang='lat' dir='ltr'>adfui,</span> <span class='ocrx_word' id='word_1_418' title='bbox 1576 1925 1610 1951; x_wconf 92' lang='lat' dir='ltr'>et</span> <span class='ocrx_word' id='word_1_419' title='bbox 1627 1931 1701 1952; x_wconf 87' lang='lat' dir='ltr'>rem</span> <span class='ocrx_word' id='word_1_420' title='bbox 1717 1918 1808 1958; x_wconf 83' lang='lat' dir='ltr'>vidi,</span> <span class='ocrx_word' id='word_1_421' title='bbox 1836 1917 1914 1950; x_wconf 89' lang='lat' dir='ltr'>dico</span> <span class='ocrx_word' id='word_1_422' title='bbox 1932 1917 1996 1950; x_wconf 84' lang='lat' dir='ltr'>tibi</span> <span class='ocrx_word' id='word_1_423' title='bbox 2012 1915 2118 1950; x_wconf 83' lang='lat' dir='ltr'>haec:</span> 
     </span>
     <span class='ocr_line' id='line_1_84' title="bbox 1227 1969 1952 2016; baseline -0.004 -12"><span class='ocrx_word' id='word_1_424' title='bbox 1227 1971 1317 2004; x_wconf 69' lang='lat' dir='ltr'>Filia</span> <span class='ocrx_word' id='word_1_425' title='bbox 1334 1977 1393 2004; x_wconf 87' lang='lat' dir='ltr'>tua</span> <span class='ocrx_word' id='word_1_426' title='bbox 1406 1970 1450 2016; x_wconf 76' lang='lat'>⁷⁰)</span> <span class='ocrx_word' id='word_1_427' title='bbox 1473 1972 1589 2014; x_wconf 82' lang='lat' dir='ltr'>palam</span> <span class='ocrx_word' id='word_1_428' title='bbox 1609 1972 1652 2003; x_wconf 86' lang='lat' dir='ltr'>ad</span> <span class='ocrx_word' id='word_1_429' title='bbox 1670 1969 1764 2003; x_wconf 90' lang='lat' dir='ltr'>Deos</span> <span class='ocrx_word' id='word_1_430' title='bbox 1784 1969 1952 2001; x_wconf 67' lang='lat' dir='ltr'>avolavit.</span> 
     </span>
    </p>

    <p class='ocr_par' dir='ltr' id='par_1_52' title="bbox 1227 2017 2171 2105">
     <span class='ocr_line' id='line_1_85' title="bbox 1227 2017 2171 2063; baseline -0.005 -9"><span class='ocrx_word' id='word_1_431' title='bbox 1227 2023 1337 2056; x_wconf 85' lang='lat' dir='ltr'>Aufer</span> <span class='ocrx_word' id='word_1_432' title='bbox 1364 2023 1546 2061; x_wconf 85' lang='lat' dir='ltr'>dolorem,</span> <span class='ocrx_word' id='word_1_433' title='bbox 1583 2027 1616 2054; x_wconf 86' lang='lat' dir='ltr'>et</span> <span class='ocrx_word' id='word_1_434' title='bbox 1640 2021 1780 2054; x_wconf 85' lang='lat' dir='ltr'>remitte</span> <span class='ocrx_word' id='word_1_435' title='bbox 1802 2018 2086 2063; x_wconf 84' lang='lat' dir='ltr'>indignationem</span> <span class='ocrx_word' id='word_1_436' title='bbox 2110 2017 2171 2050; x_wconf 83' lang='lat' dir='ltr'>ad-</span> 
     </span>
     <span class='ocr_line' id='line_1_86' title="bbox 1587 2071 1913 2105; baseline 0 -1"><span class='ocrx_word' id='word_1_437' title='bbox 1587 2085 1708 2105; x_wconf 84' lang='lat' dir='ltr'>versus</span> <span class='ocrx_word' id='word_1_438' title='bbox 1731 2071 1913 2104; x_wconf 85' lang='lat' dir='ltr'>maritum.</span> 
     </span>
    </p>

    <p class='ocr_par' dir='ltr' id='par_1_53' title="bbox 1182 2118 2169 2265">
     <span class='ocr_line' id='line_1_87' title="bbox 1182 2118 2169 2169; baseline -0.008 -11"><span class='ocrx_word' id='word_1_439' title='bbox 1182 2126 1274 2159; x_wconf 79' lang='lat'>1610</span> <span class='ocrx_word' id='word_1_440' title='bbox 1304 2124 1429 2169; x_wconf 83' lang='lat' dir='ltr'>„Quae</span> <span class='ocrx_word' id='word_1_441' title='bbox 1448 2136 1463 2156; x_wconf 86' lang='lat' dir='ltr'>a</span> <span class='ocrx_word' id='word_1_442' title='bbox 1476 2123 1553 2157; x_wconf 87' lang='lat' dir='ltr'>Diis</span> <span class='ocrx_word' id='word_1_443' title='bbox 1570 2123 1751 2163; x_wconf 83' lang='lat' dir='ltr'>eveniunt,</span> <span class='ocrx_word' id='word_1_444' title='bbox 1779 2127 1862 2155; x_wconf 86' lang='lat' dir='ltr'>sunt</span> <span class='ocrx_word' id='word_1_445' title='bbox 1878 2121 2098 2164; x_wconf 85' lang='lat' dir='ltr'>inexpectata</span> <span class='ocrx_word' id='word_1_446' title='bbox 2109 2118 2169 2163; x_wconf 85' lang='lat'>⁷¹),</span> 
     </span>
     <span class='ocr_line' id='line_1_88' title="bbox 1228 2168 2068 2221; baseline -0.007 -13"><span class='ocrx_word' id='word_1_447' title='bbox 1228 2175 1305 2216; x_wconf 77' lang='lat' dir='ltr'>„Et</span> <span class='ocrx_word' id='word_1_448' title='bbox 1322 2181 1465 2208; x_wconf 78' lang='lat' dir='ltr'>servant</span> <span class='ocrx_word' id='word_1_449' title='bbox 1483 2174 1612 2221; x_wconf 69' lang='lat' dir='ltr'>eos⁷²)‚</span> <span class='ocrx_word' id='word_1_450' title='bbox 1642 2186 1731 2219; x_wconf 90' lang='lat' dir='ltr'>quos</span> <span class='ocrx_word' id='word_1_451' title='bbox 1747 2178 1887 2210; x_wconf 87' lang='lat' dir='ltr'>amant;</span> <span class='ocrx_word' id='word_1_452' title='bbox 1921 2171 1994 2204; x_wconf 91' lang='lat' dir='ltr'>dies</span> <span class='ocrx_word' id='word_1_453' title='bbox 2010 2168 2068 2203; x_wconf 84' lang='lat' dir='ltr'>hic</span> 
     </span>
     <span class='ocr_line' id='line_1_89' title="bbox 1228 2223 2001 2265; baseline 0 -9"><span class='ocrx_word' id='word_1_454' title='bbox 1228 2227 1355 2265; x_wconf 72' lang='lat' dir='ltr'>„Vidit</span> <span class='ocrx_word' id='word_1_455' title='bbox 1374 2233 1553 2259; x_wconf 84' lang='lat' dir='ltr'>mortuam</span> <span class='ocrx_word' id='word_1_456' title='bbox 1574 2232 1607 2258; x_wconf 91' lang='lat' dir='ltr'>et</span> <span class='ocrx_word' id='word_1_457' title='bbox 1623 2227 1741 2258; x_wconf 70' lang='lat' dir='ltr'>vivam</span> <span class='ocrx_word' id='word_1_458' title='bbox 1760 2230 1856 2257; x_wconf 83' lang='lat' dir='ltr'>tuam</span> <span class='ocrx_word' id='word_1_459' title='bbox 1880 2223 2001 2256; x_wconf 86' lang='lat' dir='ltr'>filiam.</span> 
     </span>
    </p>

    <p class='ocr_par' dir='ltr' id='par_1_54' title="bbox 1226 2270 2167 2424">
     <span class='ocr_line' id='line_1_90' title="bbox 1229 2270 2167 2322; baseline -0.01 -10"><span class='ocrx_word' id='word_1_460' title='bbox 1229 2279 1322 2312; x_wconf 73' lang='lat' dir='ltr'>Cleor.</span> <span class='ocrx_word' id='word_1_461' title='bbox 1357 2277 1475 2322; x_wconf 83' lang='lat' dir='ltr'>Quam</span> <span class='ocrx_word' id='word_1_462' title='bbox 1501 2278 1656 2310; x_wconf 89' lang='lat' dir='ltr'>delector</span> <span class='ocrx_word' id='word_1_463' title='bbox 1679 2282 1739 2308; x_wconf 85' lang='lat' dir='ltr'>tua</span> <span class='ocrx_word' id='word_1_464' title='bbox 1765 2286 1890 2315; x_wconf 81' lang='lat' dir='ltr'>causa,</span> <span class='ocrx_word' id='word_1_465' title='bbox 1931 2272 2078 2306; x_wconf 82' lang='lat' dir='ltr'>audiens</span> <span class='ocrx_word' id='word_1_466' title='bbox 2101 2270 2167 2305; x_wconf 82' lang='lat' dir='ltr'>ista</span> 
     </span>
     <span class='ocr_line' id='line_1_91' title="bbox 1588 2326 1799 2366; baseline -0.009 -6"><span class='ocrx_word' id='word_1_467' title='bbox 1588 2328 1630 2360; x_wconf 90' lang='lat' dir='ltr'>de</span> <span class='ocrx_word' id='word_1_468' title='bbox 1648 2326 1776 2360; x_wconf 87' lang='lat' dir='ltr'>nuntio</span> <span class='ocrx_word' id='word_1_469' title='bbox 1790 2353 1799 2366; x_wconf 90' lang='lat'>‚</span> 
     </span>
     <span class='ocr_line' id='line_1_92' title="bbox 1226 2373 2151 2424; baseline -0.005 -12"><span class='ocrx_word' id='word_1_470' title='bbox 1226 2379 1296 2424; x_wconf 82' lang='lat' dir='ltr'>Qui</span> <span class='ocrx_word' id='word_1_471' title='bbox 1315 2379 1399 2412; x_wconf 89' lang='lat' dir='ltr'>dicit</span> <span class='ocrx_word' id='word_1_472' title='bbox 1415 2378 1522 2412; x_wconf 88' lang='lat' dir='ltr'>filiam</span> <span class='ocrx_word' id='word_1_473' title='bbox 1541 2385 1637 2412; x_wconf 89' lang='lat' dir='ltr'>tuam</span> <span class='ocrx_word' id='word_1_474' title='bbox 1656 2390 1800 2411; x_wconf 89' lang='lat' dir='ltr'>manere</span> <span class='ocrx_word' id='word_1_475' title='bbox 1816 2377 1935 2409; x_wconf 81' lang='lat' dir='ltr'>vivam</span> <span class='ocrx_word' id='word_1_476' title='bbox 1954 2373 2151 2409; x_wconf 83' lang='lat' dir='ltr'>interDeos</span> 
     </span>
    </p>
   </div>
   <div class='ocr_carea' id='block_1_9' title="bbox 130 2425 2142 2473">
    <p class='ocr_par' dir='ltr' id='par_1_55' title="bbox 130 2425 2142 2473">
     <span class='ocr_line' id='line_1_93' title="bbox 130 2425 2142 2473; baseline 0 -13"><span class='ocrx_word' id='word_1_477' title='bbox 130 2426 224 2461; x_wconf 86' lang='lat'>1580</span> <span class='ocrx_word' id='word_1_478' title='bbox 244 2426 333 2460; x_wconf 81' lang='lat' dir='ltr'>Mihi</span> <span class='ocrx_word' id='word_1_479' title='bbox 347 2435 462 2461; x_wconf 82' lang='lat' dir='ltr'>autem</span> <span class='ocrx_word' id='word_1_480' title='bbox 480 2441 553 2461; x_wconf 91' lang='lat' dir='ltr'>non</span> <span class='ocrx_word' id='word_1_481' title='bbox 567 2430 652 2463; x_wconf 75' lang='lat' dir='ltr'>levis</span> <span class='ocrx_word' id='word_1_482' title='bbox 668 2430 772 2462; x_wconf 88' lang='lat' dir='ltr'>dolor</span> <span class='ocrx_word' id='word_1_483' title='bbox 784 2428 925 2461; x_wconf 84' lang='lat' dir='ltr'>subibat</span> <span class='ocrx_word' id='word_1_484' title='bbox 941 2426 1119 2464; x_wconf 80' lang='lat' dir='ltr'>animum3</span> <span class='ocrx_word' id='word_1_485' title='bbox 1146 2451 1148 2463; x_wconf 86' lang='lat'><em>.</em></span> <span class='ocrx_word' id='word_1_486' title='bbox 1175 2429 1272 2465; x_wconf 78' lang='grc'>1615</span> <span class='ocrx_word' id='word_1_487' title='bbox 1303 2432 1385 2473; x_wconf 73' lang='lat' dir='ltr'>Clyt.</span> <span class='ocrx_word' id='word_1_488' title='bbox 1415 2430 1446 2463; x_wconf 88' lang='grc' dir='ltr'><strong>Ο</strong></span> <span class='ocrx_word' id='word_1_489' title='bbox 1465 2430 1554 2470; x_wconf 81' lang='lat' dir='ltr'>filia,</span> <span class='ocrx_word' id='word_1_490' title='bbox 1581 2442 1615 2463; x_wconf 86' lang='lat' dir='ltr'>es</span> <span class='ocrx_word' id='word_1_491' title='bbox 1636 2431 1724 2463; x_wconf 86' lang='lat' dir='ltr'>facta</span> <span class='ocrx_word' id='word_1_492' title='bbox 1745 2430 1879 2462; x_wconf 81' lang='lat' dir='ltr'>furtum</span> <span class='ocrx_word' id='word_1_493' title='bbox 1899 2427 2047 2461; x_wconf 75' lang='lat' dir='ltr'>alicuius</span> <span class='ocrx_word' id='word_1_494' title='bbox 2063 2425 2142 2459; x_wconf 69' lang='lat' dir='ltr'>Dei·</span> 
     </span>
    </p>
   </div>
   <div class='ocr_carea' id='block_1_10' title="bbox 157 2543 885 2603">
    <p class='ocr_par' dir='ltr' id='par_1_56' title="bbox 157 2543 885 2603">
     <span class='ocr_line' id='line_1_94' title="bbox 157 2543 885 2573; baseline 0.001 -8"><span class='ocrx_word' id='word_1_495' title='bbox 157 2543 206 2570; x_wconf 89' lang='grc'>66)</span> <span class='ocrx_word' id='word_1_496' title='bbox 226 2544 255 2566; x_wconf 87' lang='lat' dir='ltr'>ut</span> <span class='ocrx_word' id='word_1_497' title='bbox 273 2545 407 2567; x_wconf 82' lang='lat' dir='ltr'>mactetur</span> <span class='ocrx_word' id='word_1_498' title='bbox 427 2557 460 2562; x_wconf 89' lang='lat'>-——</span> <span class='ocrx_word' id='word_1_499' title='bbox 479 2545 595 2573; x_wconf 81' lang='lat' dir='ltr'>ducunt]</span> <span class='ocrx_word' id='word_1_500' title='bbox 624 2546 664 2568; x_wconf 85' lang='lat' dir='ltr'>sic</span> <span class='ocrx_word' id='word_1_501' title='bbox 696 2545 777 2567; x_wconf 79' lang='lat' dir='ltr'>Editt.</span> <span class='ocrx_word' id='word_1_502' title='bbox 795 2544 885 2569; x_wconf 55' lang='lat'>1553,</span> 
     </span>
     <span class='ocr_line' id='line_1_95' title="bbox 196 2578 833 2603; baseline 0.002 -3"><span class='ocrx_word' id='word_1_503' title='bbox 196 2578 224 2600; x_wconf 86' lang='lat' dir='ltr'>ut</span> <span class='ocrx_word' id='word_1_504' title='bbox 243 2579 369 2601; x_wconf 74' lang='lat' dir='ltr'>mactetis</span> <span class='ocrx_word' id='word_1_505' title='bbox 391 2586 432 2602; x_wconf 80' lang='lat' dir='ltr'>nie</span> <span class='ocrx_word' id='word_1_506' title='bbox 452 2580 484 2602; x_wconf 84' lang='lat' dir='ltr'>ad</span> <span class='ocrx_word' id='word_1_507' title='bbox 505 2586 580 2603; x_wconf 83' lang='lat' dir='ltr'>aram</span> <span class='ocrx_word' id='word_1_508' title='bbox 601 2580 667 2602; x_wconf 70' lang='lat' dir='ltr'>deae</span> <span class='ocrx_word' id='word_1_509' title='bbox 689 2580 833 2602; x_wconf 11' lang='lat' dir='ltr'>litut-cutes.</span> 
     </span>
    </p>
   </div>
   <div class='ocr_carea' id='block_1_11' title="bbox 155 2620 1117 2685">
    <p class='ocr_par' dir='ltr' id='par_1_57' title="bbox 155 2620 1117 2685">
     <span class='ocr_line' id='line_1_96' title="bbox 155 2620 1117 2652; baseline -0.001 -9"><span class='ocrx_word' id='word_1_510' title='bbox 155 2620 204 2645; x_wconf 84' lang='grc'>67)</span> <span class='ocrx_word' id='word_1_511' title='bbox 223 2620 376 2647; x_wconf 77' lang='lat' dir='ltr'>sitentium]</span> <span class='ocrx_word' id='word_1_512' title='bbox 393 2622 432 2645; x_wconf 81' lang='lat' dir='ltr'>sic</span> <span class='ocrx_word' id='word_1_513' title='bbox 444 2622 625 2652; x_wconf 67' lang='lat' dir='ltr'>Editt.1553.,</span> <span class='ocrx_word' id='word_1_514' title='bbox 648 2622 738 2647; x_wconf 61' lang='lat'>1562:</span> <span class='ocrx_word' id='word_1_515' title='bbox 769 2621 850 2644; x_wconf 69' lang='lat' dir='ltr'>Editt.</span> <span class='ocrx_word' id='word_1_516' title='bbox 872 2621 974 2643; x_wconf 81' lang='lat' dir='ltr'>recent.</span> <span class='ocrx_word' id='word_1_517' title='bbox 995 2621 1038 2647; x_wconf 75' lang='lat' dir='ltr'>(z</span> <span class='ocrx_word' id='word_1_518' title='bbox 1053 2620 1117 2642; x_wconf 80' lang='lat' dir='ltr'>text.</span> 
     </span>
     <span class='ocr_line' id='line_1_97' title="bbox 192 2653 794 2685; baseline 0.002 -8"><span class='ocrx_word' id='word_1_519' title='bbox 192 2653 249 2685; x_wconf 78' lang='lat' dir='ltr'>gr.)</span> <span class='ocrx_word' id='word_1_520' title='bbox 271 2655 367 2679; x_wconf 86' lang='lat' dir='ltr'>bonam</span> <span class='ocrx_word' id='word_1_521' title='bbox 387 2657 579 2681; x_wconf 82' lang='lat' dir='ltr'>ominationem</span> <span class='ocrx_word' id='word_1_522' title='bbox 601 2659 627 2680; x_wconf 82' lang='lat' dir='ltr'>et</span> <span class='ocrx_word' id='word_1_523' title='bbox 649 2655 794 2678; x_wconf 79' lang='lat' dir='ltr'>sitentium.</span> 
     </span>
    </p>
   </div>
   <div class='ocr_carea' id='block_1_12' title="bbox 154 2697 1057 2728">
    <p class='ocr_par' dir='ltr' id='par_1_58' title="bbox 154 2697 1057 2728">
     <span class='ocr_line' id='line_1_98' title="bbox 154 2697 1057 2728; baseline -0.001 -8"><span class='ocrx_word' id='word_1_524' title='bbox 154 2697 202 2725; x_wconf 84' lang='grc'>68)</span> <span class='ocrx_word' id='word_1_525' title='bbox 224 2698 257 2720; x_wconf 80' lang='lat' dir='ltr'>Et</span> <span class='ocrx_word' id='word_1_526' title='bbox 276 2699 429 2728; x_wconf 84' lang='lat' dir='ltr'>exercitus]</span> <span class='ocrx_word' id='word_1_527' title='bbox 449 2701 497 2723; x_wconf 82' lang='lat' dir='ltr'>Ed.</span> <span class='ocrx_word' id='word_1_528' title='bbox 518 2700 592 2723; x_wconf 68' lang='lat'>1553.</span> <span class='ocrx_word' id='word_1_529' title='bbox 613 2704 708 2722; x_wconf 77' lang='lat' dir='ltr'>errore</span> <span class='ocrx_word' id='word_1_530' title='bbox 727 2699 854 2728; x_wconf 64' lang='lat' dir='ltr'>typogn:</span> <span class='ocrx_word' id='word_1_531' title='bbox 882 2697 1057 2720; x_wconf 81' lang='lat' dir='ltr'>Eexercitus.</span> 
     </span>
    </p>
   </div>
   <div class='ocr_carea' id='block_1_13' title="bbox 918 2543 1118 2571">
    <p class='ocr_par' dir='ltr' id='par_1_59' title="bbox 918 2543 1118 2571">
     <span class='ocr_line' id='line_1_99' title="bbox 918 2543 1118 2571; baseline 0.005 -6"><span class='ocrx_word' id='word_1_532' title='bbox 918 2543 1006 2571; x_wconf 72' lang='lat'>1562.;</span> <span class='ocrx_word' id='word_1_533' title='bbox 1046 2543 1118 2566; x_wconf 55' lang='lat' dir='ltr'>rm:</span> 
     </span>
    </p>
   </div>
   <div class='ocr_carea' id='block_1_14' title="bbox 1205 2525 2165 2723">
    <p class='ocr_par' dir='ltr' id='par_1_60' title="bbox 1206 2525 2165 2597">
     <span class='ocr_line' id='line_1_100' title="bbox 1206 2525 2165 2562; baseline -0.008 -6"><span class='ocrx_word' id='word_1_534' title='bbox 1206 2534 1254 2560; x_wconf 84' lang='grc'>69)</span> <span class='ocrx_word' id='word_1_535' title='bbox 1274 2533 1390 2562; x_wconf 80' lang='lat' dir='ltr'>quanto]</span> <span class='ocrx_word' id='word_1_536' title='bbox 1410 2531 1449 2554; x_wconf 85' lang='lat' dir='ltr'>sic</span> <span class='ocrx_word' id='word_1_537' title='bbox 1476 2529 1522 2560; x_wconf 67' lang='grc' dir='ltr'>(Σ</span> <span class='ocrx_word' id='word_1_538' title='bbox 1542 2529 1635 2559; x_wconf 68' lang='lat' dir='ltr'>Exn-ip.</span> <span class='ocrx_word' id='word_1_539' title='bbox 1655 2528 1724 2559; x_wconf 72' lang='grc' dir='ltr'>πῶς)</span> <span class='ocrx_word' id='word_1_540' title='bbox 1745 2528 1828 2552; x_wconf 83' lang='lat' dir='ltr'>Editt.</span> <span class='ocrx_word' id='word_1_541' title='bbox 1846 2526 1937 2558; x_wconf 65' lang='lat'><strong>1562,</strong></span> <span class='ocrx_word' id='word_1_542' title='bbox 1964 2526 2062 2556; x_wconf 56' lang='lat' dir='ltr'>Bai-n..</span> <span class='ocrx_word' id='word_1_543' title='bbox 2087 2525 2165 2548; x_wconf 83' lang='lat' dir='ltr'>Mus-</span> 
     </span>
     <span class='ocr_line' id='line_1_101' title="bbox 1242 2565 1742 2597; baseline -0.002 -8"><span class='ocrx_word' id='word_1_544' title='bbox 1242 2572 1337 2597; x_wconf 51' lang='lat' dir='ltr'>grav„</span> <span class='ocrx_word' id='word_1_545' title='bbox 1363 2566 1438 2593; x_wconf 63' lang='lat' dir='ltr'>Fix.;</span> <span class='ocrx_word' id='word_1_546' title='bbox 1467 2565 1513 2588; x_wconf 73' lang='lat' dir='ltr'>Ed.</span> <span class='ocrx_word' id='word_1_547' title='bbox 1531 2565 1604 2587; x_wconf 57' lang='lat'>1553.</span> <span class='ocrx_word' id='word_1_548' title='bbox 1625 2565 1742 2594; x_wconf 82' lang='lat' dir='ltr'>quando.</span> 
     </span>
    </p>

    <p class='ocr_par' dir='ltr' id='par_1_61' title="bbox 1205 2607 1706 2637">
     <span class='ocr_line' id='line_1_102' title="bbox 1205 2607 1706 2637; baseline -0.008 -4"><span class='ocrx_word' id='word_1_549' title='bbox 1205 2609 1252 2637; x_wconf 79' lang='lat'>70)</span> <span class='ocrx_word' id='word_1_550' title='bbox 1273 2610 1332 2637; x_wconf 82' lang='lat' dir='ltr'>tua]</span> <span class='ocrx_word' id='word_1_551' title='bbox 1351 2608 1399 2631; x_wconf 85' lang='lat' dir='ltr'>Ed.</span> <span class='ocrx_word' id='word_1_552' title='bbox 1419 2607 1493 2631; x_wconf 79' lang='lat'>1558.</span> <span class='ocrx_word' id='word_1_553' title='bbox 1514 2607 1598 2630; x_wconf 81' lang='lat' dir='ltr'>male:</span> <span class='ocrx_word' id='word_1_554' title='bbox 1625 2608 1706 2630; x_wconf 83' lang='lat' dir='ltr'>tuam.</span> 
     </span>
    </p>

    <p class='ocr_par' dir='ltr' id='par_1_62' title="bbox 1205 2646 2160 2683">
     <span class='ocr_line' id='line_1_103' title="bbox 1205 2646 2160 2683; baseline -0.007 -6"><span class='ocrx_word' id='word_1_555' title='bbox 1205 2651 1252 2683; x_wconf 82' lang='lat'>71)</span> <span class='ocrx_word' id='word_1_556' title='bbox 1273 2653 1306 2676; x_wconf 82' lang='grc' dir='ltr'>Η.</span> <span class='ocrx_word' id='word_1_557' title='bbox 1320 2652 1337 2675; x_wconf 88' lang='lat' dir='ltr'>l.</span> <span class='ocrx_word' id='word_1_558' title='bbox 1357 2650 1575 2680; x_wconf 76' lang='lat' dir='ltr'>i11Editt.1558.,</span> <span class='ocrx_word' id='word_1_559' title='bbox 1598 2649 1673 2674; x_wconf 79' lang='lat'>1562.</span> <span class='ocrx_word' id='word_1_560' title='bbox 1693 2650 1758 2672; x_wconf 83' lang='lat' dir='ltr'>nota</span> <span class='ocrx_word' id='word_1_561' title='bbox 1776 2654 1879 2679; x_wconf 79' lang='lat' dir='ltr'>niarg.:</span> <span class='ocrx_word' id='word_1_562' title='bbox 1905 2647 2002 2671; x_wconf 78' lang='lat' dir='ltr'>Fatum</span> <span class='ocrx_word' id='word_1_563' title='bbox 2021 2646 2160 2670; x_wconf 80' lang='lat' dir='ltr'>incertum.</span> 
     </span>
    </p>

    <p class='ocr_par' dir='ltr' id='par_1_63' title="bbox 1206 2689 1999 2723">
     <span class='ocr_line' id='line_1_104' title="bbox 1206 2689 1999 2723; baseline -0.006 -5"><span class='ocrx_word' id='word_1_564' title='bbox 1206 2694 1254 2722; x_wconf 83' lang='lat'>72)</span> <span class='ocrx_word' id='word_1_565' title='bbox 1274 2695 1337 2723; x_wconf 80' lang='lat' dir='ltr'>eos]</span> <span class='ocrx_word' id='word_1_566' title='bbox 1359 2693 1398 2717; x_wconf 84' lang='lat' dir='ltr'>sie</span> <span class='ocrx_word' id='word_1_567' title='bbox 1417 2693 1500 2717; x_wconf 83' lang='lat' dir='ltr'>Editt.</span> <span class='ocrx_word' id='word_1_568' title='bbox 1522 2694 1641 2723; x_wconf 81' lang='lat' dir='ltr'>recent.;</span> <span class='ocrx_word' id='word_1_569' title='bbox 1667 2691 1858 2722; x_wconf 79' lang='lat' dir='ltr'>Editt.1558.‚</span> <span class='ocrx_word' id='word_1_570' title='bbox 1879 2690 1952 2714; x_wconf 76' lang='lat'>1562.</span> <span class='ocrx_word' id='word_1_571' title='bbox 1973 2689 1999 2712; x_wconf 84' lang='lat' dir='ltr'>ii.</span> 
     </span>
    </p>
   </div>
  </div>
 </body>
</html>
