2373 2980
180 86 250 119 807
758 86 877 121 PHll..
913 89 1023 124 MEL.
1060 91 1260 126 SCRIPTA
1293 94 1626 130 PHILOLOGICA.
2136 102 2208 136 808

229 169 355 208 Dabit,
383 175 416 202 et
435 168 646 213 caliginosos
664 167 817 204 aetheris
833 171 954 212 flatus,

178 221 225 253 80
253 219 296 253 Et
324 220 404 252 dicit
433 232 468 253 se
493 221 660 253 daturum
689 219 778 253 mihi
810 234 882 257 esse
908 223 1024 267 ignem
1050 226 1167 260 fulmi-

583 282 688 304 neum
702 297 711 311 ‚

231 322 275 354 Ut
293 327 446 354 sternam
465 321 639 361 Graecos,
667 328 701 355 et
717 321 903 357 incendam
920 336 1027 360 naves
1045 327 1129 372 igni.
1193 305 1195 346 Ι

228 371 284 404 Tu
308 372 412 403 etiam
436 373 565 416 praebe
585 378 685 405 tuum
703 385 851 414 munus,
876 374 1054 419 Aegaeam
1072 379 1165 412 viam
1193 371 1195 397 ‘⁴

227 422 451 455 Frementem
470 423 633 466 procellis
651 430 684 456 et
702 424 894 460 vorticibus
912 428 1032 462 maris.
1192 421 1195 475 l

228 472 337 516 lmple
355 474 590 507 cadaveribus
609 486 733 508 cavum
753 477 921 520 angulum
939 477 1128 519 Euboeae,
1193 479 1195 516 ἰ

178 523 224 557 85
255 524 300 556 Ut
318 525 482 568 deinceps
499 525 615 558 colere
636 538 712 558 mea
730 527 860 570 templa
1193 559 1195 573 ‚

228 574 392 614 Discant‚
421 582 455 608 et
471 575 575 609 siuiul
592 576 748 621 reliquos
765 576 860 612 Deos
877 579 1078 615 observare.

227 628 324 668 Nepi.
350 626 455 659 Fient
471 624 576 667 haec,
600 627 809 661 beneficium
828 641 901 662 non
918 631 1037 664 multis
1052 633 1168 666 verbis
1193 640 1195 674 j

227 676 327 720 Opus
343 675 460 710 habet.
514 677 685 712 Turbabo
703 678 882 722 Aegaeum
904 693 1022 721 mare,

227 727 271 760 Et
289 728 384 761 littus
402 728 595 772 Myconum
608 755 617 768 ,
643 735 677 762 et
695 742 800 773 rupes
816 730 938 764 Deliae
951 758 960 771 ,

177 779 225 811 90
253 778 381 823 Scyrus
398 786 431 812 et
450 778 604 813 Lemnus
621 786 655 812 et
671 792 775 824 rupes
793 780 987 825 Capharei,

226 829 417 862 Habebunt
435 830 545 863 multa
563 831 734 863 cadavera
759 838 997 866 mortuorum.

227 880 359 913 Verum
377 881 465 913 vade
485 882 528 914 ad
547 881 762 925 Olympum,
790 888 824 914 et
841 883 1029 917 fulmineos
1048 883 1135 917 ictus

226 931 356 975 Accipe
375 943 392 964 e
409 944 519 965 manu
535 931 664 975 patris,
698 938 731 964 et
749 939 890 975 expecta
904 960 913 972 ,
1194 938 1197 970 Ε

229 982 382 1027 Quando
401 982 570 1014 exercitus
586 979 804 1014 Achivorum
822 984 934 1016 solvet
950 985 1128 1018 rudentes.

177 1030 226 1066 95
254 1032 417 1072 „Stultus
437 1038 506 1072 est,
535 1032 595 1076 qui
615 1039 813 1075 expugnata
832 1034 919 1066 urbe

227 1083 428 1127 „Templa,
456 1089 489 1116 et
503 1082 678 1122 tumulos,
707 1089 740 1115 et
757 1095 856 1116 sacra
874 1090 1100 1117 mortuorum

227 1134 321 1173 „Dat
334 1133 517 1167 solitudini
528 1147 535 1172 ;
557 1145 640 1165 nam
652 1133 759 1177 paulo
769 1141 850 1177 post
860 1135 932 1178 ipse
944 1135 1048 1168 etiam
1064 1136 1167 1179 perit.

229 1186 326 1219 ler.
354 1184 387 1218 O
406 1184 553 1224 misera,
582 1196 601 1216 a
619 1184 695 1217 solo
706 1184 737 1230 ⁸)
755 1191 861 1229 caput

226 1235 271 1268 Et
287 1235 457 1268 cervicem
475 1236 551 1269 leva
564 1261 573 1274 ,
600 1247 674 1268 non
695 1235 847 1279 amplius
864 1235 975 1268 Troia

179 1287 250 1320 100
279 1286 343 1319 Hic
360 1293 428 1327 est,
456 1293 491 1320 et
504 1297 577 1320 non
596 1286 748 1330 amplius
765 1299 886 1320 sumus
903 1287 1045 1331 reginae
1057 1312 1065 1326 ‚

227 1338 398 1377 „Sustine
419 1344 592 1371 mutatam
608 1338 801 1370 fortunam.

228 1389 410 1432 „Naviges
427 1390 619 1422 secundum
637 1389 766 1421 fretum
779 1415 787 1427 ,
823 1395 856 1421 et
881 1388 1024 1432 naviges
1046 1400 1167 1422 secun-

585 1440 671 1472 dum
695 1440 897 1479 fortunam,

1193 727 1196 751 ἴ

228 1489 383 1534 „Neque
402 1491 545 1522 obverte
563 1502 707 1533 proram
727 1490 818 1522 vitae

229 1540 392 1579 „Contra
410 1540 552 1578 fluctus;
580 1542 640 1573 sed
659 1540 822 1584 naviges,
849 1547 887 1573 ut
905 1540 972 1572 fert
988 1540 1144 1573 fortuna.

180 1590 251 1627 105
279 1593 358 1625 Hec.
387 1591 484 1631 Heu,
512 1589 613 1625 eheu.

228 1642 300 1676 Cur
318 1654 391 1675 non
408 1643 489 1675 licet
505 1640 594 1675 mihi
610 1642 760 1675 miserae
776 1652 914 1684 gemere
925 1666 934 1679 ,

228 1693 295 1726 Cui
312 1693 426 1737 patria
444 1694 567 1738 periit,
595 1700 629 1726 et
645 1693 765 1732 liberi,
794 1698 827 1724 et
842 1690 1014 1723 maritus?

227 1744 299 1777 Hui
316 1745 440 1788 ingens
458 1745 626 1788 splendor
642 1743 859 1776 domitorum

228 1795 429 1835 Maiorum,
457 1807 564 1840 quam
581 1793 670 1828 nihil
689 1794 782 1827 eras!

180 1847 252 1881 110
279 1846 375 1890 Quid
391 1858 446 1879 me
468 1852 610 1890 oportet
625 1852 739 1878 tacere
751 1871 759 1883 ‚
787 1843 873 1888 quid
891 1854 964 1875 non
981 1841 1122 1874 tacere?

229 1896 326 1942 Quid
341 1896 556 1930 lamentari?
583 1897 712 1930 misera
733 1907 796 1938 ego
816 1900 963 1938 propter
982 1905 1126 1936 gravem
1191 1827 1195 2035 Ι

228 1947 512 1981 Reclinationem
529 1953 684 1986 artuum,
706 1958 816 1991 quum
832 1945 922 1977 male
938 1944 1061 1976 affecta
1076 1956 1167 1983 sum,

230 1998 334 2033 Nunc
350 1999 387 2030 in
403 1999 525 2042 rigidis
542 1998 639 2031 lectis
658 1998 839 2030 collocata.
1193 2039 1195 2043 y

183 2048 254 2085 115
281 2049 349 2082 Hei
366 2062 445 2082 meo
463 2049 587 2093 capiti,
615 2047 673 2082 hei
690 2047 778 2080 meis
794 2045 1014 2090 temporibus

227 2100 273 2134 Et
290 2100 478 2141 lateribus,
504 2106 544 2133 ut
561 2100 664 2143 cupio
681 2109 821 2131 versare

227 2151 273 2184 Et
291 2153 477 2184 extendere
493 2152 638 2184 dorsum
655 2156 688 2183 et
704 2149 841 2193 spinam

228 2202 472 2236 Membrorum
490 2202 526 2234 iu
541 2208 733 2246 utrumque
752 2199 923 2243 parietem

226 2253 281 2286 Ad
297 2260 503 2297 perpetuam
525 2252 760 2285 ostensionem
779 2247 1055 2292 lachrymarum.

181 2305 251 2340 120
278 2304 400 2343 Musa,
428 2304 542 2347 incipe
561 2301 683 2345 hicsa)
706 2300 842 2335 miseris

226 2355 361 2389 Sonare
379 2355 510 2388 flebiles
528 2354 654 2387 clades.

226 2406 360 2438 Prorae
378 2406 506 2439 celeres
521 2405 667 2438 navium
679 2430 688 2443 ,

225 2456 325 2501 Quae
341 2457 385 2488 ad
403 2468 541 2490 sacrum
558 2455 661 2489 Ilium
680 2465 779 2487 venis

205 2544 234 2575 8)
254 2549 270 2566 a
294 2541 368 2569 solo]
401 2540 440 2563 sic
467 2542 514 2568 (z
533 2540 626 2569 Eurip.
649 2535 780 2567 πεδόθεν)
808 2535 891 2558 Editt.
919 2536 1039 2560 recent.;
1076 2532 1160 2555 Editt.

242 2576 333 2606 1558.‚
356 2574 429 2597 1562.
450 2573 481 2603 ὁ,
507 2575 578 2599 solo.

205 2620 256 2652 8³)
276 2619 309 2642 hi.
330 2617 417 2645 incipe
436 2616 492 2644 hic]
517 2617 557 2639 sic
577 2615 764 2640 Editt.1558.,
794 2611 954 2651 ¹56²',(E9'
976 2609 1059 2634 Basil.
1085 2609 1158 2631 1551.
1181 2627 1183 2643 1

237 2657 277 2679 Μ,
298 2646 358 2682 δίχ’
378 2647 476 2680 afim„
504 2651 600 2681 Earn„
618 2651 722 2679 Musgr.
744 2650 784 2672 M,
805 2644 835 2669 δέ
851 2653 870 2677 χ
902 2652 969 2673 αυτη
984 2657 1016 2661 -—
1030 2644 1065 2667 M.
1086 2648 1156 2666 vero

236 2691 278 2714 est
293 2688 320 2710 et
339 2686 406 2708 haec
422 2685 564 2715 quaedam

1272 179 1342 213 Per
1357 192 1454 213 mare
1474 191 1714 224 purpureum,
1740 189 1773 215 et

1223 228 1294 265 125
1323 231 1392 264 Per
1408 237 1531 274 portus
1549 231 1719 265 Graeciae
1736 235 1945 268 commodos

1269 281 1407 315 Odioso
1425 281 1581 314 carmine
1599 281 1768 316 tibiarum
1783 310 1792 323 ‚

1269 331 1314 364 Et
1332 332 1528 365 fistularum
1547 344 1677 366 sonora
1696 346 1799 374 voce,

1268 381 1421 421 Euntes,
1448 394 1539 427 quae
1555 384 1655 417 funes
1673 385 1866 430 Aegyptios
1876 385 1907 429 ⁹)

1271 432 1450 466 Habuistis
1468 446 1672 478 suspensos;

1225 484 1294 517 130
1322 483 1385 516 Hei
1405 484 1439 515 in
1459 483 1591 518 Troiae
1608 485 1706 525 sinu,

1273 533 1406 567 Euntes
1425 535 1468 566 ad
1490 535 1643 568 Menelai

1269 583 1439 617 Odiosam
1459 586 1644 630 coniugem
1657 613 1665 626 ,
1694 585 1832 619 Castori
1849 586 1998 619 dedecus

1269 634 1315 668 Et
1328 635 1511 669 infamiam
1530 637 1686 681 patriae,
1715 649 1806 682 quae
1825 637 1990 670 interficit

1227 684 1294 720 135
1322 686 1465 719 Patrem
1483 687 1741 732 quinquaginta
1762 687 1955 722 liberorum
1968 715 1977 728 ‚

1271 737 1453 771 Priamum
1466 763 1476 777 ,
1504 745 1538 771 et
1554 750 1608 771 me
1625 738 1790 772 miseram

1269 786 1308 819 In
1328 786 1418 820 hanc
1440 789 1567 821 deiecit
1585 789 1834 824 calamitatem.

1270 838 1337 870 Hei
1353 839 1469 878 sedes,
1497 839 1534 871 in
1553 839 1681 884 quihus
1698 841 1803 873 sedeo
1815 867 1824 881 ,

1270 888 1409 922 Ancilla
1426 889 1462 922 in
1479 891 1707 923 tabernaculo
1723 891 2013 935 Agamemnonis.

1194 973 1196 989 Α
1223 937 1294 972 140
1321 939 1396 983 Ego
1415 951 1502 973 anus
1519 942 1630 974 ducor
1645 953 1746 974 serva
1765 955 1806 975 ex
1823 942 1956 986 patria,

1272 989 1435 1023 Caesarie
1451 1002 1528 1024 rasa
1546 991 1686 1035 lugubri

1271 1039 1386 1083 Caput
1403 1040 1651 1074 miserabiliter
1667 1043 1868 1086 deturpata.

1271 1090 1338 1123 Sed
1356 1103 1376 1122 o
1395 1091 1606 1124 bellatorum
1626 1092 1868 1125 Troianorum

1224 1139 1295 1175 145
1323 1140 1498 1184 Coniuges
1515 1142 1683 1182 miserae,
1711 1140 1894 1187 *virgines
1911 1149 1945 1176 et
1960 1154 2129 1187 sponsae,

1269 1191 1399 1224 Fumat
1412 1190 1531 1225 Ilium:
1560 1193 1752 1236 ploremus.

1271 1242 1321 1275 Ut
1343 1248 1456 1274 mater
1473 1243 1675 1276 volucribus
1692 1243 1892 1286 clangorem

1270 1293 1424 1332 Avibus,
1450 1292 1498 1326 ita
1517 1306 1580 1337 ego
1599 1293 1769 1338 incipiam

1273 1343 1513 1377 Cantilenam:
1542 1356 1616 1377 non
1632 1345 1801 1383 eandem,
1829 1343 1969 1389 qualem
1988 1343 2073 1376 olim

1224 1392 1294 1428 150
1322 1394 1468 1437 Sceptro
1486 1395 1623 1427 Priami
1642 1394 1763 1427 innixa

1271 1445 1364 1478 Pede
1379 1445 1599 1488 praesultore
1615 1445 1687 1478 ictu
1705 1442 1863 1489 Phrygio

1271 1495 1437 1529 Glorioso
1455 1495 1668 1539 incipiebam
1686 1494 1781 1528 Deos
1796 1494 1985 1527 celebrare.

1272 1548 1367 1581 ebor.
1397 1544 1429 1578 O
1448 1546 1611 1586 Hecuba,
1647 1546 1733 1590 quid
1753 1544 1935 1579 clamitas?
1967 1544 2051 1589 quid
2075 1544 2208 1577 lamen-

1634 1595 1745 1629 taris?

1223 1646 1294 1681 155
1321 1647 1390 1680 Per
1407 1647 1544 1687 aulam,
1571 1653 1719 1691 propter
1737 1646 1834 1685 illos,
1863 1657 1952 1690 quos
1967 1645 2150 1688 deploras,

1269 1697 1315 1730 Et
1334 1710 1395 1741 per
1410 1704 1552 1741 pectora
1570 1704 1683 1730 metus
1700 1696 1838 1729 invadit

1271 1749 1467 1788 Troianas,
1495 1760 1585 1793 quae
1601 1749 1638 1780 in
1656 1746 1710 1781 his
1728 1746 1965 1780 tabernaculis

1269 1799 1481 1832 Servitutem
1499 1810 1598 1832 suam
1615 1799 1815 1842 deplorant.

1222 1850 1293 1883 160
1320 1852 1399 1884 Hee.
1428 1849 1460 1883 O
1476 1849 1585 1889 filiae,
1612 1851 1657 1882 ad
1676 1861 1784 1882 naves
1799 1847 2014 1891 Argivorum
2033 1846 2105 1878 iam

1270 1900 1437 1934 Movetur
1455 1901 1629 1944 remigum
1649 1912 1786 1933 manus.

1270 1951 1349 1985 Heu
1371 1964 1428 1984 me
1452 1952 1637 1991 miseram,
1676 1951 1761 1996 quid
1787 1948 1934 1983 volens?
1973 1954 2034 1982 aut
2057 1958 2129 1991 quo
2150 1958 2206 1978 me

1630 2014 1796 2035 miseram

1270 2050 1433 2085 Avehent
1447 2053 1530 2085 navi
1547 2065 1587 2086 ex
1603 2052 1745 2097 patria?

1223 2101 1293 2136 165
1322 2105 1419 2137 Ultor.
1447 2104 1530 2138 Non
1545 2103 1635 2143 scio,
1660 2104 1721 2137 sed
1739 2101 1890 2136 coniicio
1905 2100 2154 2134 calamitatem.

1268 2153 1348 2187 Heu
1363 2154 1465 2188 nobis
1481 2155 1619 2188 miseris
1633 2160 1780 2198 propter
1802 2163 2008 2190 aerumnas,
2039 2149 2110 2182 iam
2137 2154 2204 2182 sta-

1631 2206 1694 2237 tim
1713 2203 1909 2238 audiemus.

1266 2254 1446 2294 Troades,
1473 2255 1614 2298 prodite
1634 2262 1729 2288 extra
1749 2255 1862 2287 aedes.

1266 2306 1454 2349 Apparant
1468 2305 1591 2349 Argivi
1607 2306 1772 2339 reditum.

1266 2358 1345 2390 Hec.
1373 2355 1469 2396 Heu,
1496 2368 1540 2389 ne
1556 2356 1737 2389 fatidicam
1753 2367 1847 2389 nunc

1220 2407 1291 2439 170
1316 2406 1443 2440 Ducite
1462 2408 1556 2440 foras
1575 2406 1830 2446 Cassandram,

1265 2457 1318 2491 Ne
1334 2458 1467 2501 probro
1485 2458 1528 2491 ab
1544 2458 1684 2502 Argivis
1699 2458 1873 2491 afficiatur
1894 2456 2032 2491 furens;
2060 2452 2201 2484 accedet

1627 2507 1716 2542 mihi
1734 2509 1837 2542 dolor
1854 2509 1894 2539 ad
1914 2506 2086 2538 dolorem.

1246 2599 1275 2626 9)
1298 2599 1377 2622 funes
1396 2598 1562 2629 Aegyptios]
1581 2598 1625 2621 his
1643 2598 1669 2621 iu
1689 2603 1774 2628 marg.
1794 2596 1879 2621 Editt.
1894 2595 1986 2623 1558,
2010 2593 2082 2618 1562.
2107 2591 2199 2616 addita

1281 2635 1324 2655 est
1341 2634 1407 2657 haec
1433 2632 1594 2662 explicatio:
1625 2633 1730 2656 Textile
1754 2630 1873 2660 Aegypti
1898 2630 2061 2655 artificium,
2092 2626 2119 2650 id
2145 2627 2198 2649 est.

1279 2667 1356 2690 funes
1376 2667 1516 2696 nauticos,
1542 2666 1586 2696 qui
1604 2673 1636 2689 ex
1653 2668 1781 2697 Aegypto
1798 2665 2009 2688 advehebantur.
