2373 2980
106 93 181 127 797

155 179 304 213 Possum
319 204 327 218 ‚
354 175 443 211 haec
461 179 506 211 ab
522 180 644 214 amicis
660 193 726 215 nos
743 194 864 226 passos
879 195 964 218 esse.

156 232 253 265 ler.
281 230 415 273 Auriga
437 228 586 264 Thracis
602 232 729 265 misere
749 233 884 274 affecti,

106 279 180 315 805
208 281 260 314 Ne
275 281 414 315 dubites
433 278 551 315 hostes
569 283 690 317 fecisse
712 283 810 319 haec.

154 332 287 364 Hector
304 332 377 376 ipse
396 333 515 366 audita
533 333 631 367 clade

152 384 317 421 Accedit;
346 384 513 418 condolet
527 391 658 425 autem,
677 392 716 419 ut
731 399 798 431 par
813 392 876 426 est,
898 386 968 420 tuis
983 385 1098 420 malis.

151 436 248 469 Hect.
277 435 484 480 Quomodo,
511 436 573 481 qui
590 437 719 471 fecistis
736 438 933 472 maximum
950 438 1098 478 malum,

151 485 344 520 Venientes
361 488 601 532 speculatores
619 501 681 522 vos

101 534 175 571 810
221 537 421 572 Latuerunt
463 538 615 583 turpiter
632 567 641 580 ‚
695 546 729 573 et
773 541 945 574 exercitus
990 540 1098 574 inter-

512 591 622 624 fectus
646 590 721 624 est?

150 639 275 685 Neque
296 640 470 674 intrantes
486 648 599 675 castra
619 641 803 686 depulistis

148 691 275 736 Neque
291 691 486 725 abeuntes?
514 690 644 727 horum
662 693 741 738 quis
758 693 890 737 pendet
903 704 1058 737 poenam

148 742 297 776 Praeter
317 743 375 777 te?
411 751 444 776 te
467 743 562 777 enim
587 745 769 778 custodem
796 744 875 777 dico
902 756 975 778 esse
999 755 1097 777 exer-

511 795 611 829 citus.

147 843 204 877 Illi
235 857 320 878 vero
357 845 524 879 abierunt
563 847 638 880 sine
683 846 829 879 vulnere
847 873 856 887 ‚

508 897 649 942 ignavia
662 923 671 937 ,

95 945 170 981 815
195 947 351 981 Multum
370 948 560 982 irridentes
574 961 630 982 me
648 949 918 992 imperatorem.

145 998 222 1032 Hoc
238 999 345 1039 scias,
374 1006 407 1032 et
423 998 559 1043 Iupiter
577 1000 714 1034 iuratus
731 1000 797 1039 sit,

143 1050 216 1083 Aut
234 1057 326 1083 terra
348 1050 502 1083 Taurica
516 1078 525 1091 ‚
554 1059 616 1085 aut
631 1051 792 1096 capitalis
809 1064 925 1096 poena

143 1102 267 1135 Manet
283 1107 316 1134 te
331 1101 518 1135 facientem
538 1101 643 1142 haec;
671 1108 732 1137 aut
748 1103 938 1136 Hectorem

143 1151 242 1187 Nihil
261 1166 334 1187 esse
350 1166 457 1199 quam
478 1154 647 1198 ignavum
666 1155 875 1188 existimate.

909 844 1093 892 Phrygum

457 1237 723 1287 [systema]

91 1307 167 1344 820
196 1307 293 1341 Cbor.
322 1305 359 1339 Io
380 1318 551 1351 magnum
570 1305 660 1340 mihi
675 1307 872 1352 periculum
885 1333 894 1347 ‚

143 1358 176 1391 Ο
193 1358 337 1391 domine
353 1358 472 1398 urbis,

141 1409 245 1442 Tunc
264 1409 381 1448 venit,
409 1409 555 1454 quando
574 1408 638 1441 tibi
655 1408 819 1442 nuntiavi

141 1459 242 1493 Circa
260 1472 370 1493 naves
387 1466 584 1493 nocturnos
601 1460 699 1503 ignes
716 1458 848 1492 habere
868 1460 1045 1500 Graecos,

1120 1179 1122 1199 i

1118 1264 1121 1312 ἓ

1118 1313 1121 1348 i

624 94 730 129 LXV.
783 94 1182 132 INTERPRETATIO
1217 99 1358 134 RHESI
1391 100 1641 136 EURIPIDIS.

140 1511 234 1556 Quia
252 1511 404 1555 vigilans
420 1512 543 1545 oculus
551 1511 597 1558 3ὃ)
616 1512 655 1545 in
671 1510 737 1545 hac
753 1518 857 1545 nocte

87 1561 163 1599 825
191 1563 315 1608 Neque
332 1563 525 1603 dormivit,
552 1575 667 1609 neque
685 1563 856 1598 connixit.

135 1614 218 1649 Non
236 1626 300 1658 per
316 1615 509 1649 Simoentis
519 1614 566 1658 ³⁹)

137 1666 288 1706 Fontes,
315 1677 360 1698 ne
377 1664 466 1698 mihi
484 1665 667 1705 irascaris,
695 1677 716 1698 o
734 1678 808 1700 rex.
1114 1672 1116 1716 ξ

135 1717 214 1762 Ego
233 1717 328 1750 enim
346 1723 443 1750 extra
461 1718 600 1761 culpam
619 1729 711 1751 sum.
1114 1723 1115 1728 ¹

136 1770 173 1803 Si
193 1781 277 1802 vero
295 1769 368 1802 ullo
385 1775 548 1813 tempore
565 1767 856 1813 intempestivum

85 1821 161 1855 830
187 1821 336 1854 Factum
353 1827 415 1854 aut
433 1832 637 1854 sermonem
653 1819 832 1854 audiveris
843 1845 852 1859 ‚
1113 1818 1115 1858 ξ

134 1872 215 1906 Duc
231 1884 288 1905 me
306 1873 487 1906 viventem
502 1872 567 1906 sub
585 1878 736 1910 terram;

134 1924 219 1958 Non
236 1935 374 1957 recuso·

133 1978 223 2010 Aur.
266 1975 387 2020 Quare
417 1974 492 2008 istis
522 1974 700 2009 minaris?
743 1980 778 2008 et
808 1973 881 2018 ipse
910 1973 1085 2008 barbarus

498 2027 645 2062 barbari

133 2080 306 2116 Animum
325 2082 488 2126 decipere
507 2080 648 2114 conaris
666 2085 810 2113 nectens
825 2076 1033 2112 sermones?

83 2133 158 2169 835
187 2135 244 2168 Tu
261 2132 349 2167 haec
365 2133 496 2171 fecisti;
524 2132 706 2165 neminem
726 2131 960 2175 recipiemus,

132 2187 257 2232 Neque
277 2185 340 2231 qui
357 2184 492 2218 mortui
510 2190 612 2224 sunt,
639 2195 756 2229 neque
774 2182 834 2227 qui
854 2180 1052 2220 vulnerati,
1110 2191 1111 2206 ¹

133 2238 253 2271 Alium
275 2249 384 2283 quam
409 2243 461 2275 te3
496 2236 605 2280 longa
629 2242 663 2269 et
685 2234 800 2280 perita
827 2232 991 2266 oratione
1018 2231 1083 2266 tibi
1108 2275 1109 2280 1

496 2300 585 2332 opus
603 2293 654 2321 est
665 2313 675 2327 ‚
1108 2289 1109 2296 ¹

135 2340 215 2385 Qua
232 2352 289 2372 me
307 2339 542 2383 persuadeas,
570 2345 604 2372 te
622 2351 698 2372 non
715 2336 847 2370 amicos
866 2335 1081 2369 interfecisse

133 2392 266 2424 Amore
283 2403 458 2436 equorum
469 2417 479 2431 ‚
506 2396 656 2435 propter
672 2401 761 2436 quos
777 2388 892 2422 socios

82 2441 158 2477 840
187 2443 286 2476 Tuos
304 2441 492 2483 interficis,
519 2454 598 2475 cum
624 2442 778 2475 multum
803 2440 998 2472 obtestatus
1021 2436 1080 2477 sis,
1106 2457 1108 2467 v

491 2499 533 2527 ut
547 2492 723 2527 venirent,

115 2626 164 2655 38)
182 2626 294 2655 oculus]
321 2624 362 2648 sic
381 2623 429 2656 (=
447 2624 514 2649 text.
533 2622 590 2655 gr.)
609 2623 693 2649 Editt.
709 2624 800 2655 1558„
821 2624 919 2654 Barn.,
954 2623 1077 2652 Musgr.;
1104 2633 1105 2636 =

150 2661 200 2685 Ed.
218 2660 291 2685 1562.
310 2660 413 2684 oeulos.
1103 2664 1105 2697 ι

114 2713 162 2741 39)
183 2712 345 2741 simoentis]
363 2711 413 2736 Ed.
428 2710 504 2736 1562.
523 2716 621 2734 errore
638 2711 765 2742 typogr.:
790 2708 949 2733 Simoentis.

2078 107 2150 142 798

1203 184 1408 228 Venerunt,
1447 188 1582 221 mortui
1616 195 1718 228 sunt;
1757 188 1898 223 minore
1929 191 2151 237 turpitudine

1563 239 1667 274 Paris

1204 286 1430 322 Deformavit
1447 288 1661 335 hospitalem
1678 293 1826 326 domum
1839 319 1847 333 ‚
1875 305 1983 339 quam
2006 300 2063 336 tu,
2090 295 2152 341 qui

1567 343 1682 377 socios
1703 344 1921 379 interfecisti.

1203 388 1256 422 Ne
1275 389 1389 429 dicas,
1418 392 1515 435 quod
1531 392 1659 439 aliquis
1673 395 1827 439 Argivus
1844 396 1990 430 veniens

1202 440 1276 474 Nos
1292 441 1505 485 perdiderit:
1535 445 1613 488 quis
1631 458 1803 490 superans
1821 445 1987 481 cohortes

1153 490 1228 526 845
1256 492 1500 526 Troianorum
1513 520 1522 533 ,
1551 496 1596 528 ad
1613 508 1678 530 nos
1697 499 1814 538 venit,
1841 505 1881 532 ut
1897 506 1931 532 te
1947 496 2100 531 lateret?

1204 543 1262 576 Tu
1279 545 1400 578 sedisti
1420 551 1503 578 ante
1520 557 1606 587 nos,
1635 554 1669 580 et
1684 546 1867 593 Phrygum
1887 549 2078 583 exercitus:

1204 594 1292 640 Quis
1317 591 1474 629 vestrum
1503 598 1710 632 vulneratus
1736 600 1813 633 est?
1857 602 1936 646 quis
1969 601 2150 634 sociorum

1567 656 1732 684 mortuus
1750 658 1800 684 est

1201 697 1411 732 Vestrorum
1424 726 1433 739 ,
1462 697 1624 734 hostibus
1643 702 1828 745 ingressis,
1855 709 1895 736 ut
1911 704 1958 737 du
1975 704 2086 738 dicis?

1200 748 1275 783 Nos
1293 750 1471 784 vulnerati
1486 764 1607 787 sumus
1618 779 1627 792 ‚
1656 759 1690 786 et
1705 753 1884 788 deteriora

1152 798 1225 834 850
1254 800 1354 835 Passi
1374 814 1449 835 non
1467 803 1590 836 vident
1608 804 1730 839 lumen
1747 806 1842 840 solis.

1200 850 1241 884 ln
1261 865 1397 886 summa
1411 880 1420 893 ‚
1446 855 1627 888 neminem
1648 856 1870 891 Graecorum
1887 858 2102 892 incusamus.

1201 903 1290 949 Quis
1299 904 1345 950 ¹²⁰)
1364 903 1520 939 hostium
1541 907 1579 939 in
1595 914 1699 942 nocte
1718 909 1846 942 cubilia

1200 953 1311 989 Rhesi
1327 957 1539 997 invenisset,
1566 958 1690 1005 nisi41)
1709 961 1837 1006 aliquis
1853 960 2015 995 Deorum

1200 1007 1355 1041 Dixisset
1376 1008 1695 1044 interficientibus?
1731 1013 1793 1057 qui
1811 1025 1895 1045 vero
1914 1018 2149 1052 accesserunt,

1149 1056 1223 1092 855
1251 1058 1342 1092 Rem
1375 1072 1518 1093 omnem
1553 1069 1745 1097 noverunt.
1805 1063 1900 1109 Ergo
1930 1062 2148 1097 machinaris

1559 1110 1658 1147 haec.

1199 1163 1292 1196 Hect.
1320 1161 1446 1205 Longo
1465 1162 1535 1194 iam
1555 1170 1718 1208 tempore
1734 1165 1838 1199 sociis
1854 1166 2011 1206 utimur,

1200 1213 1346 1258 Quanto
1364 1220 1527 1258 tempore
1544 1213 1720 1249 Achaicus
1736 1218 1892 1260 populus
1910 1216 1969 1251 hic
1989 1224 2060 1257 est,

1197 1265 1243 1297 Et
1259 1266 1302 1297 ab
1319 1265 1403 1310 ipsis
1420 1266 1557 1299 nullum
1576 1267 1743 1300 delictum
1762 1268 1834 1301 scio
1849 1267 1936 1302 mihi
1953 1269 2146 1302 obiectum:

1196 1317 1253 1348 An
1274 1317 1308 1349 in
1325 1323 1359 1350 te
1377 1317 1639 1361 inciperemus?
1663 1331 1736 1352 non
1754 1332 1811 1352 me
1828 1320 1976 1354 invadat
1994 1331 2096 1354 amor

1146 1367 1220 1402 860
1247 1368 1385 1402 Tantus
1406 1381 1581 1414 equorum
1594 1397 1603 1410 ‚
1630 1377 1670 1404 ut
1686 1371 1820 1405 amicos
1837 1372 2060 1406 interficiam.

1195 1419 1291 1452 Haec
1306 1420 1448 1464 Ulysses
1463 1421 1561 1460 fecit;
1590 1422 1669 1467 quis
1685 1422 1780 1455 enim
1802 1424 1891 1457 alius

1195 1471 1376 1504 Potuisset
1393 1478 1454 1505 aut
1472 1473 1658 1517 cogitasset
1673 1471 1786 1506 haec?

1196 1522 1320 1555 Metuo
1338 1535 1417 1556 eum
1429 1549 1438 1564 ,
1468 1530 1502 1556 et
1519 1525 1638 1557 turbat
1658 1525 1819 1558 animum
1837 1538 1956 1559 meum
1969 1552 1979 1566 ‚

1193 1573 1246 1607 Ne
1264 1573 1423 1608 incidens
1440 1575 1478 1607 in
1497 1575 1676 1609 Dolonem
1694 1576 1911 1611 interfecerit
1928 1589 2022 1611 eum.

1115 1619 1116 1641 ³
1144 1624 1218 1659 865
1246 1625 1318 1658 Diu
1339 1626 1433 1659 enim
1454 1627 1570 1667 abest,
1600 1635 1634 1661 et
1649 1640 1825 1674 nusquam
1845 1635 2041 1673 comparet.

1193 1679 1282 1711 Aur.
1310 1676 1392 1711 Non
1411 1679 1496 1711 novi
1517 1679 1660 1724 Ulysses
1678 1686 1777 1720 tuos,
1803 1694 1892 1726 quos
1910 1693 2054 1719 mirre-53

1192 1728 1267 1762 Nos
1285 1741 1370 1762 vero
1389 1741 1406 1762 a
1423 1730 1522 1763 nullo
1541 1728 1698 1765 hostium
1714 1732 1872 1776 percussi
1888 1744 2022 1766 sumus.

1191 1783 1286 1814 Heet.
1314 1780 1372 1825 Tu
1388 1780 1497 1825 igitur
1515 1788 1617 1826 putes
1633 1783 1718 1823 ista,
1742 1783 1771 1816 si
1787 1783 1835 1816 ita
1852 1783 2007 1817 videtur.

1189 1835 1278 1866 Aur.
1306 1831 1339 1865 O
1357 1833 1472 1876 patria
1484 1860 1493 1873 ‚
1521 1835 1705 1880 quomodo
1723 1836 1859 1868 moriar
1874 1835 1912 1868 in
1928 1834 1988 1868 te?

1141 1883 1214 1918 870
1242 1886 1338 1918 Heet.
1366 1884 1449 1918 Non
1465 1897 1624 1924 morere;
1659 1885 1744 1920 satis
1768 1899 1898 1931 magna
1924 1886 2020 1919 enim
2044 1897 2140 1919 mor-

1555 1943 1700 1971 tuorum
1722 1939 1827 1972 turba
1846 1944 1909 1973 est.

1187 1989 1277 2021 Aur.
1306 1986 1388 2032 Quo
1407 1999 1464 2020 me
1480 1995 1616 2022 vertam
1631 1990 1778 2023 orbatus
1794 1988 1976 2023 dominis?

1186 2041 1282 2073 Hect.
1311 2038 1393 2072 Mea
1411 2040 1539 2073 domus
1555 2040 1732 2085 recipiens
1750 2047 1783 2074 te
1799 2042 1951 2075 curabit.

1187 2093 1276 2124 Aur.
1323 2091 1518 2136 Quomodo
1559 2104 1687 2126 manus
1727 2092 1996 2126 interfectorum
2037 2102 2139 2125 cura-

1546 2144 1637 2177 bunt
1656 2143 1739 2176 me?

1185 2194 1279 2227 Hect.
1296 2192 1363 2227 Iste
1379 2195 1532 2228 eundem
1550 2207 1752 2229 sermonem
1770 2206 1844 2227 non
1862 2193 1992 2228 desinit
2008 2193 2137 2227 dicere.

1136 2242 1211 2277 875
1238 2247 1326 2280 Aur.
1353 2245 1502 2287 Pereat,
1531 2247 1734 2292 quicunque
1750 2245 1850 2284 fecit;
1879 2257 1954 2279 non
1979 2245 2074 2279 enim
2097 2245 2136 2277 in

1546 2303 1580 2330 te
1604 2297 1763 2331 tenditur

1186 2346 1323 2391 Lingua
1337 2375 1347 2389 ,
1374 2355 1413 2382 ut
1434 2354 1471 2380 tu
1488 2348 1573 2382 dicis
1585 2376 1593 2388 ‚
1619 2350 1679 2382 sed
1695 2347 1886 2394 Iustitiam)
1903 2347 1980 2381 scit.

1166 2499 1214 2531 40)
1236 2500 1318 2529 Quis]
1339 2499 1380 2523 sic
1400 2501 1446 2528 c:
1461 2499 1554 2530 Eurip.
1576 2499 1636 2532 Τίς)
1658 2501 1743 2527 Editt.
1764 2502 1840 2525 ¹558.
1861 2503 1888 2525 et
1913 2502 2048 2531 recentt.;
2080 2499 2130 2523 Ed.

1203 2535 1278 2558 1562.
1298 2535 1384 2557 male:
1412 2534 1488 2563 Quin.

1165 2585 1298 2644 4135gi2si]
1318 2585 1357 2609 sic
1379 2587 1427 2614 (ε
1439 2585 1532 2616 Eurip.
1550 2584 1575 2610 εἰ
1592 2583 1645 2618 μὴ)
1664 2585 1750 2610 Editt.
1767 2586 1841 2612 1558.
1860 2587 1888 2610 et
1912 2586 2045 2616 recentt.;
2080 2585 2130 2611 Ed.

1199 2622 1211 2644 1
1268 2639 1274 2645 .
1294 2619 1327 2645 si.

1163 2673 1212 2702 42)
1231 2673 1355 2702 lustitia]
1373 2673 1433 2697 huic
1453 2672 1515 2697 voci
1532 2672 1560 2697 in
1578 2679 1665 2704 marg.
1680 2673 1764 2698 Editt.
1781 2673 1871 2704 1558„
1894 2672 1967 2696 1562.
1987 2671 2131 2703 adscripta

1199 2710 1243 2731 est
1263 2708 1426 2738 explicatio:
1452 2708 1557 2732 Numen
1576 2707 1675 2732 vindex
1694 2708 1845 2738 scelerum,
1874 2707 1947 2730 Dice.
