2373 2980
80 144 130 180 49

80 236 117 264 et
136 241 199 263 suo
218 226 387 271 tempori;
422 225 459 258 iu
477 237 577 264 vere,
608 236 650 257 ex
673 229 765 256 terra
795 220 1021 254 nascentibus
1046 225 1080 252 et

80 280 343 315 fructiferarum
362 277 532 310 arborum
551 274 786 320 germinibus,
821 272 972 310 vitibus,
1006 270 1079 303 ficis

82 338 117 366 et
132 331 209 364 aliis
228 329 557 362 maturescentibus.
610 325 650 358 In
669 325 818 359 solstitio
839 329 956 356 autem
976 321 1079 354 aesti-

81 395 127 416 vo
145 387 250 414 nocet
267 380 369 413 messi
387 386 420 412 et
434 380 575 422 frugum
602 375 868 421 importationi3
912 373 948 405 in
965 373 1080 417 Aegy-

80 440 143 478 pto
166 438 284 466 autem
306 430 451 475 proprie
477 436 510 462 et
527 429 598 462 Nili
617 427 894 461 exundationem
914 424 1079 467 impedit;

83 486 121 517 in
144 483 344 516 autumnali
372 480 620 526 aequinocti0‚
649 478 799 512 sementi
825 483 859 510 et
882 478 1006 513 foeno;
1044 475 1080 506 in

36 548 37 555 ¹
81 537 229 575 bruma,
267 534 421 566 oleribus
444 539 478 564 et
505 530 628 563 avibus
658 536 691 562 et
715 529 869 574 piscibus
894 528 967 560 eius
994 534 1081 559 tem-

37 849 38 885 }
83 838 261 873 damentis
294 844 327 870 et
360 837 539 870 aedificiis.

24 1663 26 1665 .
23 1610 35 1641 5-
21 1479 30 1594 >nar-‚na
22 1452 24 1454 <

69 738 180 772 ‘aeris'
192 743 225 769 et
238 735 486 779 imperiorum.

111 599 194 620 oris.

82 600 105 632 p
188 634 228 668 In
249 633 482 678 aequinoctiis
500 645 586 665 vero
607 630 714 664 etiam
739 630 940 674 significant
964 640 1082 662 sacro-

81 700 162 721 rum
189 692 224 718 et
246 684 460 728 religionum
484 684 717 719 mutationes;
752 682 789 714 in
815 679 959 724 tropicis
984 691 1082 717 vero,

547 735 669 767 Firma
693 739 812 765 autem
838 732 958 775 signa,
986 731 1083 762 Tau-

81 801 163 829 rus,
191 787 287 827 Leo,
316 786 484 830 Scorpius
507 783 755 831 etAquarius,
789 783 988 826 significant
1004 782 1083 814 fun-

614 836 681 869 Sed
715 835 885 878 gemella,
926 832 1083 871 Gemini,

81 891 214 935 Virgo,
243 889 471 933 Sagittarius,
497 888 633 927 Pisces,
661 886 862 930 significant
877 884 1084 917 hominibus

83 948 119 976 et
132 941 287 985 regibus.

186 991 232 1025 Et
250 991 417 1031 desectus,
444 989 505 1035 qui
521 990 632 1033 magis
649 995 732 1022 sunt
746 988 782 1020 in
794 987 954 1025 Oriente,
977 985 1085 1030 signi-

83 1044 191 1077 ficant
205 1043 396 1081 fructibus,
424 1040 683 1074 adolescentiae
708 1046 742 1073 et
772 1039 846 1072 eius
870 1039 1084 1071 fundamen-

84 1095 147 1133 tis;
184 1095 221 1126 in
240 1094 357 1126 medio
377 1093 486 1136 coeli⁷
514 1092 738 1136 regionibus,
766 1089 926 1134 regibus,
956 1096 989 1122 et
1013 1101 1086 1121 me-

85 1146 164 1179 diae
187 1146 312 1182 aetati;
349 1145 384 1176 in
413 1156 557 1183 occasu,
591 1144 708 1187 legum
733 1141 949 1174 mutationes
976 1147 1010 1173 et
1034 1152 1087 1173 se-

84 1203 208 1230 nectae
224 1208 324 1229 casus
341 1201 375 1228 et
392 1207 505 1227 neces.

189 1248 308 1291 Quam
326 1247 396 1278 late
415 1251 532 1278 autem
553 1250 699 1277 eventus
717 1242 881 1287 vagaturi
907 1242 995 1281 sint,
1031 1253 1087 1274 su-

86 1299 198 1331 mitur
231 1310 272 1330 ex
302 1296 548 1339 magnitudine
579 1295 800 1334 defectuum,
844 1300 877 1325 et
901 1305 942 1325 ex
967 1292 1087 1331 stellis,

88 1361 180 1394 quae
224 1348 261 1380 in
303 1348 379 1391 ipso
423 1347 562 1379 defectu
605 1357 731 1378 causae
766 1351 849 1378 sunt
883 1349 1087 1376 eventuum.

87 1399 220 1433 Omnia
243 1398 385 1430 minora
411 1398 521 1436 fiunt,
557 1408 636 1429 cum
665 1396 802 1439 eclipsis
826 1394 918 1428 Solis
945 1405 1087 1437 vesper-

86 1450 162 1484 tina
188 1454 258 1489 est,
302 1455 336 1481 et
367 1460 444 1481 cum
470 1446 593 1481 Lunae
622 1447 776 1481 defectus
803 1445 971 1479 matutini
995 1450 1089 1478 sunt.

86 1500 128 1534 In
154 1499 382 1545 oppositione
406 1505 525 1533 autem
546 1501 695 1532 demunt
712 1498 914 1532 dimidium.
970 1496 1088 1529 Matu-

87 1553 155 1586 tini
184 1558 303 1586 autem
327 1551 419 1585 Solis
453 1551 629 1591 defectus,
674 1557 708 1583 et
730 1549 924 1594 vespertini
949 1547 1088 1589 Lunae,

89 1609 221 1648 augent
236 1603 342 1637 mala.

180 1688 303 1729 Quales
327 1687 441 1731 fleturi
468 1689 539 1720 sint
564 1691 700 1720 eventus
725 1687 802 1719 boni
827 1691 885 1720 aut
912 1686 1005 1719 mali.

191 1754 232 1788 In
266 1761 395 1800 quarto
429 1755 542 1799 capite
579 1754 804 1798 propositum
833 1754 922 1794 fuit,
969 1754 1090 1799 quales

90 1806 190 1839 modi
207 1807 279 1840 sint
299 1813 510 1846 eventuum,
539 1812 659 1839 utrum
675 1805 760 1838 boni
773 1831 782 1844 ,
818 1817 865 1837 au
882 1817 967 1837 vero
993 1806 1091 1845 mali,

91 1864 127 1892 et
143 1858 266 1903 quales
284 1858 319 1890 in
335 1864 486 1903 utraque
504 1857 619 1901 specie
635 1857 745 1890 futuri
762 1856 844 1890 sint.
891 1856 968 1889 Hoc
984 1857 1092 1890 sumi-

92 1916 151 1943 tur
173 1921 190 1941 a
210 1914 338 1941 natura
363 1910 545 1942 stellarum
573 1907 858 1947 dominantium,
894 1919 985 1952 quae
1010 1914 1093 1941 sunt

92 1961 131 1993 in
148 1960 351 2004 praecipuis
373 1960 479 2000 locis,
513 1966 547 1992 et
572 1971 693 1992 earum
720 1959 974 1992 commixtione
1000 1959 1093 1992 inter

93 2023 186 2051 sese,
214 2017 248 2043 et
264 2024 342 2043 cum
361 2011 402 2043 iis
419 2011 525 2050 locis,
552 2010 587 2042 in
615 2011 742 2055 quibus
769 2022 841 2044 esse
870 2010 1093 2054 conspiciun-

93 2069 163 2095 tur.
227 2062 319 2095 Nam
345 2062 406 2095 Sol
433 2068 467 2094 et
492 2061 593 2095 Luna
621 2063 878 2105 gubernatores
901 2068 984 2094 sunt
1008 2062 1094 2094 alia-

93 2126 174 2147 rum
204 2114 407 2152 stellarum,
443 2119 476 2146 et
501 2113 714 2157 praecipuae
739 2125 866 2146 causae
888 2119 1094 2152 eventuum,

95 2171 130 2198 et
163 2171 291 2208 regunt
325 2164 507 2197 stellarum
542 2164 725 2205 dominia,
767 2170 801 2197 et
827 2164 1093 2196 dominantium

95 2216 188 2249 vires
211 2222 273 2248 ant
290 2216 521 2255 confirmant,
550 2222 611 2248 aut
628 2214 879 2260 langefaciunt.

200 2266 449 2299 Consideratio
477 2279 560 2299 vero
592 2267 794 2306 stellarum,
839 2278 929 2311 quae
961 2265 1096 2310 praeci-

95 2330 207 2362 puum
235 2318 287 2351 ius
314 2318 350 2350 in
376 2318 630 2351 commixtione
654 2316 804 2358 habent,
833 2317 967 2350 indicat
992 2329 1097 2349 even-

97 2376 197 2402 tuum
224 2370 445 2414 qualitatem.
511 2368 725 2413 Incipiemus
748 2370 857 2413 igitur
881 2370 925 2401 de
951 2368 1097 2412 singulis

98 2420 295 2454 errantium
333 2420 515 2453 stellarum
551 2421 783 2466 qualitatibus
823 2420 953 2453 dicere.
1029 2419 1097 2452 Sed

97 2469 187 2504 haec
199 2472 316 2505 brevis
335 2473 575 2515 praemonitio
591 2472 753 2505 addenda
771 2478 843 2511 est,
874 2471 989 2516 quod,
1017 2483 1096 2504 cum

99 2523 313 2567 generaliter
332 2523 489 2568 aliquam
510 2524 660 2556 nomino
680 2523 877 2556 errantium
902 2523 1098 2562 stellarum,

100 2573 173 2607 vim
199 2573 358 2618 intelligo
383 2575 592 2607 effectricem
619 2575 791 2614 similem,
832 2574 905 2608 sive
934 2574 994 2606 illa
1023 2573 1098 2617 ipsa

100 2625 199 2660 stella
219 2626 443 2666 dominetur,
479 2626 552 2660 sive
578 2626 646 2659 alia
670 2627 737 2659 fixa
760 2626 881 2665 stella,
917 2631 979 2658 aut
1002 2625 1099 2658 locus

100 2676 282 2721 signiferi,
310 2677 460 2710 similem
480 2678 551 2710 vim
569 2675 722 2711 habens:
758 2683 818 2717 ut,
850 2677 879 2710 si
902 2677 945 2709 de
968 2682 1098 2708 natura

100 2735 136 2762 et
154 2728 326 2773 qualitate
344 2728 380 2760 in
398 2741 525 2771 genere
545 2730 719 2768 dicerem,
746 2740 821 2761 non
839 2728 882 2761 de
898 2727 1019 2761 stellis.

154 2786 339 2817 MELANTH.
365 2786 472 2816 open.
494 2787 579 2816 Vm..
602 2786 725 2817 XVIII.

258 140 396 175 XLVII.
443 135 841 174 INTERPRETATIO
870 133 1042 168 OPERIS
1072 130 1461 178 QUADRIPARTITI
1488 128 1770 164 PTOLEMAEI
1798 129 1887 163 LIB.
1912 127 1954 164 ΙΙ.

2076 129 2126 165 50

1236 217 1309 251 Nec
1328 218 1365 250 in
1384 217 1615 250 mixtionibus
1633 222 1772 249 tantum
1799 216 1982 249 stellarum
2007 229 2130 250 erran-

1133 268 1222 301 tium
1253 280 1460 311 congressus
1484 269 1662 311 intelligo,
1706 268 1764 301 sed
1800 267 1950 300 aliarum
1986 280 2129 312 quoque

1132 319 1264 352 similes
1280 325 1427 352 naturas
1439 345 1448 358 ,
1475 320 1547 352 sive
1565 320 1727 358 fixarum,
1755 319 1827 352 sive
1844 318 2006 351 locorum
2023 319 2131 362 signi-

1133 370 1217 410 feri,
1244 376 1283 403 ut
1298 369 1559 402 familiaritates
1575 383 1652 402 cum
1681 371 1882 403 errantibus
1906 382 2012 414 supra
2040 371 2131 403 indi-

1134 427 1232 454 catae
1260 427 1354 454 sunt.

1236 472 1411 504 Saturnus
1437 482 1517 503 cum
1544 471 1639 503 solus
1665 471 1890 511 dominatur,
1919 472 2132 515 generaliter

1135 535 1238 556 causa
1259 529 1310 556 est
1326 521 1600 565 corruptionum
1617 533 1657 553 ex
1675 521 1827 564 frigore,
1865 529 1899 554 et
1923 524 2068 567 proprie
2094 523 2132 555 in

1135 572 1323 607 hominum
1348 573 1560 616 corporibus
1584 573 1729 605 morbos
1758 572 1965 612 diuturnos,
1999 575 2132 613 tabem,

1136 625 1468 669 consumptionem,
1516 636 1607 668 quae
1634 623 1748 655 oritur
1771 635 1811 656 ex
1836 622 2026 664 catarrhis,
2069 623 2134 658 hu-

1136 688 1279 720 morum
1299 675 1620 720 perturbationem,
1648 675 1773 713 fluxus,
1799 681 1991 719 quartanas
2008 677 2135 716 febres,

1137 727 1260 767 exilia,
1288 727 1450 771 inopias,
1476 726 1676 768 angustias,
1712 725 1843 764 luctus,
1878 738 2050 769 pavores,
2082 727 2135 759 in-

1138 779 1280 818 teritus,
1314 778 1469 810 maxime
1495 789 1619 809 senum
1648 776 1762 809 efficit.
1816 776 2016 809 Bestiarum
2037 789 2135 817 vero,

1138 841 1229 874 quae
1245 836 1328 862 sunt
1346 829 1448 862 utiles
1469 826 1692 867 hominibus,
1728 828 1916 871 penuriam
1942 828 2065 868 efficit,
2104 835 2138 861 et

1138 893 1215 920 eas,
1250 893 1341 925 quae
1367 880 1526 925 reliquae
1551 886 1652 918 sunt,
1695 878 1829 911 morbis
1855 879 2011 922 adfligit,
2047 880 2135 912 adeo

1138 939 1177 965 ut
1197 932 1402 975 contagium
1422 932 1466 963 ad
1486 928 1649 964 homines
1667 929 1868 973 perveniat,
1897 930 1958 976 qui
1974 930 2015 963 iis
2033 937 2138 963 utun—

1139 990 1208 1017 tur.
1276 982 1315 1015 In
1340 995 1420 1016 aere
1445 982 1555 1025 frigus
1581 979 1801 1014 horrendum
1828 981 1973 1019 excitat,
2009 982 2139 1025 glacio-

1138 1048 1236 1074 sum,
1265 1034 1475 1068 nebulosum
1497 1040 1530 1066 et
1548 1034 1725 1077 pestilens.
1778 1032 1880 1066 Aeris
1905 1032 2140 1073 turbationes,

1140 1087 1266 1119 densas
1283 1086 1414 1125 nubes,
1442 1085 1628 1128 caligines,
1658 1083 1819 1127 copiosas
1834 1083 1952 1123 nives,
1980 1096 2054 1116 non
2071 1084 2139 1118 uti-

1140 1138 1207 1177 les,
1248 1138 1309 1170 sed
1336 1138 1545 1175 damnosas,
1590 1141 1623 1167 et
1656 1136 1750 1167 unde
1779 1141 1959 1179 serpentes
1984 1135 2141 1169 nocituri

1140 1186 1347 1221 hominibus
1365 1194 1571 1221 nascuntur.
1626 1185 1664 1218 In
1687 1186 1803 1220 fluviis
1821 1192 1854 1220 et
1873 1187 1965 1219 mari
1981 1199 2140 1219 commu-

1141 1239 1235 1272 niter
1257 1251 1380 1272 saevas
1406 1243 1633 1282 tempestates
1666 1243 1699 1269 et
1732 1237 1939 1281 naufragia,
1982 1238 2140 1271 difficiles

1141 1303 1283 1330 cursus,
1326 1290 1515 1334 penuriam
1544 1295 1578 1321 et
1607 1288 1792 1322 interitum
1823 1289 1992 1334 piscium;
2033 1301 2072 1322 ac
2104 1289 2142 1321 in

1142 1341 1234 1374 mari
1256 1342 1484 1385 peculiariter
1508 1352 1663 1374 recessus
1687 1352 1821 1385 aquae,
1850 1340 2073 1374 destituentis
2092 1340 2142 1373 al·-

1141 1405 1245 1425 veum
1266 1399 1300 1425 et
1316 1393 1487 1429 refluxus;
1533 1392 1570 1424 in
1594 1390 1710 1424 fluviis
1729 1404 1814 1424 vero
1834 1391 2092 1425 exundationes
2109 1397 2143 1424 et

1142 1456 1317 1488 aquarum
1338 1443 1619 1487 corruptionem.
1669 1441 1710 1474 In
1736 1449 1851 1483 terra,
1883 1443 2063 1476 fructuum
2088 1454 2144 1475 ca-

1142 1495 1283 1527 ritatem
1297 1520 1305 1534 ,
1333 1495 1524 1539 penuriam
1543 1499 1576 1526 et
1592 1493 1814 1534 vastitatem,
1849 1494 2003 1527 maxime
2024 1506 2144 1527 neces-

1142 1546 1320 1580 sariorum
1347 1548 1390 1579 ad
1413 1546 1565 1586 victum,
1601 1556 1662 1579 seu
1687 1557 1751 1588 per
1776 1557 1898 1579 erucas
1922 1551 1956 1578 et
1978 1545 2144 1585 locustas,

1143 1610 1205 1632 seu
1236 1610 1300 1642 per
1334 1597 1468 1631 diluvia
1503 1603 1535 1630 et
1568 1595 1717 1636 imbres,
1767 1609 1828 1630 seu
1853 1609 1917 1641 per
1941 1596 2145 1641 grandines,

1144 1662 1185 1682 eo
1222 1661 1334 1694 usque
1366 1656 1407 1682 ut
1438 1647 1602 1682 homines
1641 1648 1734 1681 fame
1766 1655 1800 1682 et
1833 1648 2008 1682 similibus
2042 1647 2145 1684 malis

1144 1707 1304 1746 pereant.

1246 1751 1382 1796 Iupiter
1401 1764 1479 1785 cum
1496 1751 1591 1786 solus
1610 1751 1834 1793 dominatur,
1862 1753 2075 1797 generaliter
2091 1753 2145 1786 in—

1145 1810 1325 1836 crementa
1362 1804 1485 1844 efficit,
1533 1815 1685 1849 cumque
1721 1810 1867 1838 eventus
1903 1806 1946 1838 ad
1979 1803 2145 1838 homines

1146 1855 1344 1899 pertinent,
1373 1855 1545 1899 gloriam,
1572 1854 1815 1896 fertilitatem,
1847 1856 2146 1902 tranquillitatem

1146 1913 1180 1939 et
1196 1917 1319 1950 pacem
1343 1906 1537 1950 significat;
1573 1912 1677 1950 auget
1700 1918 1774 1939 rem
1800 1907 2034 1947 familiarem,
2069 1919 2146 1940 cor-

1146 1958 1244 2002 poris
1262 1963 1295 1990 et
1313 1957 1424 1989 animi
1448 1958 1543 1991 bona
1569 1951 1685 1997 fovet,
1721 1958 1890 1991 beneficia
1915 1965 1950 1991 et
1975 1959 2069 1991 dona
2090 1970 2145 1991 re—

1147 2021 1230 2053 gum
1254 2009 1452 2053 promittit,
1482 2016 1515 2042 et
1543 2010 1800 2052 gubernatores
1828 2010 1923 2054 ipsos
1950 2010 2062 2054 gloria
2089 2021 2146 2042 or-

1147 2066 1228 2098 11at;
1257 2060 1350 2092 acin
1372 2072 1501 2104 genere
1525 2060 1704 2093 bonorum
1729 2073 1831 2095 causa
1857 2067 1918 2095 est.
1971 2061 2146 2093 Animan-

1148 2111 1237 2144 tium
1257 2123 1342 2144 vero
1355 2138 1364 2150 ,
1393 2124 1483 2156 quae
1501 2112 1621 2146 usibus
1638 2109 1804 2146 humanis
1820 2112 1999 2151 serviunt,
2026 2111 2146 2145 multi-

1148 2163 1310 2195 tudinem
1337 2163 1529 2206 significat‚
1571 2170 1604 2196 et
1630 2163 1774 2196 exitium
1802 2170 1925 2197 contra
1952 2163 2013 2203 iis,
2052 2175 2145 2208 quae

1148 2220 1279 2246 nocent
1296 2211 1513 2248 homiuibus.
1563 2213 1602 2247 In
1620 2226 1700 2247 aere
1718 2222 1856 2254 autem,
1884 2221 2146 2258 temperamen-

1149 2272 1225 2298 tum
1244 2266 1393 2305 bouum,
1419 2266 1572 2304 salubre,
1602 2272 1801 2305 ventosum,
1829 2264 2030 2306 humidum,
2049 2266 2147 2300 alens

1150 2328 1206 2350 res
1223 2322 1316 2349 terra
1338 2323 1542 2357 nascentes,
1571 2317 1716 2349 navium
1743 2329 1864 2350 cursus
1887 2316 2004 2357 iuvat,
2030 2316 2147 2350 flumi-

1151 2380 1235 2400 num
1258 2367 1450 2400 mediocria
1470 2368 1706 2408 incrementa,
1725 2374 1759 2401 et
1776 2369 1916 2412 frugum
1934 2368 2093 2411 copiam,
2113 2374 2147 2401 et

1150 2417 1205 2452 his
1223 2418 1352 2452 similia
1371 2419 1486 2452 efficit.

1255 2470 1354 2503 Mars
1373 2482 1457 2502 vero
1485 2469 1580 2503 solus
1605 2469 1807 2502 dominium
1830 2475 1974 2509 nactus,
2000 2481 2147 2513 genera-

1151 2520 1231 2553 liter
1250 2520 1491 2564 corruptionis
1508 2533 1610 2555 causa
1631 2527 1681 2554 est
1695 2527 1842 2565 propter
1858 2520 2062 2554 siccitatem.
2102 2520 2149 2553 Et

1152 2585 1231 2606 cum
1249 2578 1396 2605 eventus
1414 2572 1457 2603 ad
1475 2569 1638 2606 homines
1656 2572 1853 2616 pertinent,
1882 2571 1948 2604 ciet
1965 2572 2068 2609 bella,
2095 2582 2148 2604 se-

1152 2623 1306 2657 ditiones
1324 2622 1530 2663 intestinas,
1557 2623 1799 2668 captivitates,
1832 2622 1965 2656 excidia
1991 2621 2148 2662 urbium,

1152 2674 1278 2719 populi
1295 2674 1487 2714 tumultus,
1514 2675 1716 2719 principum
1735 2675 1826 2714 iras,
1855 2680 1889 2707 et
1905 2679 2052 2717 propter
2069 2685 2148 2706 eam

1152 2738 1294 2760 causam
1311 2725 1447 2759 subitas
1464 2737 1587 2766 neces,
1623 2732 1809 2770 praeterea
1833 2731 1867 2758 et
1889 2725 2004 2758 febres
2026 2723 2149 2757 tertia—

1710 2776 1734 2811 4
