<?xml version="1.0" encoding="UTF-8"?>
<!DOCTYPE html PUBLIC "-//W3C//DTD XHTML 1.0 Transitional//EN"
    "http://www.w3.org/TR/xhtml1/DTD/xhtml1-transitional.dtd">
<html xmlns="http://www.w3.org/1999/xhtml" xml:lang="en" lang="en">
 <head>
  <title>
</title>
<meta http-equiv="Content-Type" content="text/html;charset=utf-8" />
  <meta name='ocr-system' content='tesseract 3.04.00' />
  <meta name='ocr-capabilities' content='ocr_page ocr_carea ocr_par ocr_line ocrx_word'/>
</head>
<body>
  <div class='ocr_page' id='page_1' title='image "./operaquaesupersu18melauoft/operaquaesupersu18melauoft_0121.png"; bbox 0 0 2373 2980; ppageno 0'>
   <div class='ocr_carea' id='block_1_1' title="bbox 131 98 443 139">
    <p class='ocr_par' dir='ltr' id='par_1_1' title="bbox 131 98 443 139">
     <span class='ocr_line' id='line_1_1' title="bbox 131 98 443 139; baseline -0.016 -1"><span class='ocrx_word' id='word_1_1' title='bbox 131 102 208 139; x_wconf 87' lang='grc'><strong>217</strong></span> <span class='ocrx_word' id='word_1_2' title='bbox 370 98 443 134; x_wconf 90' lang='lat' dir='ltr'><strong>LII.</strong></span> 
     </span>
    </p>
   </div>
   <div class='ocr_carea' id='block_1_2' title="bbox 123 184 1129 2087">
    <p class='ocr_par' dir='ltr' id='par_1_2' title="bbox 131 184 1128 487">
     <span class='ocr_line' id='line_1_2' title="bbox 133 184 1128 233; baseline -0.004 -13"><span class='ocrx_word' id='word_1_3' title='bbox 133 188 291 233; x_wconf 79' lang='lat' dir='ltr'>duplices</span> <span class='ocrx_word' id='word_1_4' title='bbox 309 192 401 220; x_wconf 84' lang='lat' dir='ltr'>artes</span> <span class='ocrx_word' id='word_1_5' title='bbox 418 186 570 230; x_wconf 83' lang='lat' dir='ltr'>parandi</span> <span class='ocrx_word' id='word_1_6' title='bbox 588 185 701 219; x_wconf 86' lang='lat' dir='ltr'>victus</span> <span class='ocrx_word' id='word_1_7' title='bbox 716 184 892 228; x_wconf 83' lang='lat' dir='ltr'>intelligit.</span> <span class='ocrx_word' id='word_1_8' title='bbox 954 185 1044 218; x_wconf 90' lang='lat' dir='ltr'>Sunt</span> <span class='ocrx_word' id='word_1_9' title='bbox 1067 185 1128 229; x_wconf 86' lang='lat' dir='ltr'>qui</span> 
     </span>
     <span class='ocr_line' id='line_1_3' title="bbox 132 235 1128 275; baseline -0.006 -2"><span class='ocrx_word' id='word_1_10' title='bbox 132 252 259 274; x_wconf 90' lang='lat' dir='ltr'>manus</span> <span class='ocrx_word' id='word_1_11' title='bbox 292 238 329 270; x_wconf 91' lang='lat' dir='ltr'>in</span> <span class='ocrx_word' id='word_1_12' title='bbox 354 237 488 270; x_wconf 87' lang='lat' dir='ltr'>alienas</span> <span class='ocrx_word' id='word_1_13' title='bbox 511 237 697 270; x_wconf 73' lang='lat' dir='ltr'>facultates</span> <span class='ocrx_word' id='word_1_14' title='bbox 732 235 916 275; x_wconf 75' lang='lat' dir='ltr'>inficiunt,</span> <span class='ocrx_word' id='word_1_15' title='bbox 950 242 983 268; x_wconf 88' lang='lat' dir='ltr'>et</span> <span class='ocrx_word' id='word_1_16' title='bbox 1009 236 1043 267; x_wconf 77' lang='lat' dir='ltr'>vi</span> <span class='ocrx_word' id='word_1_17' title='bbox 1072 247 1128 267; x_wconf 88' lang='lat' dir='ltr'>ra-</span> 
     </span>
     <span class='ocr_line' id='line_1_4' title="bbox 134 286 1128 336; baseline -0.006 -12"><span class='ocrx_word' id='word_1_18' title='bbox 134 292 256 336; x_wconf 85' lang='lat' dir='ltr'>piunt,</span> <span class='ocrx_word' id='word_1_19' title='bbox 289 286 354 321; x_wconf 88' lang='lat' dir='ltr'>hos</span> <span class='ocrx_word' id='word_1_20' title='bbox 378 294 541 332; x_wconf 76' lang='lat' dir='ltr'>raptores</span> <span class='ocrx_word' id='word_1_21' title='bbox 565 288 754 320; x_wconf 87' lang='lat' dir='ltr'>nominare</span> <span class='ocrx_word' id='word_1_22' title='bbox 779 286 909 320; x_wconf 78' lang='lat' dir='ltr'><strong>licebit.</strong></span> <span class='ocrx_word' id='word_1_23' title='bbox 969 287 1042 321; x_wconf 81' lang='lat' dir='ltr'>Alii</span> <span class='ocrx_word' id='word_1_24' title='bbox 1064 298 1128 330; x_wconf 89' lang='lat' dir='ltr'>per</span> 
     </span>
     <span class='ocr_line' id='line_1_5' title="bbox 132 338 1127 383; baseline -0.006 -8"><span class='ocrx_word' id='word_1_25' title='bbox 132 341 295 375; x_wconf 85' lang='lat' dir='ltr'>fraudem</span> <span class='ocrx_word' id='word_1_26' title='bbox 322 345 356 372; x_wconf 88' lang='lat' dir='ltr'>et</span> <span class='ocrx_word' id='word_1_27' title='bbox 387 339 543 383; x_wconf 86' lang='lat' dir='ltr'>periuria</span> <span class='ocrx_word' id='word_1_28' title='bbox 573 339 742 372; x_wconf 75' lang='lat' dir='ltr'>ditescere</span> <span class='ocrx_word' id='word_1_29' title='bbox 772 338 938 382; x_wconf 87' lang='lat' dir='ltr'>cupiunt,</span> <span class='ocrx_word' id='word_1_30' title='bbox 972 350 1127 383; x_wconf 88' lang='lat' dir='ltr'>quorum</span> 
     </span>
     <span class='ocr_line' id='line_1_6' title="bbox 132 389 1124 435; baseline -0.005 -10"><span class='ocrx_word' id='word_1_31' title='bbox 132 402 262 435; x_wconf 82' lang='lat' dir='ltr'>magna</span> <span class='ocrx_word' id='word_1_32' title='bbox 286 390 420 435; x_wconf 87' lang='lat' dir='ltr'>ubique</span> <span class='ocrx_word' id='word_1_33' title='bbox 451 390 552 434; x_wconf 88' lang='lat' dir='ltr'>copia</span> <span class='ocrx_word' id='word_1_34' title='bbox 583 397 645 423; x_wconf 89' lang='lat' dir='ltr'>est.</span> <span class='ocrx_word' id='word_1_35' title='bbox 706 389 752 421; x_wconf 87' lang='lat' dir='ltr'>Hi</span> <span class='ocrx_word' id='word_1_36' title='bbox 779 396 882 429; x_wconf 87' lang='lat' dir='ltr'>sunt,</span> <span class='ocrx_word' id='word_1_37' title='bbox 916 390 977 434; x_wconf 91' lang='lat' dir='ltr'>qui</span> <span class='ocrx_word' id='word_1_38' title='bbox 1005 389 1124 432; x_wconf 84' lang='lat' dir='ltr'>lingua</span> 
     </span>
     <span class='ocr_line' id='line_1_7' title="bbox 131 441 758 487; baseline -0.002 -12"><span class='ocrx_word' id='word_1_39' title='bbox 131 443 370 487; x_wconf 77' lang='lat' dir='ltr'>praedantur,</span> <span class='ocrx_word' id='word_1_40' title='bbox 396 441 431 473; x_wconf 90' lang='lat' dir='ltr'>id</span> <span class='ocrx_word' id='word_1_41' title='bbox 457 447 527 480; x_wconf 86' lang='lat' dir='ltr'>est,</span> <span class='ocrx_word' id='word_1_42' title='bbox 551 441 758 474; x_wconf 75' lang='lat' dir='ltr'>mendaciis.</span> 
     </span>
    </p>

    <p class='ocr_par' dir='ltr' id='par_1_3' title="bbox 130 496 1129 749">
     <span class='ocr_line' id='line_1_8' title="bbox 236 496 1129 546; baseline -0.002 -12"><span class='ocrx_word' id='word_1_43' title='bbox 236 515 269 535; x_wconf 82' lang='lat' dir='ltr'><strong>v.</strong></span> <span class='ocrx_word' id='word_1_44' title='bbox 295 499 382 536; x_wconf 88' lang='grc'><strong>325.</strong></span> <span class='ocrx_word' id='word_1_45' title='bbox 408 500 528 546; x_wconf 88' lang='grc'><strong>(323.)</strong></span> <span class='ocrx_word' id='word_1_46' title='bbox 585 496 681 534; x_wconf 60' lang='lat' dir='ltr'>‘Pelei</span> <span class='ocrx_word' id='word_1_47' title='bbox 713 498 757 534; x_wconf 76' lang='grc' dir='ltr'><em>τέ</em></span> <span class='ocrx_word' id='word_1_48' title='bbox 783 512 849 545; x_wconf 81' lang='grc' dir='ltr'>μιν</span> <span class='ocrx_word' id='word_1_49' title='bbox 863 499 910 543; x_wconf 70' lang='grc'>72)</span> <span class='ocrx_word' id='word_1_50' title='bbox 939 501 1129 545; x_wconf 73' lang='grc' dir='ltr'><em>μαυροῦσι</em></span> 
     </span>
     <span class='ocr_line' id='line_1_9' title="bbox 130 550 1128 600; baseline -0.005 -13"><span class='ocrx_word' id='word_1_51' title='bbox 130 550 232 600; x_wconf 76' lang='grc' dir='ltr'><strong><em>θεοὶ]</em></strong></span> <span class='ocrx_word' id='word_1_52' title='bbox 265 552 534 585; x_wconf 78' lang='lat' dir='ltr'>validissimum</span> <span class='ocrx_word' id='word_1_53' title='bbox 561 558 811 594; x_wconf 78' lang='lat' dir='ltr'>argumentum</span> <span class='ocrx_word' id='word_1_54' title='bbox 845 557 914 590; x_wconf 85' lang='lat' dir='ltr'>est,</span> <span class='ocrx_word' id='word_1_55' title='bbox 952 563 1023 595; x_wconf 90' lang='lat' dir='ltr'>quo</span> <span class='ocrx_word' id='word_1_56' title='bbox 1049 551 1128 583; x_wconf 86' lang='lat' dir='ltr'>abs-</span> 
     </span>
     <span class='ocr_line' id='line_1_10' title="bbox 131 601 1128 641; baseline -0.004 -4"><span class='ocrx_word' id='word_1_57' title='bbox 131 609 313 637; x_wconf 86' lang='lat' dir='ltr'>terrentur</span> <span class='ocrx_word' id='word_1_58' title='bbox 343 601 509 635; x_wconf 88' lang='lat' dir='ltr'>homines</span> <span class='ocrx_word' id='word_1_59' title='bbox 543 613 562 634; x_wconf 87' lang='lat' dir='ltr'>a</span> <span class='ocrx_word' id='word_1_60' title='bbox 587 602 803 641; x_wconf 76' lang='lat' dir='ltr'>malefactis,</span> <span class='ocrx_word' id='word_1_61' title='bbox 834 601 998 634; x_wconf 85' lang='lat' dir='ltr'>videlicet</span> <span class='ocrx_word' id='word_1_62' title='bbox 1030 607 1128 633; x_wconf 89' lang='lat' dir='ltr'>metu</span> 
     </span>
     <span class='ocr_line' id='line_1_11' title="bbox 130 652 1129 698; baseline -0.004 -11"><span class='ocrx_word' id='word_1_63' title='bbox 130 666 346 698; x_wconf 87' lang='lat' dir='ltr'>poenarum.</span> <span class='ocrx_word' id='word_1_64' title='bbox 397 653 516 698; x_wconf 79' lang='lat' dir='ltr'>Atque</span> <span class='ocrx_word' id='word_1_65' title='bbox 543 664 584 685; x_wconf 85' lang='lat' dir='ltr'>ea</span> <span class='ocrx_word' id='word_1_66' title='bbox 609 659 661 686; x_wconf 89' lang='lat' dir='ltr'>est</span> <span class='ocrx_word' id='word_1_67' title='bbox 691 653 845 686; x_wconf 83' lang='lat' dir='ltr'>secunda</span> <span class='ocrx_word' id='word_1_68' title='bbox 871 665 954 697; x_wconf 89' lang='lat' dir='ltr'>pars</span> <span class='ocrx_word' id='word_1_69' title='bbox 978 652 1129 685; x_wconf 86' lang='lat' dir='ltr'>circum-</span> 
     </span>
     <span class='ocr_line' id='line_1_12' title="bbox 131 703 850 749; baseline -0.001 -11"><span class='ocrx_word' id='word_1_70' title='bbox 131 704 329 743; x_wconf 84' lang='lat' dir='ltr'>ductionis,</span> <span class='ocrx_word' id='word_1_71' title='bbox 352 716 420 749; x_wconf 87' lang='lat' dir='ltr'>qua</span> <span class='ocrx_word' id='word_1_72' title='bbox 447 703 601 737; x_wconf 81' lang='lat' dir='ltr'>absolvit</span> <span class='ocrx_word' id='word_1_73' title='bbox 623 704 850 737; x_wconf 79' lang='lat' dir='ltr'>sententiam.</span> 
     </span>
    </p>

    <p class='ocr_par' dir='ltr' id='par_1_4' title="bbox 130 759 1129 1318">
     <span class='ocr_line' id='line_1_13' title="bbox 233 759 1129 809; baseline -0.001 -12"><span class='ocrx_word' id='word_1_74' title='bbox 233 777 267 799; x_wconf 73' lang='lat' dir='ltr'><strong>v.</strong></span> <span class='ocrx_word' id='word_1_75' title='bbox 293 764 378 799; x_wconf 88' lang='grc'><strong>327.</strong></span> <span class='ocrx_word' id='word_1_76' title='bbox 405 762 526 809; x_wconf 88' lang='grc'><strong>(325.)</strong></span> <span class='ocrx_word' id='word_1_77' title='bbox 572 759 667 797; x_wconf 63' lang='grc' dir='ltr'><strong><em>’[σον</em></strong></span> <span class='ocrx_word' id='word_1_78' title='bbox 692 761 723 797; x_wconf 73' lang='grc' dir='ltr'>δ’</span> <span class='ocrx_word' id='word_1_79' title='bbox 751 761 790 801; x_wconf 70' lang='grc' dir='ltr'>ὅς</span> <span class='ocrx_word' id='word_1_80' title='bbox 812 761 850 796; x_wconf 72' lang='grc' dir='ltr'>θ’</span> <span class='ocrx_word' id='word_1_81' title='bbox 869 761 1012 808; x_wconf 71' lang='grc' dir='ltr'><em>ἱκέτην,</em></span> <span class='ocrx_word' id='word_1_82' title='bbox 1038 760 1076 801; x_wconf 79' lang='grc' dir='ltr'>ὅς</span> <span class='ocrx_word' id='word_1_83' title='bbox 1090 775 1129 796; x_wconf 77' lang='grc' dir='ltr'>τε</span> 
     </span>
     <span class='ocr_line' id='line_1_14' title="bbox 132 811 1128 860; baseline -0.005 -10"><span class='ocrx_word' id='word_1_84' title='bbox 132 816 252 856; x_wconf 80' lang='grc' dir='ltr'>ξεῖνον</span> <span class='ocrx_word' id='word_1_85' title='bbox 275 813 393 850; x_wconf 77' lang='grc' dir='ltr'><strong><em>κακὸν</em></strong></span> <span class='ocrx_word' id='word_1_86' title='bbox 415 811 579 860; x_wconf 70' lang='grc' dir='ltr'><strong>ἐ’ρξει73)]</strong></span> <span class='ocrx_word' id='word_1_87' title='bbox 614 814 783 859; x_wconf 73' lang='lat' dir='ltr'>Sequitur</span> <span class='ocrx_word' id='word_1_88' title='bbox 813 814 993 857; x_wconf 84' lang='lat' dir='ltr'>catalogus</span> <span class='ocrx_word' id='word_1_89' title='bbox 1026 825 1128 857; x_wconf 84' lang='lat' dir='ltr'>prae-</span> 
     </span>
     <span class='ocr_line' id='line_1_15' title="bbox 132 864 1129 911; baseline -0.005 -11"><span class='ocrx_word' id='word_1_90' title='bbox 132 872 316 911; x_wconf 86' lang='lat' dir='ltr'>ceptorum</span> <span class='ocrx_word' id='word_1_91' title='bbox 336 867 378 899; x_wconf 89' lang='lat' dir='ltr'>de</span> <span class='ocrx_word' id='word_1_92' title='bbox 396 865 505 898; x_wconf 78' lang='lat' dir='ltr'>variis</span> <span class='ocrx_word' id='word_1_93' title='bbox 523 865 658 899; x_wconf 83' lang='lat' dir='ltr'>officiis.</span> <span class='ocrx_word' id='word_1_94' title='bbox 711 864 807 897; x_wconf 83' lang='lat' dir='ltr'>Idem</span> <span class='ocrx_word' id='word_1_95' title='bbox 820 892 829 904; x_wconf 85' lang='lat'>,</span> <span class='ocrx_word' id='word_1_96' title='bbox 846 865 977 910; x_wconf 84' lang='lat' dir='ltr'>inquit,</span> <span class='ocrx_word' id='word_1_97' title='bbox 996 871 1046 898; x_wconf 91' lang='lat' dir='ltr'>est</span> <span class='ocrx_word' id='word_1_98' title='bbox 1067 864 1129 896; x_wconf 82' lang='lat' dir='ltr'>ssa-</span> 
     </span>
     <span class='ocr_line' id='line_1_16' title="bbox 131 915 1128 962; baseline -0.004 -12"><span class='ocrx_word' id='word_1_99' title='bbox 131 918 257 962; x_wconf 87' lang='lat' dir='ltr'>gitium</span> <span class='ocrx_word' id='word_1_100' title='bbox 283 915 461 961; x_wconf 85' lang='lat' dir='ltr'>hospitem</span> <span class='ocrx_word' id='word_1_101' title='bbox 494 917 634 948; x_wconf 90' lang='lat' dir='ltr'>laedere</span> <span class='ocrx_word' id='word_1_102' title='bbox 659 922 692 948; x_wconf 91' lang='lat' dir='ltr'>et</span> <span class='ocrx_word' id='word_1_103' title='bbox 716 916 923 960; x_wconf 84' lang='lat' dir='ltr'>supplicem.</span> <span class='ocrx_word' id='word_1_104' title='bbox 979 915 1128 948; x_wconf 79' lang='lat' dir='ltr'>Maximi</span> 
     </span>
     <span class='ocr_line' id='line_1_17' title="bbox 130 965 1129 1014; baseline -0.003 -12"><span class='ocrx_word' id='word_1_105' title='bbox 130 981 288 1014; x_wconf 85' lang='lat' dir='ltr'>namque</span> <span class='ocrx_word' id='word_1_106' title='bbox 313 969 398 1001; x_wconf 86' lang='lat' dir='ltr'>olim</span> <span class='ocrx_word' id='word_1_107' title='bbox 430 965 606 1011; x_wconf 83' lang='lat' dir='ltr'>hospitale</span> <span class='ocrx_word' id='word_1_108' title='bbox 637 967 691 1000; x_wconf 90' lang='lat' dir='ltr'>ius</span> <span class='ocrx_word' id='word_1_109' title='bbox 716 968 835 1001; x_wconf 86' lang='lat' dir='ltr'>fiebat.</span> <span class='ocrx_word' id='word_1_110' title='bbox 892 966 939 1000; x_wconf 83' lang='lat' dir='ltr'>Et</span> <span class='ocrx_word' id='word_1_111' title='bbox 966 973 1050 999; x_wconf 85' lang='lat' dir='ltr'>nota</span> <span class='ocrx_word' id='word_1_112' title='bbox 1078 973 1129 1000; x_wconf 92' lang='lat' dir='ltr'>est</span> 
     </span>
     <span class='ocr_line' id='line_1_18' title="bbox 130 1017 1127 1063; baseline -0.002 -11"><span class='ocrx_word' id='word_1_113' title='bbox 130 1018 283 1053; x_wconf 86' lang='lat' dir='ltr'>historia</span> <span class='ocrx_word' id='word_1_114' title='bbox 317 1020 360 1052; x_wconf 89' lang='lat' dir='ltr'>de</span> <span class='ocrx_word' id='word_1_115' title='bbox 385 1019 570 1063; x_wconf 87' lang='lat' dir='ltr'>Campano</span> <span class='ocrx_word' id='word_1_116' title='bbox 603 1018 664 1051; x_wconf 89' lang='lat' dir='ltr'>illo</span> <span class='ocrx_word' id='word_1_117' title='bbox 698 1025 732 1051; x_wconf 86' lang='lat' dir='ltr'>et</span> <span class='ocrx_word' id='word_1_118' title='bbox 754 1018 922 1051; x_wconf 80' lang='lat' dir='ltr'>Romano</span> <span class='ocrx_word' id='word_1_119' title='bbox 947 1018 1058 1051; x_wconf 90' lang='lat' dir='ltr'>milite</span> <span class='ocrx_word' id='word_1_120' title='bbox 1070 1017 1127 1062; x_wconf 52' lang='grc' dir='ltr'>ἨῙ).</span> 
     </span>
     <span class='ocr_line' id='line_1_19' title="bbox 131 1068 1127 1114; baseline -0.004 -10"><span class='ocrx_word' id='word_1_121' title='bbox 131 1070 246 1104; x_wconf 91' lang='lat' dir='ltr'>Multa</span> <span class='ocrx_word' id='word_1_122' title='bbox 279 1068 534 1114; x_wconf 77' lang='lat' dir='ltr'>hospitalitatis</span> <span class='ocrx_word' id='word_1_123' title='bbox 565 1070 701 1102; x_wconf 88' lang='lat' dir='ltr'>mentio</span> <span class='ocrx_word' id='word_1_124' title='bbox 725 1070 763 1102; x_wconf 89' lang='lat' dir='ltr'>fit</span> <span class='ocrx_word' id='word_1_125' title='bbox 797 1072 892 1114; x_wconf 88' lang='lat' dir='ltr'>apud</span> <span class='ocrx_word' id='word_1_126' title='bbox 916 1069 1127 1102; x_wconf 85' lang='lat' dir='ltr'>Homerum.</span> 
     </span>
     <span class='ocr_line' id='line_1_20' title="bbox 130 1120 1128 1166; baseline -0.004 -10"><span class='ocrx_word' id='word_1_127' title='bbox 130 1122 204 1157; x_wconf 90' lang='lat' dir='ltr'>Nec</span> <span class='ocrx_word' id='word_1_128' title='bbox 226 1120 386 1154; x_wconf 90' lang='lat' dir='ltr'>hominis</span> <span class='ocrx_word' id='word_1_129' title='bbox 409 1121 584 1154; x_wconf 75' lang='lat' dir='ltr'>vocabulo</span> <span class='ocrx_word' id='word_1_130' title='bbox 609 1120 708 1164; x_wconf 83' lang='lat' dir='ltr'>digni</span> <span class='ocrx_word' id='word_1_131' title='bbox 733 1127 835 1160; x_wconf 81' lang='lat' dir='ltr'>sunt,</span> <span class='ocrx_word' id='word_1_132' title='bbox 863 1121 923 1166; x_wconf 90' lang='lat' dir='ltr'>qui</span> <span class='ocrx_word' id='word_1_133' title='bbox 948 1133 1026 1153; x_wconf 88' lang='lat' dir='ltr'>eam</span> <span class='ocrx_word' id='word_1_134' title='bbox 1054 1131 1128 1152; x_wconf 84' lang='lat' dir='ltr'>non</span> 
     </span>
     <span class='ocr_line' id='line_1_21' title="bbox 131 1170 1128 1216; baseline -0.002 -11"><span class='ocrx_word' id='word_1_135' title='bbox 131 1185 173 1206; x_wconf 86' lang='lat' dir='ltr'>ex</span> <span class='ocrx_word' id='word_1_136' title='bbox 201 1172 322 1205; x_wconf 79' lang='lat' dir='ltr'>animo</span> <span class='ocrx_word' id='word_1_137' title='bbox 355 1178 541 1216; x_wconf 81' lang='lat' dir='ltr'>praestant</span> <span class='ocrx_word' id='word_1_138' title='bbox 572 1171 762 1215; x_wconf 80' lang='lat' dir='ltr'>peregrino</span> <span class='ocrx_word' id='word_1_139' title='bbox 802 1178 836 1204; x_wconf 87' lang='lat' dir='ltr'>et</span> <span class='ocrx_word' id='word_1_140' title='bbox 880 1171 1008 1215; x_wconf 87' lang='lat' dir='ltr'>egenti.</span> <span class='ocrx_word' id='word_1_141' title='bbox 1083 1170 1128 1202; x_wconf 85' lang='lat' dir='ltr'>Et</span> 
     </span>
     <span class='ocr_line' id='line_1_22' title="bbox 130 1221 1129 1267; baseline -0.004 -10"><span class='ocrx_word' id='word_1_142' title='bbox 130 1222 265 1267; x_wconf 86' lang='lat' dir='ltr'>Iupiter</span> <span class='ocrx_word' id='word_1_143' title='bbox 289 1221 404 1262; x_wconf 73' lang='grc' dir='ltr'><strong><em>ξένιος</em></strong></span> <span class='ocrx_word' id='word_1_144' title='bbox 426 1223 540 1254; x_wconf 88' lang='lat' dir='ltr'>dictus</span> <span class='ocrx_word' id='word_1_145' title='bbox 565 1228 636 1261; x_wconf 84' lang='lat' dir='ltr'>est,</span> <span class='ocrx_word' id='word_1_146' title='bbox 662 1224 756 1267; x_wconf 85' lang='lat' dir='ltr'>quod</span> <span class='ocrx_word' id='word_1_147' title='bbox 781 1222 815 1254; x_wconf 88' lang='lat' dir='ltr'>in</span> <span class='ocrx_word' id='word_1_148' title='bbox 837 1223 910 1256; x_wconf 87' lang='lat' dir='ltr'>eius</span> <span class='ocrx_word' id='word_1_149' title='bbox 932 1223 1038 1255; x_wconf 88' lang='lat' dir='ltr'>tutela</span> <span class='ocrx_word' id='word_1_150' title='bbox 1059 1221 1129 1255; x_wconf 90' lang='lat' dir='ltr'>sint</span> 
     </span>
     <span class='ocr_line' id='line_1_23' title="bbox 130 1272 887 1318; baseline -0.003 -11"><span class='ocrx_word' id='word_1_151' title='bbox 130 1272 300 1318; x_wconf 87' lang='lat' dir='ltr'>hospites.</span> <span class='ocrx_word' id='word_1_152' title='bbox 353 1273 459 1305; x_wconf 88' lang='lat' dir='ltr'>Unde</span> <span class='ocrx_word' id='word_1_153' title='bbox 484 1279 535 1305; x_wconf 89' lang='lat' dir='ltr'>est</span> <span class='ocrx_word' id='word_1_154' title='bbox 559 1272 646 1305; x_wconf 90' lang='lat' dir='ltr'>illud</span> <span class='ocrx_word' id='word_1_155' title='bbox 672 1272 887 1318; x_wconf 76' lang='lat' dir='ltr'>Virgilii⁷⁵):</span> 
     </span>
    </p>

    <p class='ocr_par' dir='ltr' id='par_1_5' title="bbox 128 1331 1128 1530">
     <span class='ocr_line' id='line_1_24' title="bbox 174 1331 1114 1370; baseline -0.001 -9"><span class='ocrx_word' id='word_1_156' title='bbox 174 1333 331 1370; x_wconf 85' lang='lat' dir='ltr'>Iuppiter,</span> <span class='ocrx_word' id='word_1_157' title='bbox 352 1332 512 1369; x_wconf 88' lang='lat' dir='ltr'>hospitibus</span> <span class='ocrx_word' id='word_1_158' title='bbox 535 1340 601 1358; x_wconf 86' lang='lat' dir='ltr'>nam</span> <span class='ocrx_word' id='word_1_159' title='bbox 625 1337 655 1359; x_wconf 85' lang='lat' dir='ltr'>te</span> <span class='ocrx_word' id='word_1_160' title='bbox 678 1331 748 1359; x_wconf 84' lang='lat' dir='ltr'>dare</span> <span class='ocrx_word' id='word_1_161' title='bbox 771 1332 834 1360; x_wconf 87' lang='lat' dir='ltr'>iura</span> <span class='ocrx_word' id='word_1_162' title='bbox 856 1332 1033 1369; x_wconf 82' lang='lat' dir='ltr'>loquuntur,</span> <span class='ocrx_word' id='word_1_163' title='bbox 1057 1336 1114 1360; x_wconf 81' lang='lat' dir='ltr'>etc.</span> 
     </span>
     <span class='ocr_line' id='line_1_25' title="bbox 128 1381 1127 1428; baseline -0.002 -12"><span class='ocrx_word' id='word_1_164' title='bbox 128 1384 234 1428; x_wconf 90' lang='lat' dir='ltr'>Apud</span> <span class='ocrx_word' id='word_1_165' title='bbox 269 1382 467 1415; x_wconf 85' lang='lat' dir='ltr'>Homerum</span> <span class='ocrx_word' id='word_1_166' title='bbox 501 1382 628 1427; x_wconf 60' lang='lat' dir='ltr'><strong>OdJSS.</strong></span> <span class='ocrx_word' id='word_1_167' title='bbox 655 1381 734 1427; x_wconf 62' lang='grc' dir='ltr'><strong>ζῗθ)</strong></span> <span class='ocrx_word' id='word_1_168' title='bbox 789 1383 965 1416; x_wconf 76' lang='lat' dir='ltr'>Nausicaa</span> <span class='ocrx_word' id='word_1_169' title='bbox 1010 1383 1127 1427; x_wconf 85' lang='lat' dir='ltr'>puella</span> 
     </span>
     <span class='ocr_line' id='line_1_26' title="bbox 129 1431 1128 1478; baseline -0.002 -11"><span class='ocrx_word' id='word_1_170' title='bbox 129 1434 234 1473; x_wconf 86' lang='lat' dir='ltr'>dicit,</span> <span class='ocrx_word' id='word_1_171' title='bbox 274 1439 497 1478; x_wconf 78' lang='lat' dir='ltr'>quantopere</span> <span class='ocrx_word' id='word_1_172' title='bbox 536 1433 608 1466; x_wconf 86' lang='lat' dir='ltr'>sint</span> <span class='ocrx_word' id='word_1_173' title='bbox 641 1431 718 1466; x_wconf 81' lang='lat' dir='ltr'>Iovi</span> <span class='ocrx_word' id='word_1_174' title='bbox 758 1446 863 1467; x_wconf 87' lang='lat' dir='ltr'>curae</span> <span class='ocrx_word' id='word_1_175' title='bbox 905 1432 1064 1478; x_wconf 84' lang='lat' dir='ltr'>hospites</span> <span class='ocrx_word' id='word_1_176' title='bbox 1094 1440 1128 1466; x_wconf 90' lang='lat' dir='ltr'>et</span> 
     </span>
     <span class='ocr_line' id='line_1_27' title="bbox 129 1484 520 1530; baseline -0.008 -11"><span class='ocrx_word' id='word_1_177' title='bbox 129 1484 324 1530; x_wconf 87' lang='lat' dir='ltr'>supplices,</span> <span class='ocrx_word' id='word_1_178' title='bbox 348 1497 427 1517; x_wconf 85' lang='lat' dir='ltr'>cum</span> <span class='ocrx_word' id='word_1_179' title='bbox 453 1484 520 1516; x_wconf 88' lang='lat' dir='ltr'>ait:</span> 
     </span>
    </p>

    <p class='ocr_par' dir='ltr' id='par_1_6' title="bbox 123 1539 1061 1700">
     <span class='ocr_line' id='line_1_28' title="bbox 476 1539 1020 1583; baseline 0.004 -12"><span class='ocrx_word' id='word_1_180' title='bbox 476 1539 565 1583; x_wconf 74' lang='grc' dir='ltr'><strong><em>Πρὸς</em></strong></span> <span class='ocrx_word' id='word_1_181' title='bbox 586 1540 649 1581; x_wconf 72' lang='grc' dir='ltr'>γὰρ</span> <span class='ocrx_word' id='word_1_182' title='bbox 673 1540 756 1578; x_wconf 81' lang='grc' dir='ltr'><em>Διός</em></span> <span class='ocrx_word' id='word_1_183' title='bbox 777 1541 860 1574; x_wconf 79' lang='grc' dir='ltr'>εἶσιν</span> <span class='ocrx_word' id='word_1_184' title='bbox 883 1541 1020 1578; x_wconf 71' lang='grc' dir='ltr'>ἅπαντες</span> 
     </span>
     <span class='ocr_line' id='line_1_29' title="bbox 172 1591 1061 1634; baseline -0.002 -9"><span class='ocrx_word' id='word_1_185' title='bbox 172 1594 287 1627; x_wconf 78' lang='grc' dir='ltr'>Ξεῖιόί</span> <span class='ocrx_word' id='word_1_186' title='bbox 307 1604 339 1624; x_wconf 85' lang='grc' dir='ltr'>τε</span> <span class='ocrx_word' id='word_1_187' title='bbox 364 1595 492 1632; x_wconf 84' lang='grc' dir='ltr'><strong><em>πτωχοί</em></strong></span> <span class='ocrx_word' id='word_1_188' title='bbox 513 1602 561 1623; x_wconf 73' lang='lat' dir='ltr'>te·</span> <span class='ocrx_word' id='word_1_189' title='bbox 586 1592 679 1630; x_wconf 76' lang='grc' dir='ltr'><em>δόσις</em></span> <span class='ocrx_word' id='word_1_190' title='bbox 702 1591 733 1623; x_wconf 80' lang='grc' dir='ltr'>δ’</span> <span class='ocrx_word' id='word_1_191' title='bbox 749 1591 839 1633; x_wconf 70' lang='grc' dir='ltr'><em>ὀλίγη</em></span> <span class='ocrx_word' id='word_1_192' title='bbox 863 1605 895 1625; x_wconf 85' lang='grc' dir='ltr'>τε</span> <span class='ocrx_word' id='word_1_193' title='bbox 920 1596 994 1634; x_wconf 73' lang='grc' dir='ltr'>φίλη</span> <span class='ocrx_word' id='word_1_194' title='bbox 1020 1605 1061 1623; x_wconf 80' lang='grc' dir='ltr'>τε.</span> 
     </span>
     <span class='ocr_line' id='line_1_30' title="bbox 123 1651 650 1700; baseline -0.002 -11"><span class='ocrx_word' id='word_1_195' title='bbox 123 1652 311 1700; x_wconf 59' lang='grc' dir='ltr'>Ἐρξειπγ]</span> <span class='ocrx_word' id='word_1_196' title='bbox 354 1651 562 1687; x_wconf 86' lang='lat' dir='ltr'>Metathesis</span> <span class='ocrx_word' id='word_1_197' title='bbox 588 1660 650 1688; x_wconf 87' lang='lat' dir='ltr'>est.</span> 
     </span>
    </p>

    <p class='ocr_par' dir='ltr' id='par_1_7' title="bbox 128 1705 437 1752">
     <span class='ocr_line' id='line_1_31' title="bbox 128 1705 437 1752; baseline -0.006 -12"><span class='ocrx_word' id='word_1_198' title='bbox 128 1705 218 1752; x_wconf 70' lang='grc' dir='ltr'><em>ῥέξω</em></span> <span class='ocrx_word' id='word_1_199' title='bbox 241 1705 278 1737; x_wconf 93' lang='lat' dir='ltr'>in</span> <span class='ocrx_word' id='word_1_200' title='bbox 303 1706 437 1738; x_wconf 86' lang='lat' dir='ltr'>futuro.</span> 
     </span>
    </p>

    <p class='ocr_par' dir='ltr' id='par_1_8' title="bbox 128 1762 527 1847">
     <span class='ocr_line' id='line_1_32' title="bbox 230 1762 527 1808; baseline 0.003 -13"><span class='ocrx_word' id='word_1_201' title='bbox 230 1776 263 1797; x_wconf 74' lang='lat' dir='ltr'><strong>v.</strong></span> <span class='ocrx_word' id='word_1_202' title='bbox 290 1764 376 1798; x_wconf 86' lang='grc'><strong>328.</strong></span> <span class='ocrx_word' id='word_1_203' title='bbox 406 1762 527 1808; x_wconf 87' lang='grc'><strong>(326.)</strong></span> 
     </span>
     <span class='ocr_line' id='line_1_33' title="bbox 128 1813 281 1847; baseline 0 -1"><span class='ocrx_word' id='word_1_204' title='bbox 128 1813 281 1847; x_wconf 88' lang='lat' dir='ltr'>Tmesis.</span> 
     </span>
    </p>

    <p class='ocr_par' dir='ltr' id='par_1_9' title="bbox 128 1870 523 1966">
     <span class='ocr_line' id='line_1_34' title="bbox 230 1870 523 1917; baseline 0.007 -14"><span class='ocrx_word' id='word_1_205' title='bbox 230 1883 264 1905; x_wconf 68' lang='lat' dir='ltr'><strong>v.</strong></span> <span class='ocrx_word' id='word_1_206' title='bbox 288 1871 375 1906; x_wconf 88' lang='grc'><strong>329.</strong></span> <span class='ocrx_word' id='word_1_207' title='bbox 402 1870 523 1917; x_wconf 87' lang='grc'><strong>(327.)</strong></span> 
     </span>
     <span class='ocr_line' id='line_1_35' title="bbox 128 1922 509 1966; baseline 0.005 -12"><span class='ocrx_word' id='word_1_208' title='bbox 128 1922 304 1966; x_wconf 86' lang='lat' dir='ltr'>flagitiosa</span> <span class='ocrx_word' id='word_1_209' title='bbox 330 1923 509 1956; x_wconf 88' lang='lat' dir='ltr'>dicuntur.</span> 
     </span>
    </p>

    <p class='ocr_par' dir='ltr' id='par_1_10' title="bbox 128 1989 1126 2087">
     <span class='ocr_line' id='line_1_36' title="bbox 232 1989 1126 2038; baseline 0.001 -15"><span class='ocrx_word' id='word_1_210' title='bbox 232 2003 265 2024; x_wconf 71' lang='lat' dir='ltr'><strong>v.</strong></span> <span class='ocrx_word' id='word_1_211' title='bbox 292 1991 378 2024; x_wconf 89' lang='lat'><strong>330.</strong></span> <span class='ocrx_word' id='word_1_212' title='bbox 405 1990 526 2037; x_wconf 88' lang='grc'><strong>(328.)</strong></span> <span class='ocrx_word' id='word_1_213' title='bbox 580 1989 646 2030; x_wconf 68' lang='lat' dir='ltr'><em>‘&#39;Og</em></span> <span class='ocrx_word' id='word_1_214' title='bbox 675 1990 717 2025; x_wconf 80' lang='grc' dir='ltr'><em>τὲ</em></span> <span class='ocrx_word' id='word_1_215' title='bbox 743 2004 806 2025; x_wconf 76' lang='grc' dir='ltr'>τευ</span> <span class='ocrx_word' id='word_1_216' title='bbox 832 1989 1022 2037; x_wconf 73' lang='grc' dir='ltr'>ἀφραδίῃς</span> <span class='ocrx_word' id='word_1_217' title='bbox 1045 1989 1126 2038; x_wconf 89' lang='lat' dir='ltr'>etc.]</span> 
     </span>
     <span class='ocr_line' id='line_1_37' title="bbox 128 2040 1126 2087; baseline 0 -13"><span class='ocrx_word' id='word_1_218' title='bbox 128 2040 175 2074; x_wconf 87' lang='lat' dir='ltr'>Et</span> <span class='ocrx_word' id='word_1_219' title='bbox 198 2053 297 2075; x_wconf 86' lang='lat' dir='ltr'>sacra</span> <span class='ocrx_word' id='word_1_220' title='bbox 323 2042 497 2086; x_wconf 86' lang='lat' dir='ltr'>scriptura</span> <span class='ocrx_word' id='word_1_221' title='bbox 518 2040 740 2075; x_wconf 89' lang='lat' dir='ltr'>horrendum</span> <span class='ocrx_word' id='word_1_222' title='bbox 761 2043 973 2087; x_wconf 84' lang='lat' dir='ltr'>supplicium</span> <span class='ocrx_word' id='word_1_223' title='bbox 1001 2043 1042 2076; x_wconf 91' lang='lat' dir='ltr'>iis</span> <span class='ocrx_word' id='word_1_224' title='bbox 1059 2043 1126 2075; x_wconf 86' lang='lat' dir='ltr'>mi-</span> 
     </span>
    </p>
   </div>
   <div class='ocr_carea' id='block_1_3' title="bbox 128 2093 1126 2190">
    <p class='ocr_par' dir='ltr' id='par_1_11' title="bbox 128 2093 1126 2190">
     <span class='ocr_line' id='line_1_38' title="bbox 128 2093 1126 2139; baseline 0 -14"><span class='ocrx_word' id='word_1_225' title='bbox 128 2098 257 2132; x_wconf 79' lang='lat' dir='ltr'>natur,</span> <span class='ocrx_word' id='word_1_226' title='bbox 294 2093 355 2138; x_wconf 86' lang='lat' dir='ltr'>qui</span> <span class='ocrx_word' id='word_1_227' title='bbox 387 2106 518 2137; x_wconf 89' lang='lat' dir='ltr'>pueros</span> <span class='ocrx_word' id='word_1_228' title='bbox 553 2094 709 2127; x_wconf 89' lang='lat' dir='ltr'>laedunt.</span> <span class='ocrx_word' id='word_1_229' title='bbox 769 2093 831 2127; x_wconf 85' lang='lat' dir='ltr'>Est</span> <span class='ocrx_word' id='word_1_230' title='bbox 863 2094 957 2126; x_wconf 88' lang='lat' dir='ltr'>enim</span> <span class='ocrx_word' id='word_1_231' title='bbox 989 2094 1126 2139; x_wconf 84' lang='lat' dir='ltr'>alioqui</span> 
     </span>
     <span class='ocr_line' id='line_1_39' title="bbox 130 2144 1125 2190; baseline 0.001 -14"><span class='ocrx_word' id='word_1_232' title='bbox 130 2156 169 2177; x_wconf 86' lang='lat' dir='ltr'>ea</span> <span class='ocrx_word' id='word_1_233' title='bbox 213 2150 309 2178; x_wconf 83' lang='lat' dir='ltr'>aetas</span> <span class='ocrx_word' id='word_1_234' title='bbox 343 2145 497 2178; x_wconf 90' lang='lat' dir='ltr'>obnoxia</span> <span class='ocrx_word' id='word_1_235' title='bbox 530 2145 638 2178; x_wconf 89' lang='lat' dir='ltr'>malo.</span> <span class='ocrx_word' id='word_1_236' title='bbox 718 2144 779 2178; x_wconf 83' lang='lat' dir='ltr'>Bis</span> <span class='ocrx_word' id='word_1_237' title='bbox 810 2151 927 2178; x_wconf 87' lang='lat' dir='ltr'>autem</span> <span class='ocrx_word' id='word_1_238' title='bbox 966 2151 1125 2190; x_wconf 79' lang='lat' dir='ltr'>peccant,</span> 
     </span>
    </p>
   </div>
   <div class='ocr_carea' id='block_1_4' title="bbox 607 1652 1126 1809">
    <p class='ocr_par' dir='ltr' id='par_1_12' title="bbox 607 1652 1126 1809">
     <span class='ocr_line' id='line_1_40' title="bbox 710 1652 1124 1700; baseline 0.005 -14"><span class='ocrx_word' id='word_1_239' title='bbox 710 1654 819 1687; x_wconf 74' lang='lat' dir='ltr'>Venit</span> <span class='ocrx_word' id='word_1_240' title='bbox 849 1655 943 1688; x_wconf 88' lang='lat' dir='ltr'>enim</span> <span class='ocrx_word' id='word_1_241' title='bbox 970 1667 989 1687; x_wconf 86' lang='lat' dir='ltr'>a</span> <span class='ocrx_word' id='word_1_242' title='bbox 1021 1652 1124 1700; x_wconf 72' lang='grc' dir='ltr'><em>ῥέζω,</em></span> 
     </span>
     <span class='ocr_line' id='line_1_41' title="bbox 607 1760 1126 1809; baseline 0 -13"><span class='ocrx_word' id='word_1_243' title='bbox 607 1760 681 1797; x_wconf 69' lang='grc' dir='ltr'>ἀνὰ</span> <span class='ocrx_word' id='word_1_244' title='bbox 730 1761 863 1808; x_wconf 76' lang='grc' dir='ltr'><strong><em>δέμνια</em></strong></span> <span class='ocrx_word' id='word_1_245' title='bbox 903 1762 1030 1809; x_wconf 73' lang='grc' dir='ltr'><strong><em>βαίνοι</em></strong></span> <span class='ocrx_word' id='word_1_246' title='bbox 1049 1763 1126 1808; x_wconf 70' lang='lat'><strong>⁷⁵).]</strong></span> 
     </span>
    </p>
   </div>
   <div class='ocr_carea' id='block_1_5' title="bbox 590 1870 1126 1919">
    <p class='ocr_par' dir='ltr' id='par_1_13' title="bbox 590 1870 1126 1919">
     <span class='ocr_line' id='line_1_42' title="bbox 590 1870 1126 1919; baseline -0.002 -13"><span class='ocrx_word' id='word_1_247' title='bbox 590 1870 852 1919; x_wconf 61' lang='grc' dir='ltr'><strong><em>παρακαίρια]</em></strong></span> <span class='ocrx_word' id='word_1_248' title='bbox 905 1873 1126 1917; x_wconf 82' lang='lat' dir='ltr'>importuna,</span> 
     </span>
    </p>
   </div>
   <div class='ocr_carea' id='block_1_6' title="bbox 160 2298 1125 2402">
    <p class='ocr_par' dir='ltr' id='par_1_14' title="bbox 160 2298 1125 2402">
     <span class='ocr_line' id='line_1_43' title="bbox 160 2298 1125 2338; baseline -0.001 -11"><span class='ocrx_word' id='word_1_249' title='bbox 160 2301 208 2332; x_wconf 79' lang='grc'>72)</span> <span class='ocrx_word' id='word_1_250' title='bbox 225 2298 296 2326; x_wconf 68' lang='grc' dir='ltr'>εΡεῖιί</span> <span class='ocrx_word' id='word_1_251' title='bbox 316 2300 347 2325; x_wconf 75' lang='grc' dir='ltr'><em>τέ</em></span> <span class='ocrx_word' id='word_1_252' title='bbox 363 2302 427 2334; x_wconf 67' lang='grc' dir='ltr'>Ιιιιν]</span> <span class='ocrx_word' id='word_1_253' title='bbox 449 2300 692 2331; x_wconf 80' lang='lat' dir='ltr'>sicEditt.1623.‚</span> <span class='ocrx_word' id='word_1_254' title='bbox 713 2301 804 2331; x_wconf 81' lang='lat'><strong>1662.;</strong></span> <span class='ocrx_word' id='word_1_255' title='bbox 830 2301 915 2338; x_wconf 45' lang='lat' dir='ltr'>Editt&#39;.</span> <span class='ocrx_word' id='word_1_256' title='bbox 933 2302 1125 2328; x_wconf 76' lang='lat'><strong>1532—1591.</strong></span> 
     </span>
     <span class='ocr_line' id='line_1_44' title="bbox 194 2334 1124 2368; baseline 0 -8"><span class='ocrx_word' id='word_1_257' title='bbox 194 2334 262 2360; x_wconf 74' lang='grc' dir='ltr'>Ῥεῖὰ</span> <span class='ocrx_word' id='word_1_258' title='bbox 284 2343 311 2360; x_wconf 79' lang='grc' dir='ltr'>τε</span> <span class='ocrx_word' id='word_1_259' title='bbox 330 2334 396 2367; x_wconf 53' lang='lat' dir='ltr'>palm</span> <span class='ocrx_word' id='word_1_260' title='bbox 422 2336 472 2359; x_wconf 86' lang='lat' dir='ltr'>Ed.</span> <span class='ocrx_word' id='word_1_261' title='bbox 495 2336 570 2360; x_wconf 87' lang='grc'><strong>1601.</strong></span> <span class='ocrx_word' id='word_1_262' title='bbox 591 2337 617 2358; x_wconf 85' lang='lat' dir='ltr'>et</span> <span class='ocrx_word' id='word_1_263' title='bbox 637 2336 685 2358; x_wconf 88' lang='lat' dir='ltr'>Ed.</span> <span class='ocrx_word' id='word_1_264' title='bbox 708 2336 827 2361; x_wconf 79' lang='lat' dir='ltr'>Brnnck.</span> <span class='ocrx_word' id='word_1_265' title='bbox 845 2337 914 2359; x_wconf 75' lang='grc' dir='ltr'>Ῥεῐα</span> <span class='ocrx_word' id='word_1_266' title='bbox 933 2343 959 2359; x_wconf 79' lang='grc' dir='ltr'>τε</span> <span class='ocrx_word' id='word_1_267' title='bbox 978 2344 1044 2368; x_wconf 53' lang='lat' dir='ltr'>pau:</span> <span class='ocrx_word' id='word_1_268' title='bbox 1076 2337 1124 2360; x_wconf 88' lang='lat' dir='ltr'>Ed.</span> 
     </span>
     <span class='ocr_line' id='line_1_45' title="bbox 196 2367 1049 2402; baseline 0 -8"><span class='ocrx_word' id='word_1_269' title='bbox 196 2371 284 2395; x_wconf 78' lang='lat' dir='ltr'>Gaisf.</span> <span class='ocrx_word' id='word_1_270' title='bbox 304 2369 362 2402; x_wconf 70' lang='grc' dir='ltr'>ῥεῖα</span> <span class='ocrx_word' id='word_1_271' title='bbox 382 2369 412 2393; x_wconf 73' lang='grc' dir='ltr'>τέ</span> <span class='ocrx_word' id='word_1_272' title='bbox 427 2378 492 2402; x_wconf 70' lang='grc' dir='ltr'><em>μινς</em></span> <span class='ocrx_word' id='word_1_273' title='bbox 513 2370 598 2395; x_wconf 82' lang='lat' dir='ltr'>Editt.</span> <span class='ocrx_word' id='word_1_274' title='bbox 619 2370 735 2401; x_wconf 73' lang='lat' dir='ltr'>GoettL,</span> <span class='ocrx_word' id='word_1_275' title='bbox 755 2371 842 2393; x_wconf 71' lang='lat' dir='ltr'>Dtibn.</span> <span class='ocrx_word' id='word_1_276' title='bbox 862 2367 923 2402; x_wconf 66' lang='grc' dir='ltr'>ῥεῖα</span> <span class='ocrx_word' id='word_1_277' title='bbox 945 2370 975 2394; x_wconf 74' lang='grc' dir='ltr'>δέ</span> <span class='ocrx_word' id='word_1_278' title='bbox 992 2378 1049 2401; x_wconf 77' lang='grc' dir='ltr'><strong>μιν.</strong></span> 
     </span>
    </p>
   </div>
   <div class='ocr_carea' id='block_1_7' title="bbox 160 2412 1125 2649">
    <p class='ocr_par' dir='ltr' id='par_1_15' title="bbox 161 2412 1125 2480">
     <span class='ocr_line' id='line_1_46' title="bbox 161 2412 1125 2446; baseline 0 -8"><span class='ocrx_word' id='word_1_279' title='bbox 161 2413 208 2445; x_wconf 83' lang='grc'>73)</span> <span class='ocrx_word' id='word_1_280' title='bbox 233 2412 316 2445; x_wconf 65' lang='grc' dir='ltr'><strong>ἔρξω)</strong></span> <span class='ocrx_word' id='word_1_281' title='bbox 337 2413 378 2437; x_wconf 85' lang='lat' dir='ltr'>sic</span> <span class='ocrx_word' id='word_1_282' title='bbox 397 2413 462 2437; x_wconf 84' lang='lat' dir='ltr'>illae</span> <span class='ocrx_word' id='word_1_283' title='bbox 480 2413 564 2437; x_wconf 81' lang='lat' dir='ltr'>Editt.</span> <span class='ocrx_word' id='word_1_284' title='bbox 586 2414 612 2436; x_wconf 88' lang='lat' dir='ltr'>et</span> <span class='ocrx_word' id='word_1_285' title='bbox 630 2413 759 2446; x_wconf 58' lang='lat' dir='ltr'>munch„</span> <span class='ocrx_word' id='word_1_286' title='bbox 780 2413 886 2445; x_wconf 83' lang='lat' dir='ltr'>Gaisf.3</span> <span class='ocrx_word' id='word_1_287' title='bbox 907 2414 990 2438; x_wconf 80' lang='lat' dir='ltr'>Editt.</span> <span class='ocrx_word' id='word_1_288' title='bbox 1011 2415 1125 2445; x_wconf 69' lang='lat' dir='ltr'>Goettl..</span> 
     </span>
     <span class='ocr_line' id='line_1_47' title="bbox 194 2446 372 2480; baseline 0 -9"><span class='ocrx_word' id='word_1_289' title='bbox 194 2449 283 2474; x_wconf 74' lang='lat' dir='ltr'>Dtihu.</span> <span class='ocrx_word' id='word_1_290' title='bbox 301 2446 372 2480; x_wconf 74' lang='grc' dir='ltr'><strong>ἔρξῃ.</strong></span> 
     </span>
    </p>

    <p class='ocr_par' dir='ltr' id='par_1_16' title="bbox 160 2489 898 2523">
     <span class='ocr_line' id='line_1_48' title="bbox 160 2489 898 2523; baseline 0.003 -9"><span class='ocrx_word' id='word_1_291' title='bbox 160 2490 208 2519; x_wconf 72' lang='lat'>74)</span> <span class='ocrx_word' id='word_1_292' title='bbox 226 2491 302 2514; x_wconf 77' lang='lat' dir='ltr'>Haec</span> <span class='ocrx_word' id='word_1_293' title='bbox 322 2490 437 2514; x_wconf 78' lang='lat' dir='ltr'>historia</span> <span class='ocrx_word' id='word_1_294' title='bbox 455 2492 588 2514; x_wconf 83' lang='lat' dir='ltr'>narratur</span> <span class='ocrx_word' id='word_1_295' title='bbox 606 2496 623 2514; x_wconf 84' lang='lat' dir='ltr'>a</span> <span class='ocrx_word' id='word_1_296' title='bbox 641 2489 722 2514; x_wconf 76' lang='lat' dir='ltr'>Livio</span> <span class='ocrx_word' id='word_1_297' title='bbox 742 2491 835 2523; x_wconf 78' lang='lat' dir='ltr'>XXV,</span> <span class='ocrx_word' id='word_1_298' title='bbox 857 2491 898 2517; x_wconf 81' lang='lat'><strong>18.</strong></span> 
     </span>
    </p>

    <p class='ocr_par' dir='ltr' id='par_1_17' title="bbox 161 2533 515 2564">
     <span class='ocr_line' id='line_1_49' title="bbox 161 2533 515 2564; baseline 0.006 -8"><span class='ocrx_word' id='word_1_299' title='bbox 161 2533 209 2561; x_wconf 80' lang='lat'>75)</span> <span class='ocrx_word' id='word_1_300' title='bbox 228 2534 307 2564; x_wconf 78' lang='lat' dir='ltr'>Virg.</span> <span class='ocrx_word' id='word_1_301' title='bbox 327 2535 395 2558; x_wconf 80' lang='lat' dir='ltr'>Aen.</span> <span class='ocrx_word' id='word_1_302' title='bbox 415 2534 435 2564; x_wconf 90' lang='lat'>1,</span> <span class='ocrx_word' id='word_1_303' title='bbox 456 2534 515 2558; x_wconf 86' lang='grc'><strong>731,</strong></span> 
     </span>
    </p>

    <p class='ocr_par' dir='ltr' id='par_1_18' title="bbox 162 2575 601 2609">
     <span class='ocr_line' id='line_1_50' title="bbox 162 2575 601 2609; baseline 0 -9"><span class='ocrx_word' id='word_1_304' title='bbox 162 2575 209 2606; x_wconf 83' lang='grc'><strong>76)</strong></span> <span class='ocrx_word' id='word_1_305' title='bbox 231 2576 307 2600; x_wconf 83' lang='lat' dir='ltr'>uom.</span> <span class='ocrx_word' id='word_1_306' title='bbox 327 2577 374 2600; x_wconf 73' lang='lat' dir='ltr'>oa.</span> <span class='ocrx_word' id='word_1_307' title='bbox 394 2577 442 2609; x_wconf 80' lang='lat' dir='ltr'>vi,</span> <span class='ocrx_word' id='word_1_308' title='bbox 463 2577 522 2600; x_wconf 82' lang='lat'><strong>207.</strong></span> <span class='ocrx_word' id='word_1_309' title='bbox 541 2576 601 2601; x_wconf 79' lang='lat'><strong>208.</strong></span> 
     </span>
    </p>

    <p class='ocr_par' dir='ltr' id='par_1_19' title="bbox 160 2617 440 2649">
     <span class='ocr_line' id='line_1_51' title="bbox 160 2617 440 2649; baseline 0 -7"><span class='ocrx_word' id='word_1_310' title='bbox 160 2617 207 2649; x_wconf 84' lang='lat'>77)</span> <span class='ocrx_word' id='word_1_311' title='bbox 228 2618 307 2642; x_wconf 80' lang='lat' dir='ltr'>conf.</span> <span class='ocrx_word' id='word_1_312' title='bbox 327 2621 384 2644; x_wconf 85' lang='lat' dir='ltr'>not.</span> <span class='ocrx_word' id='word_1_313' title='bbox 399 2619 440 2643; x_wconf 82' lang='lat'>73.</span> 
     </span>
    </p>
   </div>
   <div class='ocr_carea' id='block_1_8' title="bbox 159 2660 1125 2729">
    <p class='ocr_par' dir='ltr' id='par_1_20' title="bbox 159 2660 1125 2729">
     <span class='ocr_line' id='line_1_52' title="bbox 159 2660 1125 2695; baseline 0 -9"><span class='ocrx_word' id='word_1_314' title='bbox 159 2660 207 2691; x_wconf 70' lang='lat'>78)</span> <span class='ocrx_word' id='word_1_315' title='bbox 227 2662 334 2692; x_wconf 78' lang='grc' dir='ltr'><strong><em>βαίνοι]</em></strong></span> <span class='ocrx_word' id='word_1_316' title='bbox 350 2662 462 2695; x_wconf 76' lang='lat' dir='ltr'>sicillae</span> <span class='ocrx_word' id='word_1_317' title='bbox 470 2662 570 2692; x_wconf 84' lang='lat' dir='ltr'>Editt.;</span> <span class='ocrx_word' id='word_1_318' title='bbox 588 2662 1021 2695; x_wconf 59' lang='lat' dir='ltr'>Edtit.13runck.,Gaisf.ficetum;</span> <span class='ocrx_word' id='word_1_319' title='bbox 1041 2663 1125 2687; x_wconf 87' lang='lat' dir='ltr'>Editt.</span> 
     </span>
     <span class='ocr_line' id='line_1_53' title="bbox 193 2696 530 2729; baseline -0.009 -9"><span class='ocrx_word' id='word_1_320' title='bbox 193 2696 314 2727; x_wconf 61' lang='lat' dir='ltr'>(soem,</span> <span class='ocrx_word' id='word_1_321' title='bbox 334 2696 421 2720; x_wconf 68' lang='lat' dir='ltr'>Dubii.</span> <span class='ocrx_word' id='word_1_322' title='bbox 440 2697 530 2729; x_wconf 56' lang='grc' dir='ltr'><strong>βαίνῃ.</strong></span> 
     </span>
    </p>
   </div>
   <div class='ocr_carea' id='block_1_9' title="bbox 485 98 1938 139">
    <p class='ocr_par' dir='ltr' id='par_1_21' title="bbox 485 98 1938 139">
     <span class='ocr_line' id='line_1_54' title="bbox 485 98 1938 139; baseline 0.004 -6"><span class='ocrx_word' id='word_1_323' title='bbox 485 100 520 134; x_wconf 81' lang='lat'><strong>3.</strong></span> <span class='ocrx_word' id='word_1_324' title='bbox 548 98 833 134; x_wconf 72' lang='lat' dir='ltr'>ENARRATIO</span> <span class='ocrx_word' id='word_1_325' title='bbox 857 98 1063 132; x_wconf 73' lang='lat' dir='ltr'>OPERUM</span> <span class='ocrx_word' id='word_1_326' title='bbox 1084 99 1149 132; x_wconf 87' lang='grc' dir='ltr'>ΕΤ</span> <span class='ocrx_word' id='word_1_327' title='bbox 1176 99 1370 134; x_wconf 81' lang='lat' dir='ltr'>DIERUM</span> <span class='ocrx_word' id='word_1_328' title='bbox 1398 100 1603 136; x_wconf 80' lang='lat' dir='ltr'>HESIODI.</span> <span class='ocrx_word' id='word_1_329' title='bbox 1638 114 1687 136; x_wconf 71' lang='lat' dir='ltr'>vs.</span> <span class='ocrx_word' id='word_1_330' title='bbox 1704 101 1836 138; x_wconf 88' lang='grc'><strong>286-</strong></span> <span class='ocrx_word' id='word_1_331' title='bbox 1851 102 1938 139; x_wconf 82' lang='grc'><strong>342.</strong></span> 
     </span>
    </p>
   </div>
   <div class='ocr_carea' id='block_1_10' title="bbox 2100 104 2175 139">
    <p class='ocr_par' dir='ltr' id='par_1_22' title="bbox 2100 104 2175 139">
     <span class='ocr_line' id='line_1_55' title="bbox 2100 104 2175 139; baseline -0.013 0"><span class='ocrx_word' id='word_1_332' title='bbox 2100 104 2175 139; x_wconf 84' lang='grc'>218</span> 
     </span>
    </p>
   </div>
   <div class='ocr_carea' id='block_1_11' title="bbox 1184 186 2177 232">
    <p class='ocr_par' dir='ltr' id='par_1_23' title="bbox 1184 186 2177 232">
     <span class='ocr_line' id='line_1_56' title="bbox 1184 186 2177 232; baseline 0.005 -15"><span class='ocrx_word' id='word_1_333' title='bbox 1184 186 1245 230; x_wconf 89' lang='lat' dir='ltr'>qui</span> <span class='ocrx_word' id='word_1_334' title='bbox 1277 187 1422 220; x_wconf 87' lang='lat' dir='ltr'>laedunt</span> <span class='ocrx_word' id='word_1_335' title='bbox 1443 186 1636 232; x_wconf 88' lang='lat' dir='ltr'>orphanos.</span> <span class='ocrx_word' id='word_1_336' title='bbox 2104 188 2177 222; x_wconf 88' lang='lat' dir='ltr'>Do-</span> 
     </span>
    </p>
   </div>
   <div class='ocr_carea' id='block_1_12' title="bbox 1181 248 2180 1372">
    <p class='ocr_par' dir='ltr' id='par_1_24' title="bbox 1182 248 1264 270">
     <span class='ocr_line' id='line_1_57' title="bbox 1182 248 1264 270; baseline 0.024 -2"><span class='ocrx_word' id='word_1_337' title='bbox 1182 248 1264 270; x_wconf 76' lang='lat' dir='ltr'>rice.</span> 
     </span>
    </p>

    <p class='ocr_par' dir='ltr' id='par_1_25' title="bbox 1181 295 2180 905">
     <span class='ocr_line' id='line_1_58' title="bbox 1283 295 2176 345; baseline 0.004 -17"><span class='ocrx_word' id='word_1_338' title='bbox 1283 309 1316 330; x_wconf 76' lang='lat' dir='ltr'><strong>v.</strong></span> <span class='ocrx_word' id='word_1_339' title='bbox 1340 297 1426 331; x_wconf 86' lang='lat'><strong>331.</strong></span> <span class='ocrx_word' id='word_1_340' title='bbox 1452 298 1572 343; x_wconf 87' lang='grc'><strong>(329.)</strong></span> <span class='ocrx_word' id='word_1_341' title='bbox 1640 300 1744 344; x_wconf 76' lang='grc' dir='ltr'><strong><em>κακῷ</em></strong></span> <span class='ocrx_word' id='word_1_342' title='bbox 1782 296 1838 332; x_wconf 74' lang='grc' dir='ltr'>ἐπὶ</span> <span class='ocrx_word' id='word_1_343' title='bbox 1877 295 2015 345; x_wconf 71' lang='grc' dir='ltr'><strong><em>γήραος</em></strong></span> <span class='ocrx_word' id='word_1_344' title='bbox 2046 297 2176 345; x_wconf 68' lang='grc' dir='ltr'><strong><em>οὐδῷ]</em></strong></span> 
     </span>
     <span class='ocr_line' id='line_1_59' title="bbox 1181 345 2176 394; baseline 0.004 -15"><span class='ocrx_word' id='word_1_345' title='bbox 1181 345 1415 394; x_wconf 61' lang='lat' dir='ltr'>Antithesiffl)</span> <span class='ocrx_word' id='word_1_346' title='bbox 1448 350 1603 393; x_wconf 87' lang='lat' dir='ltr'>quadam</span> <span class='ocrx_word' id='word_1_347' title='bbox 1639 356 1827 393; x_wconf 83' lang='lat' dir='ltr'>praecepta</span> <span class='ocrx_word' id='word_1_348' title='bbox 1860 350 2022 393; x_wconf 84' lang='lat' dir='ltr'>decalogi</span> <span class='ocrx_word' id='word_1_349' title='bbox 2055 351 2176 383; x_wconf 85' lang='lat' dir='ltr'>refert.</span> 
     </span>
     <span class='ocr_line' id='line_1_60' title="bbox 1181 398 2178 445; baseline 0.003 -14"><span class='ocrx_word' id='word_1_350' title='bbox 1181 398 1273 431; x_wconf 76' lang='lat' dir='ltr'>Nam</span> <span class='ocrx_word' id='word_1_351' title='bbox 1299 411 1378 431; x_wconf 89' lang='lat' dir='ltr'>cum</span> <span class='ocrx_word' id='word_1_352' title='bbox 1403 399 1441 431; x_wconf 86' lang='lat' dir='ltr'>in</span> <span class='ocrx_word' id='word_1_353' title='bbox 1464 400 1634 442; x_wconf 78' lang='lat' dir='ltr'>decalogo</span> <span class='ocrx_word' id='word_1_354' title='bbox 1661 400 1872 440; x_wconf 81' lang='lat' dir='ltr'>doceamur,</span> <span class='ocrx_word' id='word_1_355' title='bbox 1909 407 2076 445; x_wconf 87' lang='lat' dir='ltr'>parentes</span> <span class='ocrx_word' id='word_1_356' title='bbox 2105 412 2178 434; x_wconf 85' lang='lat' dir='ltr'>esse</span> 
     </span>
     <span class='ocr_line' id='line_1_61' title="bbox 1181 447 2179 496; baseline 0.004 -15"><span class='ocrx_word' id='word_1_357' title='bbox 1181 447 1434 489; x_wconf 86' lang='lat' dir='ltr'>honorandos,</span> <span class='ocrx_word' id='word_1_358' title='bbox 1466 462 1617 494; x_wconf 87' lang='lat' dir='ltr'>eamque</span> <span class='ocrx_word' id='word_1_359' title='bbox 1641 450 1686 481; x_wconf 90' lang='lat' dir='ltr'>ob</span> <span class='ocrx_word' id='word_1_360' title='bbox 1710 462 1851 483; x_wconf 85' lang='lat' dir='ltr'>causam</span> <span class='ocrx_word' id='word_1_361' title='bbox 1879 452 2000 484; x_wconf 86' lang='lat' dir='ltr'>addita</span> <span class='ocrx_word' id='word_1_362' title='bbox 2024 452 2069 485; x_wconf 90' lang='lat' dir='ltr'>sit</span> <span class='ocrx_word' id='word_1_363' title='bbox 2094 464 2179 496; x_wconf 88' lang='lat' dir='ltr'>pro-</span> 
     </span>
     <span class='ocr_line' id='line_1_62' title="bbox 1182 498 2179 548; baseline 0.004 -16"><span class='ocrx_word' id='word_1_364' title='bbox 1182 500 1326 533; x_wconf 87' lang='lat' dir='ltr'>missio:</span> <span class='ocrx_word' id='word_1_365' title='bbox 1373 498 1465 533; x_wconf 91' lang='lat' dir='ltr'>nihil</span> <span class='ocrx_word' id='word_1_366' title='bbox 1493 500 1713 545; x_wconf 86' lang='lat' dir='ltr'>praecipitur</span> <span class='ocrx_word' id='word_1_367' title='bbox 1749 499 1805 533; x_wconf 91' lang='lat' dir='ltr'>hic</span> <span class='ocrx_word' id='word_1_368' title='bbox 1839 502 1934 535; x_wconf 89' lang='lat' dir='ltr'>aliud</span> <span class='ocrx_word' id='word_1_369' title='bbox 1964 515 2071 548; x_wconf 86' lang='lat' dir='ltr'>quam</span> <span class='ocrx_word' id='word_1_370' title='bbox 2103 515 2179 536; x_wconf 92' lang='lat' dir='ltr'>non</span> 
     </span>
     <span class='ocr_line' id='line_1_63' title="bbox 1183 551 2178 599; baseline 0.003 -15"><span class='ocrx_word' id='word_1_371' title='bbox 1183 563 1255 585; x_wconf 82' lang='lat' dir='ltr'>esse</span> <span class='ocrx_word' id='word_1_372' title='bbox 1287 551 1502 584; x_wconf 87' lang='lat' dir='ltr'>contumelia</span> <span class='ocrx_word' id='word_1_373' title='bbox 1534 558 1567 584; x_wconf 87' lang='lat' dir='ltr'>et</span> <span class='ocrx_word' id='word_1_374' title='bbox 1600 551 1741 595; x_wconf 83' lang='lat' dir='ltr'>probris</span> <span class='ocrx_word' id='word_1_375' title='bbox 1777 552 1992 587; x_wconf 82' lang='lat' dir='ltr'>afficiendos.</span> <span class='ocrx_word' id='word_1_376' title='bbox 2053 553 2178 599; x_wconf 88' lang='lat' dir='ltr'>ltaque</span> 
     </span>
     <span class='ocr_line' id='line_1_64' title="bbox 1183 602 2178 648; baseline 0.003 -13"><span class='ocrx_word' id='word_1_377' title='bbox 1183 609 1217 635; x_wconf 87' lang='lat' dir='ltr'>et</span> <span class='ocrx_word' id='word_1_378' title='bbox 1241 603 1492 646; x_wconf 87' lang='lat' dir='ltr'>promissioni,</span> <span class='ocrx_word' id='word_1_379' title='bbox 1520 614 1611 648; x_wconf 87' lang='lat' dir='ltr'>quae</span> <span class='ocrx_word' id='word_1_380' title='bbox 1630 602 1733 635; x_wconf 86' lang='lat' dir='ltr'>estin</span> <span class='ocrx_word' id='word_1_381' title='bbox 1758 603 1976 646; x_wconf 82' lang='lat' dir='ltr'>praeceptis,</span> <span class='ocrx_word' id='word_1_382' title='bbox 2001 604 2178 638; x_wconf 89' lang='lat' dir='ltr'>Hesiodus</span> 
     </span>
     <span class='ocr_line' id='line_1_65' title="bbox 1183 653 2179 699; baseline 0.004 -14"><span class='ocrx_word' id='word_1_383' title='bbox 1183 653 1501 687; x_wconf 86' lang='lat' dir='ltr'>comminationem</span> <span class='ocrx_word' id='word_1_384' title='bbox 1539 653 1710 698; x_wconf 86' lang='lat' dir='ltr'>opponit,</span> <span class='ocrx_word' id='word_1_385' title='bbox 1747 655 1841 699; x_wconf 88' lang='lat' dir='ltr'>quod</span> <span class='ocrx_word' id='word_1_386' title='bbox 1872 653 2005 698; x_wconf 89' lang='lat' dir='ltr'>Iupiter</span> <span class='ocrx_word' id='word_1_387' title='bbox 2034 657 2179 689; x_wconf 88' lang='lat' dir='ltr'>tandem</span> 
     </span>
     <span class='ocr_line' id='line_1_66' title="bbox 1182 704 2180 749; baseline 0.004 -13"><span class='ocrx_word' id='word_1_388' title='bbox 1182 716 1248 748; x_wconf 92' lang='lat' dir='ltr'>pro</span> <span class='ocrx_word' id='word_1_389' title='bbox 1273 704 1414 738; x_wconf 81' lang='lat' dir='ltr'>iniustis</span> <span class='ocrx_word' id='word_1_390' title='bbox 1441 705 1609 749; x_wconf 81' lang='lat' dir='ltr'>operibus</span> <span class='ocrx_word' id='word_1_391' title='bbox 1642 717 1805 748; x_wconf 80' lang='lat' dir='ltr'>asperam</span> <span class='ocrx_word' id='word_1_392' title='bbox 1834 705 2108 738; x_wconf 84' lang='lat' dir='ltr'>retributionem</span> <span class='ocrx_word' id='word_1_393' title='bbox 2134 707 2180 740; x_wconf 87' lang='lat' dir='ltr'>sit</span> 
     </span>
     <span class='ocr_line' id='line_1_67' title="bbox 1183 755 2177 801; baseline 0.002 -13"><span class='ocrx_word' id='word_1_394' title='bbox 1183 763 1490 800; x_wconf 86' lang='lat' dir='ltr'>compensaturus.</span> <span class='ocrx_word' id='word_1_395' title='bbox 1549 755 1612 789; x_wconf 83' lang='lat' dir='ltr'>Est</span> <span class='ocrx_word' id='word_1_396' title='bbox 1643 762 1762 788; x_wconf 84' lang='lat' dir='ltr'>autem</span> <span class='ocrx_word' id='word_1_397' title='bbox 1793 756 1933 800; x_wconf 80' lang='lat' dir='ltr'>elegans</span> <span class='ocrx_word' id='word_1_398' title='bbox 1965 755 2177 801; x_wconf 85' lang='lat' dir='ltr'>metaphora</span> 
     </span>
     <span class='ocr_line' id='line_1_68' title="bbox 1182 804 2180 854; baseline 0.001 -13"><span class='ocrx_word' id='word_1_399' title='bbox 1182 805 1240 841; x_wconf 78' lang='grc' dir='ltr'>ἐπὶ</span> <span class='ocrx_word' id='word_1_400' title='bbox 1255 804 1396 854; x_wconf 67' lang='grc' dir='ltr'><strong><em>γήραος</em></strong></span> <span class='ocrx_word' id='word_1_401' title='bbox 1413 805 1535 853; x_wconf 70' lang='grc' dir='ltr'><strong><em>οὐδῷ,</em></strong></span> <span class='ocrx_word' id='word_1_402' title='bbox 1558 807 1594 839; x_wconf 91' lang='lat' dir='ltr'>id</span> <span class='ocrx_word' id='word_1_403' title='bbox 1613 813 1680 847; x_wconf 85' lang='lat' dir='ltr'>est,</span> <span class='ocrx_word' id='word_1_404' title='bbox 1705 807 1743 839; x_wconf 91' lang='lat' dir='ltr'>in</span> <span class='ocrx_word' id='word_1_405' title='bbox 1761 807 1884 840; x_wconf 82' lang='lat' dir='ltr'>limine</span> <span class='ocrx_word' id='word_1_406' title='bbox 1901 814 2074 842; x_wconf 82' lang='lat' dir='ltr'>senectae.</span> <span class='ocrx_word' id='word_1_407' title='bbox 2116 809 2180 842; x_wconf 83' lang='lat' dir='ltr'>At-</span> 
     </span>
     <span class='ocr_line' id='line_1_69' title="bbox 1183 856 2050 905; baseline 0.003 -15"><span class='ocrx_word' id='word_1_408' title='bbox 1183 857 1306 903; x_wconf 73' lang='lat' dir='ltr'>que⁸⁰)</span> <span class='ocrx_word' id='word_1_409' title='bbox 1334 856 1402 891; x_wconf 88' lang='lat' dir='ltr'>hoc</span> <span class='ocrx_word' id='word_1_410' title='bbox 1426 858 1557 890; x_wconf 88' lang='lat' dir='ltr'>imitati</span> <span class='ocrx_word' id='word_1_411' title='bbox 1580 864 1663 892; x_wconf 89' lang='lat' dir='ltr'>sunt</span> <span class='ocrx_word' id='word_1_412' title='bbox 1689 865 1815 902; x_wconf 87' lang='lat' dir='ltr'>poetae</span> <span class='ocrx_word' id='word_1_413' title='bbox 1838 858 2050 905; x_wconf 66' lang='lat' dir='ltr'>Latinis⁰³).</span> 
     </span>
    </p>

    <p class='ocr_par' dir='ltr' id='par_1_26' title="bbox 1182 915 2180 1372">
     <span class='ocr_line' id='line_1_70' title="bbox 1285 915 2176 965; baseline 0.002 -15"><span class='ocrx_word' id='word_1_414' title='bbox 1285 930 1317 951; x_wconf 84' lang='lat' dir='ltr'><strong>v.</strong></span> <span class='ocrx_word' id='word_1_415' title='bbox 1345 918 1430 952; x_wconf 84' lang='lat'><strong>336.</strong></span> <span class='ocrx_word' id='word_1_416' title='bbox 1455 916 1577 963; x_wconf 88' lang='lat'><strong>(334.)</strong></span> <span class='ocrx_word' id='word_1_417' title='bbox 1632 915 1717 953; x_wconf 61' lang='lat' dir='ltr'>Kc‘zd</span> <span class='ocrx_word' id='word_1_418' title='bbox 1732 915 1897 964; x_wconf 73' lang='grc' dir='ltr'>δύναμιν</span> <span class='ocrx_word' id='word_1_419' title='bbox 1921 918 1952 954; x_wconf 76' lang='grc' dir='ltr'>δ’</span> <span class='ocrx_word' id='word_1_420' title='bbox 1969 917 2088 965; x_wconf 68' lang='grc' dir='ltr'>ἔρδειν</span> <span class='ocrx_word' id='word_1_421' title='bbox 2107 917 2176 963; x_wconf 69' lang='grc' dir='ltr'>ἱέρ’</span> 
     </span>
     <span class='ocr_line' id='line_1_71' title="bbox 1183 965 2180 1016; baseline 0.002 -14"><span class='ocrx_word' id='word_1_422' title='bbox 1183 965 1430 1016; x_wconf 73' lang='grc' dir='ltr'><strong><em>ἀθανάτοισι]</em></strong></span> <span class='ocrx_word' id='word_1_423' title='bbox 1459 969 1697 1012; x_wconf 84' lang='lat' dir='ltr'>Praeceptum</span> <span class='ocrx_word' id='word_1_424' title='bbox 1723 976 1774 1002; x_wconf 88' lang='lat' dir='ltr'>est</span> <span class='ocrx_word' id='word_1_425' title='bbox 1796 971 1838 1002; x_wconf 90' lang='lat' dir='ltr'>de</span> <span class='ocrx_word' id='word_1_426' title='bbox 1863 970 2034 1003; x_wconf 81' lang='lat' dir='ltr'>faciendis</span> <span class='ocrx_word' id='word_1_427' title='bbox 2059 970 2180 1004; x_wconf 83' lang='lat' dir='ltr'>sacris.</span> 
     </span>
     <span class='ocr_line' id='line_1_72' title="bbox 1182 1019 2180 1065; baseline 0.002 -14"><span class='ocrx_word' id='word_1_428' title='bbox 1182 1019 1228 1052; x_wconf 87' lang='lat' dir='ltr'>Et</span> <span class='ocrx_word' id='word_1_429' title='bbox 1249 1021 1427 1053; x_wconf 72' lang='lat' dir='ltr'>vocabant</span> <span class='ocrx_word' id='word_1_430' title='bbox 1450 1020 1659 1059; x_wconf 84' lang='lat' dir='ltr'>libationes,</span> <span class='ocrx_word' id='word_1_431' title='bbox 1685 1022 1831 1065; x_wconf 81' lang='lat' dir='ltr'>quando</span> <span class='ocrx_word' id='word_1_432' title='bbox 1857 1021 1894 1053; x_wconf 92' lang='lat' dir='ltr'>in</span> <span class='ocrx_word' id='word_1_433' title='bbox 1917 1022 2025 1055; x_wconf 89' lang='lat' dir='ltr'>sacris</span> <span class='ocrx_word' id='word_1_434' title='bbox 2052 1022 2180 1054; x_wconf 85' lang='lat' dir='ltr'>funda-</span> 
     </span>
     <span class='ocr_line' id='line_1_73' title="bbox 1182 1071 2178 1117; baseline 0.002 -15"><span class='ocrx_word' id='word_1_435' title='bbox 1182 1071 1288 1103; x_wconf 85' lang='lat' dir='ltr'>batur</span> <span class='ocrx_word' id='word_1_436' title='bbox 1315 1077 1377 1104; x_wconf 87' lang='lat' dir='ltr'>aut</span> <span class='ocrx_word' id='word_1_437' title='bbox 1411 1071 1629 1104; x_wconf 78' lang='lat' dir='ltr'>offerebatur</span> <span class='ocrx_word' id='word_1_438' title='bbox 1658 1071 1794 1106; x_wconf 72' lang='lat' dir='ltr'>vinum.</span> <span class='ocrx_word' id='word_1_439' title='bbox 1861 1072 2178 1117; x_wconf 81' lang='lat' dir='ltr'>Quemadmodum</span> 
     </span>
     <span class='ocr_line' id='line_1_74' title="bbox 1182 1121 2178 1168; baseline 0.003 -15"><span class='ocrx_word' id='word_1_440' title='bbox 1182 1121 1320 1155; x_wconf 86' lang='lat' dir='ltr'>Aeneas</span> <span class='ocrx_word' id='word_1_441' title='bbox 1354 1123 1450 1166; x_wconf 86' lang='lat' dir='ltr'>apud</span> <span class='ocrx_word' id='word_1_442' title='bbox 1479 1121 1670 1166; x_wconf 66' lang='lat' dir='ltr'>Virgilium</span> <span class='ocrx_word' id='word_1_443' title='bbox 1706 1123 1743 1155; x_wconf 89' lang='lat' dir='ltr'>in</span> <span class='ocrx_word' id='word_1_444' title='bbox 1772 1122 1881 1168; x_wconf 75' lang='lat'><strong>1.⁸¹)‚</strong></span> <span class='ocrx_word' id='word_1_445' title='bbox 1915 1137 1993 1158; x_wconf 89' lang='lat' dir='ltr'>cum</span> <span class='ocrx_word' id='word_1_446' title='bbox 2019 1124 2178 1168; x_wconf 88' lang='lat' dir='ltr'>primum</span> 
     </span>
     <span class='ocr_line' id='line_1_75' title="bbox 1184 1172 2178 1220; baseline 0.004 -16"><span class='ocrx_word' id='word_1_447' title='bbox 1184 1174 1227 1204; x_wconf 87' lang='lat' dir='ltr'>ad</span> <span class='ocrx_word' id='word_1_448' title='bbox 1245 1172 1424 1205; x_wconf 84' lang='lat' dir='ltr'>Didonem</span> <span class='ocrx_word' id='word_1_449' title='bbox 1450 1180 1607 1207; x_wconf 71' lang='lat' dir='ltr'>venerat.</span> <span class='ocrx_word' id='word_1_450' title='bbox 1662 1173 1692 1205; x_wconf 78' lang='lat' dir='ltr'>A</span> <span class='ocrx_word' id='word_1_451' title='bbox 1711 1172 1858 1209; x_wconf 67' lang='grc' dir='ltr'>σπένδω</span> <span class='ocrx_word' id='word_1_452' title='bbox 1886 1176 1978 1215; x_wconf 81' lang='lat' dir='ltr'>libo,</span> <span class='ocrx_word' id='word_1_453' title='bbox 2007 1176 2102 1220; x_wconf 90' lang='lat' dir='ltr'>quod</span> <span class='ocrx_word' id='word_1_454' title='bbox 2129 1181 2178 1208; x_wconf 85' lang='lat' dir='ltr'>est</span> 
     </span>
     <span class='ocr_line' id='line_1_76' title="bbox 1182 1223 2180 1272; baseline 0.005 -17"><span class='ocrx_word' id='word_1_455' title='bbox 1182 1224 1308 1256; x_wconf 67' lang='lat' dir='ltr'>leviter</span> <span class='ocrx_word' id='word_1_456' title='bbox 1345 1225 1492 1268; x_wconf 81' lang='lat' dir='ltr'>degusto</span> <span class='ocrx_word' id='word_1_457' title='bbox 1525 1223 1579 1272; x_wconf 71' lang='lat' dir='ltr'><strong>[v.</strong></span> <span class='ocrx_word' id='word_1_458' title='bbox 1609 1225 1683 1258; x_wconf 84' lang='lat'>338</span> <span class='ocrx_word' id='word_1_459' title='bbox 1716 1224 1859 1272; x_wconf 82' lang='lat'><strong>(336).]</strong></span> <span class='ocrx_word' id='word_1_460' title='bbox 1894 1224 2038 1272; x_wconf 72' lang='grc' dir='ltr'>σπονδὴ</span> <span class='ocrx_word' id='word_1_461' title='bbox 2070 1226 2180 1260; x_wconf 68' lang='lat' dir='ltr'>venit.</span> 
     </span>
     <span class='ocr_line' id='line_1_77' title="bbox 1182 1272 2180 1322; baseline 0.005 -15"><span class='ocrx_word' id='word_1_462' title='bbox 1182 1272 1268 1309; x_wconf 74' lang='grc' dir='ltr'>Κὰὸ</span> <span class='ocrx_word' id='word_1_463' title='bbox 1290 1272 1455 1320; x_wconf 73' lang='grc' dir='ltr'>δύναμιν</span> <span class='ocrx_word' id='word_1_464' title='bbox 1486 1276 1619 1308; x_wconf 86' lang='lat' dir='ltr'>dictum</span> <span class='ocrx_word' id='word_1_465' title='bbox 1649 1282 1701 1310; x_wconf 86' lang='lat' dir='ltr'>est</span> <span class='ocrx_word' id='word_1_466' title='bbox 1726 1289 1792 1320; x_wconf 83' lang='lat' dir='ltr'>pro</span> <span class='ocrx_word' id='word_1_467' title='bbox 1823 1275 1918 1311; x_wconf 72' lang='grc' dir='ltr'><strong><em>κατὰ</em></strong></span> <span class='ocrx_word' id='word_1_468' title='bbox 1945 1274 2180 1322; x_wconf 52' lang='grc' dir='ltr'><strong>ὃύναμινεῖ),</strong></span> 
     </span>
     <span class='ocr_line' id='line_1_78' title="bbox 1182 1327 2042 1372; baseline 0.005 -14"><span class='ocrx_word' id='word_1_469' title='bbox 1182 1327 1375 1359; x_wconf 84' lang='lat' dir='ltr'>secundum</span> <span class='ocrx_word' id='word_1_470' title='bbox 1405 1327 1624 1370; x_wconf 83' lang='lat' dir='ltr'>potentiam,</span> <span class='ocrx_word' id='word_1_471' title='bbox 1650 1327 1685 1359; x_wconf 88' lang='lat' dir='ltr'>id</span> <span class='ocrx_word' id='word_1_472' title='bbox 1710 1334 1779 1368; x_wconf 85' lang='lat' dir='ltr'>est,</span> <span class='ocrx_word' id='word_1_473' title='bbox 1805 1340 1871 1372; x_wconf 85' lang='lat' dir='ltr'>pro</span> <span class='ocrx_word' id='word_1_474' title='bbox 1895 1328 2042 1362; x_wconf 74' lang='lat' dir='ltr'>viribus.</span> 
     </span>
    </p>
   </div>
   <div class='ocr_carea' id='block_1_13' title="bbox 1150 1394 2180 1696">
    <p class='ocr_par' dir='ltr' id='par_1_27' title="bbox 1287 1394 2178 1444">
     <span class='ocr_line' id='line_1_79' title="bbox 1287 1394 2178 1444; baseline 0.004 -16"><span class='ocrx_word' id='word_1_475' title='bbox 1287 1408 1319 1429; x_wconf 71' lang='lat' dir='ltr'><strong>v.</strong></span> <span class='ocrx_word' id='word_1_476' title='bbox 1343 1395 1430 1429; x_wconf 81' lang='lat'><strong>341.</strong></span> <span class='ocrx_word' id='word_1_477' title='bbox 1456 1395 1576 1442; x_wconf 84' lang='lat'><strong>(339.)</strong></span> <span class='ocrx_word' id='word_1_478' title='bbox 1629 1394 1738 1443; x_wconf 59' lang='lat' dir='ltr'>&#39;Octo&#39;</span> <span class='ocrx_word' id='word_1_479' title='bbox 1761 1396 1884 1431; x_wconf 76' lang='grc' dir='ltr'><em>ἄλλων</em></span> <span class='ocrx_word' id='word_1_480' title='bbox 1913 1395 1991 1442; x_wconf 79' lang='grc' dir='ltr'>ὠνῇ</span> <span class='ocrx_word' id='word_1_481' title='bbox 2020 1395 2178 1444; x_wconf 76' lang='grc' dir='ltr'><strong><em>κλῆρον]</em></strong></span> 
     </span>
    </p>

    <p class='ocr_par' dir='ltr' id='par_1_28' title="bbox 1181 1446 2180 1493">
     <span class='ocr_line' id='line_1_80' title="bbox 1181 1446 2180 1493; baseline 0.003 -14"><span class='ocrx_word' id='word_1_482' title='bbox 1181 1446 1258 1479; x_wconf 86' lang='lat' dir='ltr'>Hoc</span> <span class='ocrx_word' id='word_1_483' title='bbox 1282 1452 1352 1485; x_wconf 84' lang='lat' dir='ltr'>est,</span> <span class='ocrx_word' id='word_1_484' title='bbox 1374 1453 1414 1479; x_wconf 88' lang='lat' dir='ltr'>ut</span> <span class='ocrx_word' id='word_1_485' title='bbox 1440 1447 1593 1479; x_wconf 90' lang='lat' dir='ltr'>aliorum</span> <span class='ocrx_word' id='word_1_486' title='bbox 1620 1447 1718 1480; x_wconf 70' lang='lat' dir='ltr'>iuves</span> <span class='ocrx_word' id='word_1_487' title='bbox 1740 1460 1815 1480; x_wconf 92' lang='lat' dir='ltr'>rem</span> <span class='ocrx_word' id='word_1_488' title='bbox 1838 1448 2050 1480; x_wconf 86' lang='lat' dir='ltr'>familiarem</span> <span class='ocrx_word' id='word_1_489' title='bbox 2065 1475 2073 1488; x_wconf 83' lang='lat'>‚</span> <span class='ocrx_word' id='word_1_490' title='bbox 2098 1461 2180 1493; x_wconf 89' lang='lat' dir='ltr'>pos-</span> 
     </span>
    </p>

    <p class='ocr_par' dir='ltr' id='par_1_29' title="bbox 1181 1495 2180 1533">
     <span class='ocr_line' id='line_1_81' title="bbox 1181 1495 2180 1533; baseline 0.002 -2"><span class='ocrx_word' id='word_1_491' title='bbox 1181 1497 1375 1531; x_wconf 89' lang='lat' dir='ltr'>sessionem</span> <span class='ocrx_word' id='word_1_492' title='bbox 1402 1503 1466 1531; x_wconf 85' lang='lat' dir='ltr'>etc.</span> <span class='ocrx_word' id='word_1_493' title='bbox 1519 1498 1576 1531; x_wconf 79' lang='lat' dir='ltr'>Ad</span> <span class='ocrx_word' id='word_1_494' title='bbox 1600 1495 1695 1530; x_wconf 86' lang='lat' dir='ltr'>hune</span> <span class='ocrx_word' id='word_1_495' title='bbox 1715 1499 1865 1532; x_wconf 88' lang='lat' dir='ltr'>modum</span> <span class='ocrx_word' id='word_1_496' title='bbox 1893 1499 1998 1531; x_wconf 86' lang='lat' dir='ltr'>etiam</span> <span class='ocrx_word' id='word_1_497' title='bbox 2018 1497 2180 1533; x_wconf 90' lang='lat' dir='ltr'>Christus</span> 
     </span>
    </p>

    <p class='ocr_par' dir='ltr' id='par_1_30' title="bbox 1150 1546 2179 1596">
     <span class='ocr_line' id='line_1_82' title="bbox 1150 1546 2179 1596; baseline 0.002 -15"><span class='ocrx_word' id='word_1_498' title='bbox 1150 1546 1153 1550; x_wconf 38' lang='lat'>⁸</span> <span class='ocrx_word' id='word_1_499' title='bbox 1181 1549 1218 1581; x_wconf 91' lang='lat' dir='ltr'>in</span> <span class='ocrx_word' id='word_1_500' title='bbox 1242 1548 1439 1592; x_wconf 80' lang='lat' dir='ltr'>Evangelio</span> <span class='ocrx_word' id='word_1_501' title='bbox 1466 1548 1663 1595; x_wconf 58' lang='lat' dir='ltr'>nionetffi),</span> <span class='ocrx_word' id='word_1_502' title='bbox 1686 1556 1724 1582; x_wconf 86' lang='lat' dir='ltr'>ut</span> <span class='ocrx_word' id='word_1_503' title='bbox 1748 1550 1859 1583; x_wconf 88' lang='lat' dir='ltr'>simus</span> <span class='ocrx_word' id='word_1_504' title='bbox 1885 1562 2080 1594; x_wconf 83' lang='lat' dir='ltr'>pauperes,</span> <span class='ocrx_word' id='word_1_505' title='bbox 2107 1563 2179 1596; x_wconf 91' lang='lat' dir='ltr'>quo</span> 
     </span>
    </p>

    <p class='ocr_par' dir='ltr' id='par_1_31' title="bbox 1180 1599 2180 1696">
     <span class='ocr_line' id='line_1_83' title="bbox 1182 1599 2180 1648; baseline 0.005 -16"><span class='ocrx_word' id='word_1_506' title='bbox 1182 1600 1261 1633; x_wconf 89' lang='lat' dir='ltr'>aliis</span> <span class='ocrx_word' id='word_1_507' title='bbox 1295 1599 1472 1644; x_wconf 86' lang='lat' dir='ltr'>possimus</span> <span class='ocrx_word' id='word_1_508' title='bbox 1504 1601 1617 1645; x_wconf 62' lang='lat' dir='ltr'>dare:</span> <span class='ocrx_word' id='word_1_509' title='bbox 1646 1613 1720 1633; x_wconf 90' lang='lat' dir='ltr'>non</span> <span class='ocrx_word' id='word_1_510' title='bbox 1754 1608 1794 1635; x_wconf 86' lang='lat' dir='ltr'>ut</span> <span class='ocrx_word' id='word_1_511' title='bbox 1825 1601 2053 1645; x_wconf 87' lang='lat' dir='ltr'>accipiamus.</span> <span class='ocrx_word' id='word_1_512' title='bbox 2101 1600 2180 1648; x_wconf 77' lang='grc' dir='ltr'>ὠνῇ</span> 
     </span>
     <span class='ocr_line' id='line_1_84' title="bbox 1180 1652 1968 1696; baseline 0.003 -12"><span class='ocrx_word' id='word_1_513' title='bbox 1180 1658 1329 1696; x_wconf 87' lang='lat' dir='ltr'>propter</span> <span class='ocrx_word' id='word_1_514' title='bbox 1354 1663 1516 1691; x_wconf 74' lang='lat' dir='ltr'>versum,</span> <span class='ocrx_word' id='word_1_515' title='bbox 1542 1666 1561 1686; x_wconf 90' lang='grc' dir='ltr'><strong><em>ο</em></strong></span> <span class='ocrx_word' id='word_1_516' title='bbox 1586 1652 1621 1684; x_wconf 89' lang='lat' dir='ltr'>in</span> <span class='ocrx_word' id='word_1_517' title='bbox 1645 1665 1675 1686; x_wconf 88' lang='grc' dir='ltr'>ω</span> <span class='ocrx_word' id='word_1_518' title='bbox 1701 1658 1879 1686; x_wconf 87' lang='lat' dir='ltr'>mutatum</span> <span class='ocrx_word' id='word_1_519' title='bbox 1907 1659 1968 1687; x_wconf 88' lang='lat' dir='ltr'>est.</span> 
     </span>
    </p>
   </div>
   <div class='ocr_carea' id='block_1_14' title="bbox 1179 1718 2180 2175">
    <p class='ocr_par' dir='ltr' id='par_1_32' title="bbox 1179 1718 2180 2175">
     <span class='ocr_line' id='line_1_85' title="bbox 1283 1718 2180 1767; baseline 0.003 -15"><span class='ocrx_word' id='word_1_520' title='bbox 1283 1732 1316 1753; x_wconf 71' lang='lat' dir='ltr'><strong>v.</strong></span> <span class='ocrx_word' id='word_1_521' title='bbox 1344 1719 1430 1754; x_wconf 84' lang='grc'><strong>342.</strong></span> <span class='ocrx_word' id='word_1_522' title='bbox 1458 1718 1579 1764; x_wconf 77' lang='grc'><strong>(340.)</strong></span> <span class='ocrx_word' id='word_1_523' title='bbox 1643 1718 1719 1755; x_wconf 81' lang='grc' dir='ltr'>Τὸν</span> <span class='ocrx_word' id='word_1_524' title='bbox 1756 1719 1931 1767; x_wconf 73' lang='grc' dir='ltr'>([ιλεόντα</span> <span class='ocrx_word' id='word_1_525' title='bbox 1971 1718 2029 1755; x_wconf 71' lang='grc' dir='ltr'>ἐπὶ</span> <span class='ocrx_word' id='word_1_526' title='bbox 2067 1719 2180 1755; x_wconf 73' lang='grc' dir='ltr'><strong><em>δαῖτα</em></strong></span> 
     </span>
     <span class='ocr_line' id='line_1_86' title="bbox 1179 1768 2178 1819; baseline 0 -15"><span class='ocrx_word' id='word_1_527' title='bbox 1179 1772 1328 1815; x_wconf 79' lang='grc' dir='ltr'>καλεῖν,</span> <span class='ocrx_word' id='word_1_528' title='bbox 1349 1769 1416 1805; x_wconf 81' lang='grc' dir='ltr'>τὸν</span> <span class='ocrx_word' id='word_1_529' title='bbox 1438 1768 1469 1805; x_wconf 71' lang='grc' dir='ltr'>δ’</span> <span class='ocrx_word' id='word_1_530' title='bbox 1498 1769 1639 1816; x_wconf 75' lang='grc' dir='ltr'><strong><em>ἐχθρὸν</em></strong></span> <span class='ocrx_word' id='word_1_531' title='bbox 1662 1770 1802 1819; x_wconf 80' lang='grc' dir='ltr'><strong>ἐᾶσαι.]</strong></span> <span class='ocrx_word' id='word_1_532' title='bbox 1843 1771 1976 1805; x_wconf 86' lang='lat' dir='ltr'>Adiicit</span> <span class='ocrx_word' id='word_1_533' title='bbox 2001 1773 2178 1817; x_wconf 85' lang='lat' dir='ltr'>quaedam</span> 
     </span>
     <span class='ocr_line' id='line_1_87' title="bbox 1180 1822 2180 1868; baseline 0.002 -14"><span class='ocrx_word' id='word_1_534' title='bbox 1180 1828 1370 1866; x_wconf 84' lang='lat' dir='ltr'>praecepta</span> <span class='ocrx_word' id='word_1_535' title='bbox 1394 1822 1637 1862; x_wconf 82' lang='lat' dir='ltr'>liberalitatis,</span> <span class='ocrx_word' id='word_1_536' title='bbox 1665 1825 1724 1856; x_wconf 88' lang='lat' dir='ltr'>sed</span> <span class='ocrx_word' id='word_1_537' title='bbox 1744 1830 1863 1856; x_wconf 81' lang='lat' dir='ltr'>tamen</span> <span class='ocrx_word' id='word_1_538' title='bbox 1881 1823 2054 1856; x_wconf 83' lang='lat' dir='ltr'>alieniora</span> <span class='ocrx_word' id='word_1_539' title='bbox 2071 1835 2088 1855; x_wconf 89' lang='lat' dir='ltr'>a</span> <span class='ocrx_word' id='word_1_540' title='bbox 2107 1823 2180 1868; x_wconf 87' lang='lat' dir='ltr'>pri-</span> 
     </span>
     <span class='ocr_line' id='line_1_88' title="bbox 1180 1872 2180 1919; baseline 0.003 -15"><span class='ocrx_word' id='word_1_541' title='bbox 1180 1872 1246 1905; x_wconf 91' lang='lat' dir='ltr'>mis</span> <span class='ocrx_word' id='word_1_542' title='bbox 1273 1873 1341 1905; x_wconf 87' lang='lat' dir='ltr'>illis</span> <span class='ocrx_word' id='word_1_543' title='bbox 1366 1873 1521 1905; x_wconf 90' lang='lat' dir='ltr'>iustitiae</span> <span class='ocrx_word' id='word_1_544' title='bbox 1545 1874 1734 1916; x_wconf 79' lang='lat' dir='ltr'>gradibus,</span> <span class='ocrx_word' id='word_1_545' title='bbox 1766 1874 1856 1908; x_wconf 89' lang='lat' dir='ltr'>sicut</span> <span class='ocrx_word' id='word_1_546' title='bbox 1881 1874 1968 1919; x_wconf 69' lang='lat' dir='ltr'>et35)</span> <span class='ocrx_word' id='word_1_547' title='bbox 1992 1874 2115 1907; x_wconf 87' lang='lat' dir='ltr'>Cicero</span> <span class='ocrx_word' id='word_1_548' title='bbox 2141 1874 2180 1907; x_wconf 86' lang='lat' dir='ltr'>in</span> 
     </span>
     <span class='ocr_line' id='line_1_89' title="bbox 1179 1923 2180 1971; baseline 0.001 -14"><span class='ocrx_word' id='word_1_549' title='bbox 1179 1923 1368 1970; x_wconf 63' lang='lat' dir='ltr'>Officiisssfl)</span> <span class='ocrx_word' id='word_1_550' title='bbox 1395 1924 1489 1958; x_wconf 85' lang='lat' dir='ltr'>facit.</span> <span class='ocrx_word' id='word_1_551' title='bbox 1551 1925 1624 1958; x_wconf 59' lang='lat' dir='ltr'>Nec</span> <span class='ocrx_word' id='word_1_552' title='bbox 1652 1932 1702 1958; x_wconf 80' lang='lat' dir='ltr'>est</span> <span class='ocrx_word' id='word_1_553' title='bbox 1731 1926 1901 1970; x_wconf 86' lang='lat' dir='ltr'>impium,</span> <span class='ocrx_word' id='word_1_554' title='bbox 1934 1927 2031 1971; x_wconf 89' lang='lat' dir='ltr'>quod</span> <span class='ocrx_word' id='word_1_555' title='bbox 2060 1926 2180 1958; x_wconf 89' lang='lat' dir='ltr'>inimi-</span> 
     </span>
     <span class='ocr_line' id='line_1_90' title="bbox 1180 1976 2180 2016; baseline 0.003 -9"><span class='ocrx_word' id='word_1_556' title='bbox 1180 1987 1259 2007; x_wconf 87' lang='lat' dir='ltr'>cum</span> <span class='ocrx_word' id='word_1_557' title='bbox 1293 1976 1530 2008; x_wconf 89' lang='lat' dir='ltr'>omittendum</span> <span class='ocrx_word' id='word_1_558' title='bbox 1557 1988 1629 2009; x_wconf 89' lang='lat' dir='ltr'>esse</span> <span class='ocrx_word' id='word_1_559' title='bbox 1657 1983 1799 2016; x_wconf 82' lang='lat' dir='ltr'>monet,</span> <span class='ocrx_word' id='word_1_560' title='bbox 1829 1990 1908 2010; x_wconf 86' lang='lat' dir='ltr'>cum</span> <span class='ocrx_word' id='word_1_561' title='bbox 1942 1984 1975 2010; x_wconf 92' lang='lat' dir='ltr'>et</span> <span class='ocrx_word' id='word_1_562' title='bbox 2006 1977 2180 2010; x_wconf 86' lang='lat' dir='ltr'>Salomon</span> 
     </span>
     <span class='ocr_line' id='line_1_91' title="bbox 1181 2026 2178 2074; baseline 0.003 -16"><span class='ocrx_word' id='word_1_563' title='bbox 1181 2026 1254 2059; x_wconf 89' lang='lat' dir='ltr'>eius</span> <span class='ocrx_word' id='word_1_564' title='bbox 1286 2027 1339 2059; x_wconf 89' lang='lat' dir='ltr'>rei</span> <span class='ocrx_word' id='word_1_565' title='bbox 1370 2027 1576 2060; x_wconf 89' lang='lat' dir='ltr'>meminerit</span> <span class='ocrx_word' id='word_1_566' title='bbox 1592 2026 1675 2074; x_wconf 72' lang='lat'>⁸⁶³),</span> <span class='ocrx_word' id='word_1_567' title='bbox 1721 2030 1919 2062; x_wconf 68' lang='lat' dir='ltr'>cavendum</span> <span class='ocrx_word' id='word_1_568' title='bbox 1954 2035 2097 2069; x_wconf 85' lang='lat' dir='ltr'>tamen,</span> <span class='ocrx_word' id='word_1_569' title='bbox 2132 2041 2178 2061; x_wconf 90' lang='lat' dir='ltr'>ne</span> 
     </span>
     <span class='ocr_line' id='line_1_92' title="bbox 1179 2078 2178 2114; baseline 0.003 -5"><span class='ocrx_word' id='word_1_570' title='bbox 1179 2083 1304 2110; x_wconf 84' lang='lat' dir='ltr'>nostro</span> <span class='ocrx_word' id='word_1_571' title='bbox 1331 2078 1418 2110; x_wconf 67' lang='lat' dir='ltr'>vitio</span> <span class='ocrx_word' id='word_1_572' title='bbox 1439 2078 1587 2112; x_wconf 79' lang='lat' dir='ltr'>accidat.</span> <span class='ocrx_word' id='word_1_573' title='bbox 1643 2080 1772 2114; x_wconf 69' lang='grc' dir='ltr'>Φιλεῖν</span> <span class='ocrx_word' id='word_1_574' title='bbox 1798 2092 1871 2112; x_wconf 81' lang='lat' dir='ltr'>non</span> <span class='ocrx_word' id='word_1_575' title='bbox 1894 2093 2014 2112; x_wconf 85' lang='lat' dir='ltr'>amare</span> <span class='ocrx_word' id='word_1_576' title='bbox 2038 2086 2178 2113; x_wconf 87' lang='lat' dir='ltr'>tantum</span> 
     </span>
     <span class='ocr_line' id='line_1_93' title="bbox 1179 2127 2179 2175; baseline 0.002 -15"><span class='ocrx_word' id='word_1_577' title='bbox 1179 2127 1373 2172; x_wconf 77' lang='lat' dir='ltr'>significat,</span> <span class='ocrx_word' id='word_1_578' title='bbox 1398 2131 1459 2162; x_wconf 83' lang='lat' dir='ltr'>sed</span> <span class='ocrx_word' id='word_1_579' title='bbox 1484 2130 1590 2162; x_wconf 88' lang='lat' dir='ltr'>etiam</span> <span class='ocrx_word' id='word_1_580' title='bbox 1615 2128 1772 2175; x_wconf 86' lang='lat' dir='ltr'>hospitio</span> <span class='ocrx_word' id='word_1_581' title='bbox 1801 2132 1981 2175; x_wconf 82' lang='lat' dir='ltr'>accipere,</span> <span class='ocrx_word' id='word_1_582' title='bbox 2012 2138 2044 2163; x_wconf 89' lang='grc' dir='ltr'>θῖ</span> <span class='ocrx_word' id='word_1_583' title='bbox 2070 2131 2179 2163; x_wconf 89' lang='lat' dir='ltr'>comi-</span> 
     </span>
    </p>
   </div>
   <div class='ocr_carea' id='block_1_15' title="bbox 1740 185 2048 234">
    <p class='ocr_par' dir='ltr' id='par_1_33' title="bbox 1740 185 2048 234">
     <span class='ocr_line' id='line_1_94' title="bbox 1740 185 2048 234; baseline 0 -12"><span class='ocrx_word' id='word_1_584' title='bbox 1740 185 1821 234; x_wconf 76' lang='grc' dir='ltr'>τεῦ]</span> <span class='ocrx_word' id='word_1_585' title='bbox 1846 199 1913 232; x_wconf 90' lang='lat' dir='ltr'>pro</span> <span class='ocrx_word' id='word_1_586' title='bbox 1939 186 2048 227; x_wconf 77' lang='grc' dir='ltr'><strong>τινὸς.</strong></span> 
     </span>
    </p>
   </div>
   <div class='ocr_carea' id='block_1_16' title="bbox 1147 2279 2179 2730">
    <p class='ocr_par' dir='ltr' id='par_1_34' title="bbox 1213 2279 2054 2312">
     <span class='ocr_line' id='line_1_95' title="bbox 1213 2279 2054 2312; baseline 0.002 -8"><span class='ocrx_word' id='word_1_587' title='bbox 1213 2279 1260 2311; x_wconf 84' lang='grc'>79)</span> <span class='ocrx_word' id='word_1_588' title='bbox 1281 2280 1435 2309; x_wconf 76' lang='lat' dir='ltr'>Autithesi]</span> <span class='ocrx_word' id='word_1_589' title='bbox 1454 2280 1504 2306; x_wconf 85' lang='lat' dir='ltr'>Ed.</span> <span class='ocrx_word' id='word_1_590' title='bbox 1520 2281 1595 2306; x_wconf 77' lang='lat'><strong>1541.</strong></span> <span class='ocrx_word' id='word_1_591' title='bbox 1610 2282 1641 2306; x_wconf 92' lang='lat' dir='ltr'><strong>B.</strong></span> <span class='ocrx_word' id='word_1_592' title='bbox 1661 2287 1757 2305; x_wconf 87' lang='lat' dir='ltr'>errore</span> <span class='ocrx_word' id='word_1_593' title='bbox 1776 2282 1903 2312; x_wconf 72' lang='lat' dir='ltr'>typogr.:</span> <span class='ocrx_word' id='word_1_594' title='bbox 1931 2282 2054 2307; x_wconf 84' lang='lat' dir='ltr'>Anthesi.</span> 
     </span>
    </p>

    <p class='ocr_par' dir='ltr' id='par_1_35' title="bbox 1213 2322 1968 2355">
     <span class='ocr_line' id='line_1_96' title="bbox 1213 2322 1968 2355; baseline 0.001 -9"><span class='ocrx_word' id='word_1_595' title='bbox 1213 2322 1260 2354; x_wconf 81' lang='lat'>80)</span> <span class='ocrx_word' id='word_1_596' title='bbox 1281 2322 1382 2355; x_wconf 87' lang='lat' dir='ltr'>Atque]</span> <span class='ocrx_word' id='word_1_597' title='bbox 1404 2324 1452 2346; x_wconf 79' lang='lat' dir='ltr'>Ed.</span> <span class='ocrx_word' id='word_1_598' title='bbox 1471 2324 1544 2347; x_wconf 68' lang='lat'><strong>1541.</strong></span> <span class='ocrx_word' id='word_1_599' title='bbox 1559 2325 1587 2347; x_wconf 87' lang='grc' dir='ltr'>Β.</span> <span class='ocrx_word' id='word_1_600' title='bbox 1609 2329 1705 2347; x_wconf 84' lang='lat' dir='ltr'>errore</span> <span class='ocrx_word' id='word_1_601' title='bbox 1724 2325 1851 2354; x_wconf 71' lang='lat' dir='ltr'>typogr.:</span> <span class='ocrx_word' id='word_1_602' title='bbox 1876 2323 1968 2354; x_wconf 76' lang='lat' dir='ltr'>Atqui.</span> 
     </span>
    </p>

    <p class='ocr_par' dir='ltr' id='par_1_36' title="bbox 1213 2363 1596 2394">
     <span class='ocr_line' id='line_1_97' title="bbox 1213 2363 1596 2394; baseline 0.005 -7"><span class='ocrx_word' id='word_1_603' title='bbox 1213 2363 1278 2394; x_wconf 81' lang='lat' dir='ltr'>Soa)</span> <span class='ocrx_word' id='word_1_604' title='bbox 1299 2365 1330 2389; x_wconf 90' lang='lat' dir='ltr'><strong>E.</strong></span> <span class='ocrx_word' id='word_1_605' title='bbox 1351 2371 1374 2389; x_wconf 87' lang='lat' dir='ltr'>c.</span> <span class='ocrx_word' id='word_1_606' title='bbox 1395 2365 1503 2389; x_wconf 76' lang='lat' dir='ltr'>Fit-mic.</span> <span class='ocrx_word' id='word_1_607' title='bbox 1523 2365 1549 2391; x_wconf 89' lang='lat'><strong>3.</strong></span> <span class='ocrx_word' id='word_1_608' title='bbox 1574 2367 1596 2389; x_wconf 93' lang='grc'>1.</span> 
     </span>
    </p>

    <p class='ocr_par' dir='ltr' id='par_1_37' title="bbox 1213 2407 1648 2437">
     <span class='ocr_line' id='line_1_98' title="bbox 1213 2407 1648 2437; baseline 0.007 -8"><span class='ocrx_word' id='word_1_609' title='bbox 1213 2407 1262 2435; x_wconf 87' lang='grc'><strong>81)</strong></span> <span class='ocrx_word' id='word_1_610' title='bbox 1282 2407 1361 2437; x_wconf 71' lang='lat' dir='ltr'>Virg.</span> <span class='ocrx_word' id='word_1_611' title='bbox 1380 2409 1449 2431; x_wconf 80' lang='lat' dir='ltr'>Aen.</span> <span class='ocrx_word' id='word_1_612' title='bbox 1470 2408 1490 2435; x_wconf 80' lang='lat'><strong>1.</strong></span> <span class='ocrx_word' id='word_1_613' title='bbox 1509 2408 1568 2432; x_wconf 86' lang='grc'><strong>736.</strong></span> <span class='ocrx_word' id='word_1_614' title='bbox 1588 2408 1648 2432; x_wconf 87' lang='grc'><strong>737.</strong></span> 
     </span>
    </p>

    <p class='ocr_par' dir='ltr' id='par_1_38' title="bbox 1213 2448 2177 2481">
     <span class='ocr_line' id='line_1_99' title="bbox 1213 2448 2177 2481; baseline 0.002 -8"><span class='ocrx_word' id='word_1_615' title='bbox 1213 2450 1263 2477; x_wconf 79' lang='grc'>82)</span> <span class='ocrx_word' id='word_1_616' title='bbox 1283 2450 1383 2473; x_wconf 81' lang='lat' dir='ltr'>dictum</span> <span class='ocrx_word' id='word_1_617' title='bbox 1402 2451 1444 2472; x_wconf 77' lang='lat' dir='ltr'>est</span> <span class='ocrx_word' id='word_1_618' title='bbox 1465 2456 1514 2479; x_wconf 84' lang='lat' dir='ltr'>pro</span> <span class='ocrx_word' id='word_1_619' title='bbox 1534 2448 1602 2473; x_wconf 73' lang='grc' dir='ltr'>κατά</span> <span class='ocrx_word' id='word_1_620' title='bbox 1624 2448 1756 2481; x_wconf 70' lang='grc' dir='ltr'>δύναμιν]</span> <span class='ocrx_word' id='word_1_621' title='bbox 1776 2451 1843 2475; x_wconf 84' lang='lat' dir='ltr'>haec</span> <span class='ocrx_word' id='word_1_622' title='bbox 1866 2451 1893 2475; x_wconf 88' lang='lat' dir='ltr'>iu</span> <span class='ocrx_word' id='word_1_623' title='bbox 1913 2451 1961 2475; x_wconf 84' lang='lat' dir='ltr'>Ed.</span> <span class='ocrx_word' id='word_1_624' title='bbox 1976 2451 2049 2474; x_wconf 85' lang='lat'><strong>1557.</strong></span> <span class='ocrx_word' id='word_1_625' title='bbox 2069 2451 2177 2476; x_wconf 84' lang='lat' dir='ltr'>desunt.</span> 
     </span>
    </p>

    <p class='ocr_par' dir='ltr' id='par_1_39' title="bbox 1214 2493 2179 2525">
     <span class='ocr_line' id='line_1_100' title="bbox 1214 2493 2179 2525; baseline 0.002 -9"><span class='ocrx_word' id='word_1_626' title='bbox 1214 2493 1262 2520; x_wconf 84' lang='grc'>83)</span> <span class='ocrx_word' id='word_1_627' title='bbox 1283 2493 1362 2517; x_wconf 80' lang='lat' dir='ltr'><strong>Conf.</strong></span> <span class='ocrx_word' id='word_1_628' title='bbox 1381 2493 1476 2516; x_wconf 78' lang='lat' dir='ltr'>Matth.</span> <span class='ocrx_word' id='word_1_629' title='bbox 1498 2493 1544 2521; x_wconf 82' lang='grc'><strong>19,</strong></span> <span class='ocrx_word' id='word_1_630' title='bbox 1563 2493 1606 2518; x_wconf 80' lang='lat'>21.</span> <span class='ocrx_word' id='word_1_631' title='bbox 1659 2494 1744 2518; x_wconf 77' lang='lat' dir='ltr'>Marc.</span> <span class='ocrx_word' id='word_1_632' title='bbox 1765 2495 1812 2521; x_wconf 82' lang='lat'><strong>10.</strong></span> <span class='ocrx_word' id='word_1_633' title='bbox 1831 2494 1874 2518; x_wconf 83' lang='lat'>21.</span> <span class='ocrx_word' id='word_1_634' title='bbox 1929 2495 1993 2518; x_wconf 81' lang='lat' dir='ltr'>Luc.</span> <span class='ocrx_word' id='word_1_635' title='bbox 2013 2495 2045 2525; x_wconf 77' lang='lat'>6,</span> <span class='ocrx_word' id='word_1_636' title='bbox 2064 2495 2098 2519; x_wconf 87' lang='lat'>20</span> <span class='ocrx_word' id='word_1_637' title='bbox 2117 2501 2179 2524; x_wconf 81' lang='lat' dir='ltr'>sqq.</span> 
     </span>
    </p>

    <p class='ocr_par' dir='ltr' id='par_1_40' title="bbox 1250 2528 1359 2551">
     <span class='ocr_line' id='line_1_101' title="bbox 1250 2528 1359 2551; baseline -0.009 0"><span class='ocrx_word' id='word_1_638' title='bbox 1250 2528 1298 2551; x_wconf 69' lang='lat'><strong>18.</strong></span> <span class='ocrx_word' id='word_1_639' title='bbox 1317 2528 1359 2550; x_wconf 80' lang='lat'>22.</span> 
     </span>
    </p>

    <p class='ocr_par' dir='ltr' id='par_1_41' title="bbox 1213 2569 1576 2601">
     <span class='ocr_line' id='line_1_102' title="bbox 1213 2569 1576 2601; baseline -0.006 -7"><span class='ocrx_word' id='word_1_640' title='bbox 1213 2569 1260 2601; x_wconf 73' lang='lat'>84)</span> <span class='ocrx_word' id='word_1_641' title='bbox 1283 2569 1309 2601; x_wconf 92' lang='lat' dir='ltr'>o]</span> <span class='ocrx_word' id='word_1_642' title='bbox 1330 2570 1380 2594; x_wconf 88' lang='lat' dir='ltr'>Ed.</span> <span class='ocrx_word' id='word_1_643' title='bbox 1402 2570 1477 2594; x_wconf 85' lang='lat'><strong>1532.</strong></span> <span class='ocrx_word' id='word_1_644' title='bbox 1499 2577 1531 2593; x_wconf 84' lang='lat' dir='ltr'>ex</span> <span class='ocrx_word' id='word_1_645' title='bbox 1553 2578 1576 2596; x_wconf 84' lang='grc' dir='ltr'>ο,</span> 
     </span>
    </p>

    <p class='ocr_par' dir='ltr' id='par_1_42' title="bbox 1212 2611 1846 2645">
     <span class='ocr_line' id='line_1_103' title="bbox 1212 2611 1846 2645; baseline 0.002 -8"><span class='ocrx_word' id='word_1_646' title='bbox 1212 2614 1261 2641; x_wconf 79' lang='grc'>85)</span> <span class='ocrx_word' id='word_1_647' title='bbox 1281 2611 1319 2644; x_wconf 84' lang='lat' dir='ltr'>et]</span> <span class='ocrx_word' id='word_1_648' title='bbox 1344 2613 1371 2635; x_wconf 86' lang='lat' dir='ltr'>in</span> <span class='ocrx_word' id='word_1_649' title='bbox 1390 2613 1474 2638; x_wconf 82' lang='lat' dir='ltr'>Editt.</span> <span class='ocrx_word' id='word_1_650' title='bbox 1497 2614 1572 2637; x_wconf 65' lang='lat'><strong>1541.</strong></span> <span class='ocrx_word' id='word_1_651' title='bbox 1592 2614 1641 2645; x_wconf 84' lang='lat' dir='ltr'><strong>F.‚</strong></span> <span class='ocrx_word' id='word_1_652' title='bbox 1663 2614 1738 2640; x_wconf 84' lang='lat'><strong>1557.</strong></span> <span class='ocrx_word' id='word_1_653' title='bbox 1759 2615 1846 2638; x_wconf 81' lang='lat' dir='ltr'>deest.</span> 
     </span>
    </p>

    <p class='ocr_par' dir='ltr' id='par_1_43' title="bbox 1147 2656 2179 2730">
     <span class='ocr_line' id='line_1_104' title="bbox 1212 2656 2179 2688; baseline 0.003 -8"><span class='ocrx_word' id='word_1_654' title='bbox 1212 2657 1261 2684; x_wconf 88' lang='grc'>86)</span> <span class='ocrx_word' id='word_1_655' title='bbox 1281 2656 1336 2680; x_wconf 86' lang='lat' dir='ltr'>Cic.</span> <span class='ocrx_word' id='word_1_656' title='bbox 1357 2656 1434 2680; x_wconf 82' lang='lat' dir='ltr'>Offic.</span> <span class='ocrx_word' id='word_1_657' title='bbox 1450 2657 1469 2681; x_wconf 86' lang='lat'>1.</span> <span class='ocrx_word' id='word_1_658' title='bbox 1485 2664 1506 2682; x_wconf 92' lang='lat' dir='ltr'>c.</span> <span class='ocrx_word' id='word_1_659' title='bbox 1524 2658 1555 2680; x_wconf 77' lang='grc'><strong>14</strong></span> <span class='ocrx_word' id='word_1_660' title='bbox 1569 2664 1627 2688; x_wconf 87' lang='lat' dir='ltr'>sqq.</span> <span class='ocrx_word' id='word_1_661' title='bbox 1643 2659 1669 2681; x_wconf 86' lang='lat' dir='ltr'>et</span> <span class='ocrx_word' id='word_1_662' title='bbox 1684 2659 1717 2681; x_wconf 89' lang='lat'>11.</span> <span class='ocrx_word' id='word_1_663' title='bbox 1734 2665 1755 2682; x_wconf 88' lang='lat' dir='ltr'>c.</span> <span class='ocrx_word' id='word_1_664' title='bbox 1774 2659 1813 2681; x_wconf 82' lang='lat'>15.</span> <span class='ocrx_word' id='word_1_665' title='bbox 1830 2658 1863 2681; x_wconf 90' lang='lat' dir='ltr'>de</span> <span class='ocrx_word' id='word_1_666' title='bbox 1879 2658 2046 2681; x_wconf 82' lang='lat' dir='ltr'>liberalitate</span> <span class='ocrx_word' id='word_1_667' title='bbox 2060 2657 2179 2684; x_wconf 81' lang='lat' dir='ltr'>disserit.</span> 
     </span>
     <span class='ocr_line' id='line_1_105' title="bbox 1147 2668 2051 2730; baseline 0.004 -10"><span class='ocrx_word' id='word_1_668' title='bbox 1147 2668 1153 2724; x_wconf 83' lang='lat' dir='ltr'>l</span> <span class='ocrx_word' id='word_1_669' title='bbox 1213 2698 1286 2726; x_wconf 62' lang='grc'><strong>863)</strong></span> <span class='ocrx_word' id='word_1_670' title='bbox 1304 2698 1446 2721; x_wconf 82' lang='lat' dir='ltr'>Eiusmodi</span> <span class='ocrx_word' id='word_1_671' title='bbox 1466 2698 1567 2723; x_wconf 85' lang='lat' dir='ltr'>dictum</span> <span class='ocrx_word' id='word_1_672' title='bbox 1587 2700 1659 2730; x_wconf 85' lang='lat' dir='ltr'>apud</span> <span class='ocrx_word' id='word_1_673' title='bbox 1680 2701 1854 2725; x_wconf 79' lang='lat' dir='ltr'>salomonem</span> <span class='ocrx_word' id='word_1_674' title='bbox 1874 2706 1928 2724; x_wconf 88' lang='lat' dir='ltr'>non</span> <span class='ocrx_word' id='word_1_675' title='bbox 1947 2699 2051 2725; x_wconf 80' lang='lat' dir='ltr'>inveni.</span> 
     </span>
    </p>
   </div>
  </div>
 </body>
</html>
