2373 2980
93 82 187 118 1021
611 77 732 114 LXXI.
782 75 1182 114 INTERPRETATIO
1208 75 1334 112 IOMS
1360 77 1610 115 EURIPIDIS.
2029 89 2125 124 1022

143 169 241 203 Ghor.
267 166 374 199 Recte
392 164 531 204 dixisti,
554 164 583 199 si
599 165 744 211 quidem
761 171 795 199 et
810 166 882 208 illi,
912 180 1001 214 quos
1015 179 1080 213 ego
1504 164 1692 213 [Stroph
1703 167 1757 217 e.]

138 269 193 303 De
212 275 273 302 tua
294 268 458 302 oratione
477 228 601 301 eszznnz'
609 267 784 303 feliciores
794 268 852 316 75).
1189 241 1285 274 Chor.
1320 240 1433 274 Video
1460 242 1851 327 quidgrgalachrymas,
1881 253 1914 281 et
1932 248 2000 281 alia
2025 249 2124 293 lugu-

90 319 165 356 650
190 321 299 355 Xutlt.
324 319 456 353 Desine
475 320 517 352 de
532 317 599 352 hac
615 331 672 359 re,
703 327 737 353 et
752 321 865 355 discas
884 333 956 355 esse
973 321 1066 355 felix.

141 372 234 405 Volo
252 372 346 405 enirn
364 384 430 416 pro
450 383 511 410 e0‚
537 371 633 416 quod
651 377 683 404 te
702 372 842 413 inveni,
870 373 1080 412 sacrificare,

140 422 310 458 Exhibito
327 421 509 456 communi
527 422 645 466 epulo,

141 475 186 509 Et
209 475 290 508 volo
319 474 516 509 sacrificare
540 473 722 519 natalitia,
757 487 849 521 quae
882 475 980 520 prius
1006 487 1081 508 non

512 525 643 563 obtuli;

140 578 243 612 Nunc
259 584 377 611 autem
395 583 428 610 te
444 576 534 610 sicut
556 574 735 621 hospitem
760 578 891 612 ducens
912 577 1080 611 domesti-

502 640 582 661 cum

89 678 163 715 655
185 678 402 713 Exhilarabo
419 685 453 712 te
471 679 651 721 convivio,
669 687 703 713 et
718 678 946 714 Atheniensis
962 686 1079 712 terrae

139 731 277 769 Ducam
288 731 384 765 velut
395 737 645 776 spectatorem,
664 737 835 778 tanquam
846 744 920 765 non
930 731 1079 765 existen-

500 789 572 815 tem
588 795 720 817 meum.

139 833 259 867 Meam
279 834 373 867 enim
392 834 578 878 coniugem
594 846 668 867 non
685 835 767 867 volo

138 885 301 919 Tristitia
320 886 458 919 afficere
477 885 684 919 existentem
699 885 855 920 sterilem
867 911 876 925 ,
899 896 978 918 cum
1004 884 1078 929 ipse

507 937 575 970 sim
591 936 686 972 felix,

135 987 317 1032 Tempore
335 999 420 1020 vero
439 988 662 1021 occasionem
682 987 859 1032 accipiens
875 988 1052 1020 adducam

86 1038 160 1073 660
185 1038 382 1083 Coniugem
395 1065 404 1079 ‚
425 1045 466 1072 ut
481 1039 576 1072 sinat
594 1046 627 1072 te
645 1037 777 1073 habere
795 1051 957 1083 regnum.

135 1089 258 1123 Ionem
268 1102 354 1123 vero
364 1090 514 1123 nomino
527 1097 572 1130 te,
589 1097 629 1124 ut
647 1091 815 1124 convenit
826 1091 878 1123 illi
890 1088 1077 1135 casui⁷⁵³),

133 1141 187 1175 Eo
207 1143 305 1187 quod
325 1142 521 1186 egredienti
535 1140 626 1175 mihi
641 1155 682 1175 ex
697 1143 830 1186 templo

133 1192 192 1226 Tu
207 1193 345 1237 primus
361 1193 564 1232 occurristi3
593 1206 704 1239 quare
722 1193 920 1226 amicorum

136 1243 287 1277 Coetum
304 1255 525 1287 congregans
542 1244 698 1277 iucundo
718 1245 904 1284 sacrificio,

85 1292 158 1331 665
185 1295 306 1329 Saluta
321 1295 509 1328 relicturus
529 1293 741 1340 Delphicam
759 1296 952 1329 civitatem.

134 1346 244 1380 Vobis
264 1359 349 1380 vero
367 1346 503 1380 ancillis
521 1347 621 1380 edico
639 1353 755 1380 tacere
772 1345 878 1385 haec;

133 1400 206 1432 Aut
217 1424 226 1438 ‚
251 1398 279 1431 si
296 1397 401 1431 uxori
416 1398 575 1432 dixeritis
586 1424 594 1438 ‚
620 1399 793 1431 denuntio
811 1404 979 1431 mortem.

132 1451 206 1483 Ion.
238 1448 450 1482 Proficiscar
477 1461 582 1493 ergo;
617 1450 678 1483 sed
703 1462 774 1483 una
800 1461 883 1494 pars
908 1449 1075 1481 fortunae

223 1541 227 1547 Δ
498 1501 595 1534 deest
612 1499 715 1535 mihi.

132 1549 211 1585 Nisi
228 1551 324 1584 enim
339 1557 492 1584 matrem
510 1552 706 1593 inveniam,

83 1601 158 1637 670
183 1602 386 1637 Vivendum
404 1616 480 1636 non
494 1609 562 1642 est3
588 1610 694 1650 atque
713 1603 742 1637 si
762 1609 813 1636 est
832 1601 1044 1646 optandum,

132 1653 282 1687 Utinam
300 1655 344 1689 sit
360 1655 477 1688 Attica
494 1654 643 1696 mulier,
667 1667 759 1701 quae
775 1666 832 1687 me
850 1653 1001 1698 peperit,

133 1705 183 1739 Ut
198 1704 287 1739 mihi
306 1707 351 1740 sit
367 1719 385 1740 a
404 1713 519 1740 matre
536 1707 694 1741 libertas.

132 1757 200 1798 „Si
225 1758 320 1792 enim
340 1759 418 1804 quis
439 1756 570 1803 hospes
593 1757 760 1792 inciderit
783 1756 821 1789 in
844 1767 971 1801 puram
989 1753 1073 1787 civi-

493 1816 616 1849 tatem,

131 1858 393 1905 „Quamquam
410 1859 558 1893 nomine
575 1860 660 1894 civis
677 1859 740 1900 sit,
768 1866 890 1892 tamen
911 1868 948 1889 os

77 1908 152 1944 675
188 1910 354 1951 „Servile
386 1911 570 1952 mutescit,
605 1918 639 1945 et
663 1923 738 1944 non
760 1909 871 1944 habet
901 1905 1072 1953 loquendi

495 1963 694 1996 libertatem
706 1962 765 2008 ⁷⁶).

179 2084 297 2109 Meliora
324 2084 469 2115 existimo,
506 2089 576 2114 quae
606 2084 648 2108 hic
673 2085 754 2114 sunt,
789 2089 869 2114 quam
901 2088 969 2113 quae
1003 2082 1068 2111 illic,

490 2120 577 2148 pater.

180 2153 245 2178 Sine
265 2159 332 2177 vero
351 2160 393 2176 me
414 2153 476 2176 mihi
495 2154 548 2183 ipsi
572 2153 682 2182 vivere3
703 2158 782 2183 „par
802 2152 872 2176 enim
894 2152 1022 2182 voluptas

177 2205 196 2219 ‚,
209 2188 317 2219 Magnis
337 2188 478 2219 gaudere,
499 2189 526 2211 et
544 2193 631 2218 parva
652 2187 778 2211 suaviter
798 2187 883 2212 ferre.

107 2231 156 2259 75)
175 2231 217 2255 De
235 2232 282 2255 tua
310 2237 352 2255 or.
373 2233 469 2255 essent
489 2231 548 2262 fel.]
575 2230 617 2254 his
643 2230 669 2253 in
695 2236 783 2260 marg.
807 2229 889 2252 Editt.
912 2228 988 2253 1562.
1016 2229 1066 2252 ad—

140 2266 244 2295 scripta
262 2266 304 2289 est
322 2265 486 2296 explicatio:
506 2267 571 2295 opto
591 2265 624 2288 iis
644 2270 721 2296 eam,
740 2270 821 2295 quam
840 2263 926 2295 dicis,
947 2263 1065 2287 felicita·
1091 2273 1092 2276 =

140 2301 206 2324 tem.

105 2341 171 2373 75a)
192 2340 279 2373 casui]
300 2341 340 2365 sic
358 2342 456 2373 scripsi
476 2341 524 2373 (=
542 2342 635 2372 Eurip.
653 2339 755 2375 τύχῃς
774 2342 823 2366 Ed.
847 2342 920 2365 ¹562.
939 2347 1015 2365 casu.
1089 2360 1091 2374 1

104 2384 151 2417 76)
180 2384 265 2410 chor.
290 2384 376 2408 Recte
401 2397 432 2401 —
459 2385 623 2409 libertatem.
650 2384 708 2416 (vs,
726 2383 913 2415 648—675.)]
948 2384 989 2408 sic
1014 2384 1062 2408 Ed.

174 2437 260 2478 Chdr.
279 2454 365 2477 Recte
385 2453 499 2481 dixisti,
522 2454 545 2476 si
564 2454 688 2485 quidem,
711 2460 779 2485 quos
800 2460 851 2484 ego
871 2459 942 2485 amo,
1086 2470 1088 2495 1

171 2488 237 2512 Tuis
256 2488 353 2512 felices
373 2490 453 2511 erunt
471 2488 561 2512 dictis.

174 2523 264 2547 Xuth.
283 2522 378 2546 Finem
398 2523 441 2546 fac
461 2523 634 2546 sermonibus
654 2523 733 2551 istis,
753 2523 821 2546 felix
842 2529 905 2546 esse
925 2522 1008 2545 disce.

170 2557 245 2581 Volo
263 2556 351 2587 enim,
370 2557 415 2581 ubi
434 2558 461 2580 te
482 2556 589 2585 inveni,
609 2563 691 2581 sacra
709 2558 818 2588 facere,
837 2558 887 2586 fin,

170 2591 301 2615 Publicae
320 2597 432 2615 mensae
452 2592 561 2621 epulum
579 2592 613 2614 ad
632 2592 766 2621 publicum
784 2592 911 2620 veniens,

169 2626 205 2649 Et
223 2626 383 2655 celebrare,
403 2632 472 2656 quos
491 2627 558 2649 ante
577 2631 631 2649 non
651 2627 758 2650 natales
777 2627 984 2651 celebravimus.
1084 2624 1087 2648 l

170 2660 205 2683 Et
228 2666 299 2684 nuuc
324 2661 431 2691 quidem
456 2660 510 2684 iam
535 2661 663 2690 tanquam
688 2661 824 2691 hospitem
850 2661 986 2685 deducens
1008 2660 1059 2684 do-

476 2694 633 2725 mesticum,

1186 339 1363 375 Luctuum
1383 344 1541 385 exordia,

1186 391 1340 436 Quando
1358 406 1436 427 mea
1453 396 1600 430 domina
1618 398 1777 432 sobolem

1187 442 1359 476 Maritum
1379 458 1482 479 suum
1499 445 1630 481 habere
1650 449 1746 489 sciet,

1134 493 1208 527 680
1234 492 1312 538 Ipsa
1332 508 1416 529 vero
1433 498 1561 533 sterilis
1576 500 1683 533 fuerit
1697 507 1730 534 et
1747 501 1821 535 sine
1837 502 1968 538 liberis.

1186 545 1219 579 O
1237 546 1286 578 fili
1304 545 1485 588 Latonae,
1511 563 1582 595 quo
1604 558 1683 584 vate

1186 595 1277 630 Usus
1295 610 1330 631 es
1348 599 1392 630 ad
1410 600 1705 635 vaticinandum?

1186 649 1288 681 Unde
1309 650 1511 685 adolescens
1529 652 1592 686 iste
1611 654 1703 686 circa
1724 660 1783 687 tua
1801 656 1932 700 templa

1184 700 1299 733 Alitus
1315 701 1430 741 venit,
1458 709 1491 735 et
1507 715 1548 736 ex
1567 717 1634 749 qua
1654 705 1829 738 muliere?

1133 749 1207 785 685
1230 751 1313 785 Non
1327 752 1423 785 enim
1442 753 1633 798 impellunt
1649 768 1706 788 me
1724 756 1880 795 oracula,

1183 803 1235 836 Ne
1255 801 1411 837 habeant
1426 805 1582 851 aliquem
1600 807 1739 840 dolum:

1186 854 1308 887 Metuo
1326 853 1421 888 hunc
1436 868 1569 898 casum,

1182 904 1227 938 Et
1244 918 1315 951 quo
1336 907 1381 940 sit
1401 919 1548 942 evasura
1567 922 1634 943 res.

1182 956 1346 990 Absurda
1359 985 1368 998 ,
1388 959 1542 994 absurda

1132 1009 1206 1042 690
1234 1006 1324 1040 Mihi
1342 1011 1463 1050 tradit,

1181 1056 1235 1090 Illi
1251 1066 1370 1092 antem
1390 1068 1503 1104 grata.

1182 1109 1297 1142 Habet
1313 1112 1435 1145 dolum
1454 1119 1487 1145 et
1504 1125 1603 1146 suam
1625 1114 1828 1147 felicitatem
1845 1112 1901 1147 hic
1918 1124 2006 1157 puer

1179 1160 1234 1193 Ab
1253 1161 1323 1193 alio
1343 1163 1480 1205 genitus
1498 1165 1682 1207 sanguine.

1181 1212 1269 1257 Quis
1289 1226 1362 1246 non
1380 1212 1467 1248 haec
1484 1228 1623 1249 mecum
1641 1215 1852 1261 sentiat77)?

1237 1360 1324 1390 Epulo
1345 1360 1505 1391 oblectabo;
1524 1362 1604 1386 huius
1624 1369 1691 1386 vero
1710 1362 1921 1387 Atheniensium
1940 1364 2032 1386 terrae

1234 1394 1375 1419 Adducam
1392 1398 1528 1427 *tanquam
1547 1399 1753 1430 spectatorem,
1778 1400 1906 1428 tanquam
1925 1403 1980 1421 uon
2000 1396 2123 1421 existen—

1545 1433 1598 1455 tem
1617 1439 1713 1457 ineuui.

1234 1463 1342 1486 Etenim
1361 1469 1474 1488 uxorem
1492 1471 1579 1489 meam
1599 1467 1662 1490 nolo

1237 1497 1363 1522 Tristitia
1392 1499 1520 1531 afficere,
1552 1501 1612 1523 sine
1638 1501 1735 1525 liberis
1762 1500 1942 1530 existentem,
1973 1500 2031 1530 ipse
2056 1499 2123 1523 felix

1542 1535 1675 1559 existens.

1232 1566 1366 1596 Tempore
1386 1573 1453 1591 vero
1473 1569 1645 1592 occasionem
1665 1570 1776 1599 capiens
1795 1569 1927 1593 adducam

1233 1601 1351 1624 Uxorem
1372 1602 1465 1625 sinere
1484 1605 1510 1626 te
1531 1605 1641 1633 sceptra
1659 1610 1720 1627 mea
1739 1605 1839 1627 habere
1859 1606 1958 1627 terrae.

1231 1635 1324 1659 Ionem
1345 1642 1412 1659 vero
1432 1637 1541 1661 nomino
1561 1640 1604 1669 te,
1624 1639 1752 1662 fortunae
1771 1638 1950 1669 conveniens,

1234 1671 1312 1698 Quod
1332 1677 1364 1693 ex
1382 1671 1477 1701 adytis
1502 1672 1577 1695 eunti
1595 1673 1659 1696 mihi
1679 1673 1740 1704 Dei,

1232 1704 1333 1728 Pedem
1353 1705 1495 1728 contulisti
1514 1706 1629 1736 primus.
1668 1708 1758 1736 Quare
1777 1706 1927 1730 amicorum

1231 1739 1345 1763 Coetum
1365 1746 1557 1770 congreganS,
1578 1747 1638 1765 cum
1658 1742 1774 1765 iucundo
1794 1741 1931 1764 sacrificio

1232 1774 1381 1803 Alloqnere
1393 1791 1400 1801 ,
1419 1775 1567 1798 relicturus
1586 1776 1745 1806 Delphicam
1764 1775 1915 1799 civitatem.

1231 1808 1318 1830 Vobis
1337 1814 1404 1831 vero
1424 1809 1510 1832 silere
1527 1809 1639 1833 ancillis
1660 1811 1735 1834 edico
1754 1811 1833 1839 haec,

1229 1842 1284 1863 Ant
1303 1845 1418 1865 mortem
1438 1845 1642 1871 proferentibus
1661 1845 1696 1868 ad
1715 1850 1829 1868 uxorem
1849 1849 1946 1868 meam.

1231 1876 1292 1899 lon.
1312 1877 1352 1899 Eo
1373 1877 1497 1907 quidem;
1518 1879 1626 1902 unicum
1649 1885 1715 1903 vero
1733 1879 1862 1903 fortunae
1880 1880 1959 1902 abest
1978 1879 2050 1903 mihi.

1228 1910 1287 1933 Nisi
1305 1911 1393 1941 enim,
1414 1916 1482 1940 quae
1501 1913 1608 1942 peperit
1626 1920 1687 1945 me,
1707 1913 1862 1944 inveniam,
1887 1919 1902 1937 o
1920 1915 2011 1943 pater,

1227 1945 1288 1968 Non
1308 1945 1455 1968 vivendum
1474 1944 1572 1978 nohis3
1591 1948 1661 1977 qnod
1682 1948 1706 1971 si
1726 1950 1859 1978 exoptare
1876 1948 1984 1978 liceret,

1227 1995 1246 2010 ,7
1256 1979 1296 2002 Ex
1309 1980 1444 2009 Athenis,
1468 1987 1510 2004 me
1529 1987 1600 2011 quae
1618 1983 1743 2013 peperit,
1763 1983 1866 2006 utinam
1885 1982 1921 2005 sit
1940 1983 2048 2006 mulier.

1227 2030 1246 2044 ,7
1256 2014 1291 2036 Ut
1310 2015 1374 2037 mihi
1395 2016 1470 2038 esset
1488 2021 1505 2038 a
1526 2017 1615 2040 matre
1638 2017 1754 2040 libertas
1774 2017 1910 2047 loquendi.

1224 2048 1354 2079 „Puram
1374 2049 1444 2081 enini
1463 2049 1486 2072 si
1507 2051 1567 2080 quis
1587 2051 1614 2074 iu
1635 2051 1772 2075 civitatem
1793 2052 1922 2075 inciderit
1941 2052 2053 2081 hospes,

1226 2084 1388 2113 „Quamvis
1409 2084 1501 2107 verbis
1525 2085 1593 2108 civis
1613 2086 1666 2116 sit,
1688 2087 1715 2108 et
1735 2091 1766 2108 os
1787 2087 1876 2109 tamen

1224 2118 1363 2148 „servile
1382 2119 1547 2150 compescit,
1567 2121 1594 2143 et
1613 2126 1668 2143 non
1687 2120 1770 2143 habet
1788 2120 1915 2150 loquendi
1939 2119 2103 2144 libertatem.

1154 2175 1201 2204 77)
1223 2177 1307 2201 Clior.
1328 2177 1416 2202 Video
1430 2190 1462 2195 —
1478 2175 1602 2202 sentiat?
1621 2178 1676 2211 (vs.
1689 2178 1877 2211 676—694.)]
1901 2179 1940 2203 sic
1958 2179 2008 2202 Ed.
2025 2180 2116 2203 1562:

1191 2211 1240 2234 Ed.
1259 2212 1352 2237 1558.:

1220 2246 1306 2270 Clzor.
1327 2247 1414 2270 Video
1434 2247 1542 2277 quidem
1561 2249 1738 2278 lachrymas,
1758 2249 1785 2271 et
1804 2248 1933 2278 lugubria
1952 2248 2018 2271 alia.

1223 2281 1358 2304 Luctuum
1377 2282 1501 2310 exordia,

1222 2316 1335 2344 Quando
1355 2321 1415 2339 mea
1438 2316 1547 2339 domina
1567 2314 1662 2347 [sciet]
1683 2316 1787 2339 sobolis
1805 2316 1958 2340 auctionem

1220 2350 1349 2372 Maritum
1369 2350 1469 2373 habere
1489 2351 1552 2378 iam,

1220 2383 1284 2413 Ipsa
1304 2390 1372 2406 vero
1393 2385 1459 2407 orba
1479 2384 1580 2413 fuerit,
1600 2385 1626 2407 et
1646 2384 1744 2407 relicta
1766 2389 1783 2407 a
1801 2384 1905 2408 liberis.

1220 2419 1296 2448 Quo,
1317 2424 1331 2441 o
1352 2418 1407 2447 fili,
1427 2420 1493 2442 vate
1510 2419 1618 2441 Latona
1639 2417 1721 2450 [prm
1740 2418 1879 2449 Latonae]

1219 2453 1293 2475 Usus
1312 2458 1342 2475 es
1360 2452 1395 2475 ad
1413 2452 1645 2482 conscriptionem
1667 2452 1865 2477 oraculorum?

1220 2486 1298 2509 Unde
1315 2487 1389 2510 filius
1408 2487 1452 2510 hic
1470 2487 1496 2510 in
1517 2487 1571 2510 tuis
1591 2488 1700 2517 templis

1218 2521 1358 2545 Educatus
1379 2521 1518 2553 excrevit,
1539 2528 1571 2545 ex
1591 2527 1644 2552 qua
1662 2519 1797 2546 muliere?

1216 2556 1276 2579 Non
1297 2556 1366 2578 enim
1388 2556 1450 2579 mihi
1468 2557 1639 2585 persuadent
1658 2557 1781 2585 oracula,

1219 2590 1259 2613 Ne
1278 2589 1394 2620 aliquem
1416 2591 1532 2614 habeant
1555 2591 1654 2616 dolum.

1216 2625 1309 2648 Metuo
1328 2630 1433 2652 casnm,

1218 2660 1275 2688 Quo
1296 2659 1405 2682 tandem
1424 2659 1524 2683 evadat

1213 2693 1377 2721 Absurdus3
1397 2694 1518 2717 absurda
1537 2694 1645 2723 quidem
