2373 2980
120 67 195 103 965
589 66 694 101 LXX.

755 66 1154 104 INTERPRETATIO
1192 70 1415 107 HELENAE
1449 72 1698 109 EURIPIDIS.

2094 86 2167 121 966

166 155 312 189 Summa
328 153 463 197 negotii
478 151 579 187 estin
595 164 676 186 mea
691 159 882 198 potestate:
908 154 994 196 sive,
1018 158 1112 202 quod
1140 165 1142 188 r
1165 157 1240 191 930
1267 158 1327 192 Me
1347 159 1513 193 miseram
1534 172 1575 193 ex
1593 161 1716 202 malis,
1744 162 1781 195 in
1799 164 1927 209 quibus
1943 180 2083 211 versor,

532 203 653 238 Venus
670 204 766 245 vult,

163 257 318 290 Perdam
340 262 372 288 te
391 255 511 288 dicens
530 255 654 296 fratri,
682 256 779 302 quod
799 253 855 289 hic
872 256 934 294 sis;

113 306 187 342 895
214 308 295 341 Sive
313 319 435 341 rursus
454 319 532 340 cum
550 305 687 340 Iunone
703 313 817 348 stans,
845 308 994 341 servabo
1013 315 1109 342 tuam

533 358 641 391 vitam
655 385 663 398 ‚

161 409 287 444 Celans
305 411 450 443 fratrem
470 410 512 442 de
531 407 619 449 hoc,
648 409 710 454 qui
728 407 816 442 mihi
833 409 1024 454 imperavit

160 461 287 494 Dicere
299 488 308 501 ‚
337 462 482 507 quando
497 460 534 492 in
550 458 643 493 hanc
661 466 792 493 terram
812 460 858 494 sis
877 468 1059 496 venturus.

160 513 249 558 Quis
267 512 327 546 es?
355 511 522 546 indicabo
541 511 645 544 fratri
662 524 763 552 meo,
795 510 890 545 hunc

159 565 290 608 Adesse
302 590 310 603 ‚
340 570 378 597 ut
395 575 459 608 ego
476 569 552 596 tuta
569 562 647 596 sim.

108 614 182 649 900
210 616 284 649 Hel.
313 614 424 659 Virgo
437 642 446 655 ,
474 615 562 647 cado
581 614 729 658 supplex
745 614 789 646 ad
809 625 923 657 genua
944 621 1022 653 tua,

157 665 201 699 Et
216 667 320 700 sedeo
340 668 433 710 apud
452 664 544 698 hanc
565 666 731 699 miseram
753 666 872 699 sedem

156 717 229 751 Pro
250 730 306 751 me
326 724 360 750 et
376 718 462 757 isto,
491 730 597 763 quein
616 717 674 749 vix
691 718 834 749 tandein

156 769 265 803 Nacta
286 770 322 802 in
341 769 418 813 ipso
445 768 595 802 articulo
619 767 834 801 discriminis
861 780 957 805 snm,
994 773 1028 799 ut
1057 767 1104 798 vi-

517 821 621 852 deam
641 831 722 852 eum
742 818 847 852 mori.

154 870 207 905 Ne
226 871 322 905 dicas
342 878 403 905 tuo
420 871 523 904 fratri
542 883 660 903 meum
679 870 848 902 maritum

103 920 178 956 905
206 922 365 969 Nunc54)
384 922 520 956 venisse
538 921 575 953 in
592 933 689 955 meas
708 919 934 954 charissimas
951 931 1088 953 manus.

154 973 323 1018 Supplico
343 974 426 1013 tibi,
454 979 493 1006 ut
508 984 628 1006 serves
647 984 726 1006 eum
739 999 748 1012 ‚
775 971 877 1004 fratri
894 978 955 1004 tuo

152 1024 235 1058 Non
251 1026 382 1068 prodas
402 1031 499 1057 tuam
517 1023 685 1068 pietatem
700 1050 709 1063 ‚

152 1075 375 1120 Comparans
394 1075 458 1108 tibi
477 1075 608 1108 malam
628 1081 661 1107 et
677 1074 844 1108 iniustam
865 1073 1028 1116 gratiam.

153 1126 277 1165 „Nam
297 1126 393 1160 Deus
409 1127 485 1160 odit
502 1126 711 1158 violentiam
724 1151 733 1164 ‚
761 1124 917 1168 legitime
936 1130 1036 1168 parta

101 1178 174 1210 910
204 1177 422 1217 „Possidere
438 1177 513 1210 vult
537 1188 680 1215 omnes,
716 1188 790 1208 non
813 1176 978 1219 rapinam
1004 1187 1100 1207 exer-

513 1239 591 1259 cere
601 1227 660 1271 55).

152 1306 173 1318 „
184 1278 414 1312 Oinittendae
430 1284 513 1312 sunt
530 1278 676 1311 divitiae
695 1277 858 1311 iniustae.

152 1329 383 1369 „Commune
402 1336 453 1363 est
473 1330 610 1363 coelum
631 1329 797 1363 omnibus
814 1327 1041 1367 hominibus,

152 1381 228 1420 „Et
245 1387 337 1413 terra
349 1407 358 1420 ,
385 1381 422 1413 in
440 1392 508 1425 qua
529 1386 672 1424 oportet
686 1380 875 1424 implentes
895 1381 1022 1413 domus

150 1431 262 1469 „Non
279 1429 410 1464 habere
428 1432 541 1463 aliena
555 1457 563 1470 ,
591 1443 708 1476 neque
728 1432 867 1464 auferre
886 1432 932 1465 vi.

99 1480 173 1516 915
201 1482 259 1515 Me
277 1482 425 1515 feliciter
444 1483 588 1527 quidem
602 1509 611 1522 ‚
638 1484 698 1516 sed
718 1481 809 1516 mihi
827 1482 1077 1516 miserabiliter

150 1533 349 1567 Mercurius
371 1533 519 1567 tradidit
545 1533 638 1577 patri
662 1540 744 1574 tuo,
783 1540 822 1568 ut
855 1546 912 1567 me
942 1539 1099 1567 servaret

511 1584 642 1617 marito

150 1635 260 1675 Huic,
287 1636 349 1681 qui
366 1636 464 1669 adest
481 1641 514 1668 et
531 1635 606 1668 vult
621 1647 678 1668 me
696 1634 866 1680 recipere.

149 1687 343 1732 Quomodo
363 1687 471 1731 igitur
487 1692 651 1720 mortuus
666 1699 722 1720 me
742 1686 914 1732 recipiat?
951 1693 985 1720 et
1010 1700 1097 1732 quo-

510 1739 619 1771 modo
637 1738 695 1771 ille

150 1789 277 1822 Vivam
296 1796 439 1823 mortuo
455 1787 539 1823 huic
558 1789 710 1823 reddat?

99 1840 174 1876 920
202 1841 396 1875 Considera
415 1840 531 1875 Deum
552 1848 586 1874 et
603 1847 762 1885 patrem:

149 1892 278 1926 Utrum
304 1892 401 1927 Deus
427 1899 461 1926 et
486 1899 649 1926 mortuus
674 1905 736 1933 ea,
778 1903 868 1937 quae
900 1891 1097 1937 propinqui

512 1945 655 1983 volunt,

149 1995 288 2034 Velim,
316 2007 361 2027 an
382 1995 493 2028 velint
509 2007 565 2028 me
582 1996 749 2032 reddere;

148 2046 324 2092 Equidem
345 2053 432 2090 puto
453 2053 485 2079 te
504 2058 579 2079 non
596 2052 762 2090 oportere
779 2044 858 2089 plus
878 2045 981 2078 fratri
1001 2052 1060 2079 tuo

148 2098 263 2131 Stulto
282 2097 459 2138 tribuere,
487 2109 595 2143 quam
617 2098 713 2130 bono
732 2095 839 2141 patri.

97 2147 172 2184 925
206 2148 345 2182 Deinde
379 2161 460 2183 cum
495 2149 542 2183 sis
578 2155 694 2189 vates,
735 2154 769 2182 et
794 2147 970 2192 interpres
1005 2146 1094 2180 divi-

508 2212 638 2234 norum
651 2227 660 2241 ,

147 2251 365 2295 Corrumpes
382 2251 436 2285 ius
451 2251 564 2296 patris
575 2278 585 2293 ,

150 2302 196 2336 Et
211 2303 462 2347 pronuntiabis
479 2304 674 2337 secundum
694 2301 845 2346 impium
863 2300 1035 2334 fratrem?

148 2354 270 2399 Turpe
290 2361 341 2388 est
357 2361 389 2387 te
407 2355 529 2388 omnia
547 2355 669 2388 divina
687 2365 811 2393 nosse,

148 2406 238 2440 Cum
253 2405 474 2450 praesentia,
500 2413 577 2440 tum
600 2407 740 2445 futura,
775 2416 840 2438 nec
864 2404 971 2448 scire,
1007 2403 1092 2449 quid

507 2457 552 2491 sit
573 2457 719 2491 iustum.

133 2588 179 2619 54)
200 2588 292 2616 Nunc]
312 2587 352 2610 sic
371 2585 456 2611 Editt.
475 2586 568 2617 1558„
589 2586 681 2615 1562.;
708 2584 791 2609 Editt.
810 2586 914 2608 recent.
934 2586 980 2612 (=
1000 2585 1092 2615 Eurip.

169 2620 267 2652 rdvd')
288 2623 374 2646 Hune.

133 2674 179 2705 55)
200 2673 231 2696 fl.
252 2673 268 2697 t.
288 2672 315 2695 in
330 2671 414 2697 Editt.
432 2671 522 2703 1558.‚
545 2670 619 2695 1562.
640 2672 705 2694 nota
723 2675 830 2701 marg.:
857 2670 908 2694 Vis
924 2670 984 2694 Diis
1001 2677 1094 2697 exosa.

1216 209 1344 243 Libera
1358 237 1366 251 ,
1394 213 1482 245 dans
1502 209 1594 245 hanc
1612 214 1850 249 accessionem
1867 217 1967 253 istius
1993 222 2162 258 adversae

1579 264 1758 299 fortunae.

1216 311 1329 345 Nemo
1347 314 1552 347 mortalium
1570 321 1640 356 est,
1676 316 1737 361 qui
1763 329 1837 350 non
1861 319 1944 353 odio
1969 334 2162 370 prosequa-

1579 372 1638 399 tur
1655 366 1827 401 Helenam
1843 397 1851 409 ‚

1217 414 1317 458 Quae
1336 415 1372 447 in
1391 415 1537 449 Graecia
1559 417 1659 450 dicor
1676 420 1873 462 prodidisse
1891 435 2010 456 meum

1216 465 1385 499 Maritum
1399 493 1408 506 ,
1451 474 1484 500 et
1512 465 1688 502 habitasse
1726 470 1763 503 in
1801 473 1978 516 opulentis
2014 478 2159 512 aedibus

1575 517 1772 564 Phrygum.

1163 564 1236 599 935
1272 566 1379 611 Quod
1406 568 1434 602 si
1459 569 1496 601 in
1521 569 1708 604 Graeciam
1734 585 1864 607 venero
1898 582 1930 608 et
1955 578 2096 612 rediero
2123 581 2159 613 in

1582 621 1746 665 Spartam
1759 651 1767 664 ‚

1211 668 1407 702 Audientes
1424 676 1457 702 et
1476 669 1654 707 intuentes
1666 699 1674 712 ‚
1703 675 1799 719 quod
1816 676 1964 712 fallaciis
1977 680 2136 717 Dearum

1210 719 1386 753 Perierim
1408 732 1492 764 ege,
1522 728 1555 754 et
1572 735 1645 756 non
1662 726 1883 767 prodiderim
1905 731 2055 772 amicos,

1209 770 1379 805 Referent
1397 784 1453 805 me
1469 772 1599 806 iterum
1615 775 1709 808 inter
1721 777 1868 820 pudicas
1886 782 2069 821 mulieres;

1209 822 1341 856 Potero
1359 824 1497 857 elocare
1515 824 1624 858 filiam
1636 853 1644 867 ‚
1672 840 1781 872 quam
1801 829 1888 864 alias
1905 844 2011 866 nemo
2030 837 2145 872 ducet.

1158 871 1232 908 940
1259 873 1306 908 Et
1322 875 1528 920 relinquens
1547 877 1714 911 miseram
1734 880 1950 916 errationem
1968 883 2044 927 hic,

1207 924 1324 959 Fruar
1345 926 1491 970 opibus,
1520 940 1608 973 quas
1628 930 1727 962 domi
1746 929 1873 967 habeo,

1209 976 1315 1021 Quod
1331 978 1360 1011 si
1379 985 1542 1013 mortuus
1561 977 1618 1012 hic
1644 981 1681 1013 in
1705 981 1872 1017 incendio
1891 984 2025 1021 Troiae
2046 989 2154 1025 inter-

1567 1032 1677 1066 fectus
1697 1041 1786 1067 esset
1797 1034 1860 1080 5¹³),

1208 1077 1417 1124 Lachrymis
1432 1093 1671 1127 prosequerer
1689 1096 1768 1118 eum
1787 1087 1913 1130 procul
1929 1088 2129 1131 al›sentem;

1206 1130 1309 1164 Nunc
1327 1132 1511 1176 spoliabor
1526 1134 1608 1167 vivo
1628 1141 1661 1168 et
1676 1136 1787 1170 salvo.

1155 1179 1230 1215 945
1256 1182 1308 1216 Ne
1325 1183 1404 1224 fiat,
1434 1196 1453 1217 o
1474 1184 1589 1228 virgo,
1617 1187 1678 1219 sed
1694 1188 1843 1232 supplex
1859 1188 1935 1229 tibi,
1962 1188 2029 1225 hoc
2045 1206 2151 1239 rogo:

1206 1233 1342 1268 Trihue
1360 1233 1449 1268 mihi
1465 1236 1675 1270 beneficium
1693 1236 1780 1280 hoc,
1809 1246 1843 1273 et
1860 1240 2000 1276 imitare
2015 1257 2132 1281 mores

1207 1284 1289 1318 lusti
1310 1287 1433 1330 patris.
1479 1288 1606 1328 „Haec
1624 1289 1744 1324 liberis
1763 1298 1814 1325 est
1831 1292 1946 1336 gloria

1206 1363 1226 1375 ‚,
1238 1336 1484 1371 Pulcherrima
1496 1366 1505 1379 ‚
1530 1341 1734 1387 quicunque
1752 1355 1793 1376 ex
1809 1344 1906 1377 bono
1924 1352 2026 1389 patre
2044 1350 2118 1382 nati

1205 1387 1389 1425 „Eosdem
1409 1403 1527 1424 mores
1544 1389 1695 1433 habent,
1724 1406 1813 1438 quos
1830 1403 2008 1439 parentes.

1153 1436 1228 1472 950
1259 1441 1357 1474 Theo.
1384 1441 1501 1485 Digna
1520 1449 1602 1476 sunt
1620 1444 1927 1487 consideratione,
1963 1462 2053 1493 quae
2079 1451 2150 1485 iam

1567 1495 1698 1528 dixisti.

1203 1540 1248 1574 Et
1265 1548 1303 1576 tu
1320 1555 1355 1576 es
1371 1543 1601 1583 miserabilis;
1630 1547 1792 1581 desidero
1812 1548 1968 1583 Menelai

1204 1593 1414 1628 Sermonem
1433 1596 1577 1637 audire,
1606 1610 1711 1642 quem
1731 1599 1889 1634 dicturus
1908 1608 1958 1635 est
1974 1603 2017 1635 de
2033 1603 2118 1639 vita.

1203 1646 1299 1679 Men.
1333 1645 1409 1690 Ego
1444 1659 1560 1693 neque
1592 1649 1785 1683 sustineam
1814 1652 2001 1696 procidere
2023 1656 2067 1688 ad
2090 1662 2150 1689 tua

1567 1711 1702 1743 genua,

1201 1746 1326 1792 Neque
1341 1746 1586 1794 lachrymare;
1615 1764 1697 1785 nam
1716 1764 1771 1785 res
1786 1754 1829 1786 ad
1848 1753 1997 1788 Troiam
2015 1764 2129 1801 gestas

1151 1795 1225 1832 955
1255 1799 1366 1833 Valde
1382 1802 1634 1835 dedecorarem
1647 1830 1656 1843 ‚
1685 1803 1713 1837 si
1732 1804 1878 1839 timidus
1899 1819 2023 1842 essem.

1203 1850 1352 1892 Dicunt,
1380 1854 1477 1898 quod
1495 1854 1539 1887 sit
1558 1855 1721 1898 generosi
1740 1855 1807 1888 viri
1816 1857 1880 1902 ⁵⁷),

1200 1900 1239 1934 In
1258 1903 1414 1938 adversis
1430 1905 1536 1939 rebus
1553 1904 1790 1951 lachrymari;

1201 1953 1269 1986 Sed
1287 1967 1361 1988 non
1380 1953 1448 1990 hoe
1467 1955 1655 1991 honestum
1676 1958 1722 2003 (si
1741 1955 1808 1992 hoc
1828 1966 1879 1993 est
1898 1957 2108 2008 honestum)

1199 2004 1337 2049 Eligam
1357 2019 1423 2051 pro
1440 2009 1606 2042 felicitate
1624 2009 1757 2053 priore.

1149 2056 1223 2090 960
1251 2057 1288 2090 Si
1304 2058 1445 2093 videtur
1461 2061 1527 2093 tibi
1542 2073 1684 2094 servare
1702 2061 1819 2094 virum
1838 2059 2014 2107 hospitem
2026 2090 2035 2104 ‚

1199 2108 1244 2141 Et
1263 2110 1325 2154 qui
1343 2112 1483 2156 quaerit
1500 2113 1589 2145 iuste
1606 2112 1764 2157 recipere
1781 2125 1881 2146 snam
1901 2127 2048 2148 uxorem
2060 2143 2069 2156 ‚

1200 2160 1341 2201 Redde,
1371 2169 1405 2196 et
1424 2163 1570 2208 insuper
1587 2176 1689 2197 serva
1712 2176 1795 2201 nos;
1831 2165 1859 2197 si
1885 2177 1970 2198 vero
1995 2179 2069 2200 non
2094 2168 2144 2200 vi-

1557 2215 1679 2255 detur,

1197 2261 1274 2306 Ego
1291 2275 1366 2297 non
1383 2276 1478 2298 nunc
1494 2265 1671 2310 primum,
1704 2267 1764 2300 sed
1782 2278 1886 2311 saepe

1198 2313 1308 2348 Miser
1323 2316 1392 2356 fui,
1419 2323 1453 2349 et
1470 2323 1509 2350 tu
1528 2316 1703 2351 videberis
1727 2317 1871 2352 iniusta.

1147 2364 1222 2400 965
1250 2366 1350 2411 Quae
1368 2379 1434 2401 nos
1444 2367 1490 2413 58)
1507 2369 1650 2409 decent,
1680 2375 1713 2402 et
1729 2369 1820 2402 iusta
1839 2369 2076 2411 arbitramur,

1197 2417 1298 2463 Quae
1317 2425 1416 2452 tuum
1437 2432 1498 2452 cor
1519 2420 1673 2453 maxime
1693 2421 1888 2464 attingent,

1181 2552 1228 2581 56)
1247 2552 1411 2576 interfectus
1437 2555 1526 2582 esset]
1554 2555 1595 2578 sic
1614 2555 1754 2580 Ed.1558.
1780 2555 1824 2586 (z
1844 2556 1937 2585 Eurip.
1963 2555 2140 2589 κατεσᾳιέγης

1216 2587 1314 2610 Baru.:
1341 2588 1505 2611 interfectus
1524 2589 1654 2619 fuisset);
1681 2590 1729 2614 Ed.
1748 2591 1821 2614 1562.
1842 2590 2003 2614 interfectus
2023 2597 2112 2615 esses.

1181 2629 1229 2661 57)
1247 2629 1314 2659 viri]
1333 2630 1383 2655 Ed.
1403 2631 1477 2656 1558.
1497 2632 1595 2656 mendo
1615 2634 1744 2663 typogr.:
1772 2633 1825 2658 vir.

1180 2673 1229 2701 58)
1248 2674 1314 2703 nos]
1328 2673 1369 2698 sic
1384 2673 1430 2705 (=
1441 2673 1641 2743 Eug1i.{3u‹13u)
1655 2676 1704 2700 Ed.
1718 2677 1807 2705 1558.;
1827 2676 1873 2700 Ed.
1884 2676 1959 2700 1562.
1972 2675 2057 2700 male:
2076 2681 2139 2700 uon.
