2373 2980
190 102 260 135 785

236 187 373 221 l'xestiti.
419 185 468 218 lbi
489 184 560 216 vidi
580 181 738 216 Rhesum
755 182 863 215 veluti
883 181 999 216 Deum

234 240 391 272 Stantem
410 238 443 269 iu
462 235 559 281 equis
579 241 611 267 et.
630 231 894 268 Thracensibus
914 234 1087 267 curribus.

232 291 348 323 Aurea
367 288 460 321 bulla
480 287 607 319 collum
627 285 797 329 iugalium

233 342 416 386 Equorum
435 338 622 371 claudebat
639 337 720 368 nive
739 335 1006 372 candidiorum;

183 391 255 425 305
287 392 383 424 l'elta
404 391 439 422 in
456 387 613 422 humeris
631 387 747 421 aureis
766 387 887 430 figuris

232 444 422 486 Fulgel›at;
448 441 569 484 Gorgo
592 451 675 471 vero
693 439 790 472 velut
804 438 840 470 in
858 438 1014 472 Palladis
1033 438 1155 483 clypeo

230 495 358 528 Ferrea
372 520 380 531 ,
405 492 516 525 fronti
535 503 709 536 equorum
728 490 869 533 alligata
881 515 890 529 ‚

234 547 321 579 Cum
341 545 460 577 multis
477 543 567 576 nolis
585 541 766 586 strepebat
787 539 1005 574 terribiliter.

234 596 500 630 Multitudinem
520 594 690 627 exercitus
707 604 823 638 neque
843 591 879 623 in
895 591 1034 623 ratione
1055 589 1176 623 calculi

185 650 258 683 310
286 649 425 681 Ponere
448 658 611 691 possum:
654 645 742 676 adeo
773 643 988 677 immensum
1023 648 1097 674 erat
1128 641 1178 672 vi-

596 697 691 728 dere.

234 752 345 785 Erant
378 749 481 784 multi
515 748 649 795 equites
679 753 711 779 et
739 745 844 779 multi
871 751 1092 779 scutatorum
1123 754 1179 775 or-

598 798 698 831 dines
710 824 718 837 ,

235 855 278 887 lit
297 853 397 886 nmlti
416 852 646 889 iaculatores,
674 854 707 881 et
726 848 836 880 multa
855 848 958 879 turba

236 905 338 938 Levis
357 909 559 936 armaturae
577 900 791 945 sequebatur
808 898 844 930 in
862 895 1018 930 Thracio
1041 895 1179 930 vestitu.
1206 895 1208 924 ἓ

237 955 450 989 Huiusmodi
468 953 602 986 Troiae
621 951 736 984 socius
756 950 854 982 adest
875 948 950 988 vir,

186 1008 259 1042 315
285 1008 400 1051 Quem
419 1016 534 1050 neque
551 1002 708 1046 fugiens,
735 1012 851 1045 neque
870 998 1062 1033 subsistens
1079 995 1178 1030 hasta
1206 1012 1209 1043 ἐ

232 1059 325 1092 Pelei
344 1057 435 1090 filius
458 1054 590 1100 poterit
608 1053 773 1096 effugere.

238 1112 334 1145 ebor.
363 1107 547 1152 „Quando
566 1105 700 1138 civibus
717 1103 806 1135 bene
826 1100 951 1133 volunt
967 1099 1047 1138 Dii,

237 1189 257 1198 „
269 1159 460 1193 Calamitas
479 1155 698 1190 convertitur
716 1154 752 1186 in
769 1154 933 1196 bonulus

238 1210 383 1255 Hoc-Lm)
411 1209 562 1248 Multos,
591 1212 780 1251 postquam
798 1215 875 1236 mea
896 1213 1014 1247 pugna
1037 1205 1088 1233 est
1110 1199 1183 1231 for·
1208 1222 1210 1233 1

600 1263 723 1291 tunata
738 1283 747 1296 ‚

188 1318 260 1353 320
289 1315 333 1348 Et
350 1312 483 1357 Iupiter
500 1309 686 1343 nobiscum
706 1313 776 1346 est,
804 1304 984 1338 inveniam
1006 1301 1151 1334 amicos.

240 1368 309 1401 Sed
326 1363 416 1399 nihil
434 1363 482 1396 eis
500 1374 588 1406 opus
607 1359 798 1398 habemus,
825 1357 887 1402 qui
904 1354 1003 1400 prius

239 1420 321 1453 Non
339 1428 408 1451 una
431 1415 686 1447 laboraverunt
697 1437 706 1450 ‚
734 1410 879 1455 quando
895 1406 1071 1439 violentus
1087 1403 1184 1436 Mars

240 1467 431 1515 Quassavit
450 1466 526 1498 vela
546 1463 651 1497 huius
669 1469 784 1495 terrae
801 1459 937 1492 duriter
956 1455 1108 1500 spirans.

240 1519 379 1554 Rhesus
395 1529 480 1550 vero
499 1515 672 1554 ostendit,
701 1512 814 1558 qualis
829 1511 874 1544 sit
884 1507 1017 1542 Troiae
1034 1506 1185 1539 amicus:

192 1572 265 1608 325
293 1571 366 1617 Qui
382 1569 478 1602 venit
504 1568 548 1600 ad
577 1565 715 1610 epulas,
748 1574 823 1596 non
849 1570 1016 1606 praesens
1040 1563 1186 1590 venato-

604 1617 702 1650 ribus

244 1673 475 1719 Capientibus
510 1670 681 1714 praedam
698 1693 708 1706 ,

598 1719 704 1753 bello.

248 1779 346 1812 Ghor.
374 1775 481 1808 Recte
500 1771 637 1817 spernis
655 1776 689 1802 et
703 1763 936 1810 reprehendis
952 1761 1102 1795 amicos:

245 1829 383 1862 Tamen
399 1824 549 1869 recipias
566 1823 724 1855 volentes
742 1819 865 1850 iuvare
883 1814 1074 1848 civitatem.

246 1882 339 1914 Hect.
365 1876 564 1911 Sufficimus
580 1885 646 1906 nos
662 1871 706 1903 ad
723 1867 937 1903 servandum
955 1863 1071 1897 Ilium.

197 1931 270 1965 330
299 1932 394 1964 Claor.
425 1928 532 1961 Putas
548 1926 619 1957 iam
639 1929 672 1955 te
690 1919 810 1954 hostes
827 1915 982 1962 cepisse?

248 1984 342 2016 Hect.
371 1980 484 2018 Puto,
512 1978 619 2021 idque
639 1972 800 2006 ostendet
817 1979 967 2014 sequens
984 1965 1068 1999 dies.
1167 2012 1174 2018 .

252 2034 346 2067 Chor.
381 2030 521 2071 „Vide‚
555 2026 641 2073 quid
664 2024 708 2058 sit
730 2023 907 2057 futurum;
950 2017 1061 2051 multa
1086 2018 1192 2046 vertit

609 2077 717 2110 Deus.

252 2137 345 2169 Hect.
372 2133 443 2166 Odi
459 2143 538 2165 sero
556 2126 725 2173 opitulari
744 2123 876 2157 amicis.

250 2189 343 2220 Mm-
371 2185 403 2218 O
420 2196 498 2223 rex,
524 2180 695 2225 repellere
711 2175 844 2213 socios,
872 2171 1034 2205 odiosum
1054 2174 1121 2203 est;

204 2236 277 2271 335
312 2235 461 2269 Terrori
498 2233 592 2267 enim
628 2230 696 2264 erit
710 2227 756 2273 14)
790 2223 950 2258 hostibus
987 2224 1194 2262 conspectus

612 2286 764 2314 tanturn.

259 2341 353 2373 Cher.
383 2338 447 2370 Hic
471 2337 610 2381 itaque,
645 2331 729 2377 quia
755 2325 916 2363 advenit,
952 2334 1027 2356 non
1050 2320 1192 2366 quidem

616 2394 752 2420 soclus,

257 2440 325 2473 Sed
341 2438 468 2482 hospes
484 2438 529 2470 ad
546 2447 705 2469 mensam
723 2430 843 2464 veniat
855 2425 1048 2469 hospitum.

258 2491 380 2524 Gratia
399 2490 492 2522 enim
511 2488 544 2521 ei
561 2485 826 2520 Priamidarum
844 2478 961 2523 periit.

762 1676 876 1710 neque
912 1673 983 1695 una
1020 1659 1187 1692 laborans

248 2604 293 2630 13)
311 2602 407 2628 lieet]
427 2600 465 2622 sic
486 2598 568 2621 Editt.
592 2595 694 2619 recent.
715 2597 800 2621 aeque
821 2595 852 2612 ac
872 2587 919 2610 Ed.
941 2584 1023 2608 nasu.
1045 2583 1136 2607 &5¹4
1173 2580 1198 2602 in

278 2637 362 2660 Editt.
380 2634 464 2663 1558„
486 2632 559 2655 1562.
578 2630 665 2653 deest.

248 2679 292 2709 14)
313 2678 383 2702 enim
402 2677 468 2703 erit]
489 2675 528 2697 sic
546 2673 628 2696 Editt.
646 2670 735 2697 1562,
767 2668 864 2693 Bam,
898 2665 1019 2692 Musgr.;

281 2714 333 2737 erit
352 2712 428 2735 enim.

1057 2659 1104 2683 Ed.
1127 2657 1198 2680 1533.

767 96 890 131 PHlL.
927 96 1039 131 MEL.
1073 91 1272 134 SCRIPTA
1301 100 1634 135 PHILOLOGICA.

2148 105 2220 140 784

1277 189 1374 221 Hect.
1404 187 1460 220 Tu
1478 192 1569 219 recte
1587 197 1713 220 mones
1732 192 1765 220 et
1784 195 1984 232 opportune
2009 191 2220 227 consideras.

1227 237 1302 273 340
1326 238 1494 271 Armatus
1511 238 1704 271 secundum
1724 250 1904 274 sermones
1920 242 2038 275 nuntii

1281 287 1418 322 Rhesus
1437 288 1527 322 adsit
1546 288 1737 322 auxiliator
1753 287 1836 323 huic
1853 297 1980 327 terrae.

1572 363 1789 412 [Strophe
1819 366 1879 414 1.]

1280 434 1375 467 Ghor.
1405 432 1569 465 Adrastia
1585 459 1594 472 ,
1622 431 1714 466 Iovis
1733 433 1821 474 filia,

1280 481 1477 516 Prohibeas
1496 484 1738 528 arrogantiam
1758 485 1847 523 oris;

1280 534 1407 567 Dicam
1423 534 1515 567 enim
1529 561 1538 574 ‚
1566 548 1799 582 quaecunque
1819 549 1897 569 meo

1230 584 1304 619 345
1332 585 1463 619 Animo
1481 592 1580 629 grata
1601 593 1694 620 sunt.

1282 638 1394 677 Ades,
1423 650 1442 670 o
1460 637 1616 670 fluminis
1633 637 1702 675 fili,

1282 688 1396 727 Ades,
1422 688 1719 734 appropinquasti
1735 690 1777 721 ad
1799 689 1916 722 aulam
1940 690 2057 730 amici,

1283 739 1492 772 Veneranda
1510 740 1684 784 persuasit
1702 745 1734 772 te
1754 741 1897 773 tandem

1284 791 1385 824 Musa
1404 798 1518 823 mater
1530 817 1538 831 ‚
1567 797 1600 823 et
1617 788 1772 835 pulchris
1789 791 1957 835 pontibus
1974 792 2142 825 instratus

1205 858 1208 892 ἐ
1234 839 1307 876 350
1334 842 1479 875 Fluvius
1499 843 1595 875 ducit
1615 848 1648 874 te
1666 839 1736 875 huc

1521 925 1840 974 [Anti-strophe
1877 925 1935 974 1.]

1284 995 1471 1040 Strymon:
1502 995 1562 1040 qui
1580 996 1665 1028 olim
1685 995 1887 1030 cantatricis

1285 1046 1408 1079 Musae
1426 1059 1488 1090 per
1505 1047 1661 1080 sinceros

1285 1097 1474 1130 Volutatns
1491 1097 1605 1140 specie
1625 1108 1738 1142 aquae

1286 1148 1390 1181 Sinus
1410 1156 1442 1181 te
1463 1148 1595 1191 genuit.

1236 1196 1309 1232 355
1336 1199 1393 1232 Tu
1413 1199 1622 1242 conspicuus
1639 1196 1728 1231 mihi
1745 1197 1878 1242 Iupiter

1286 1250 1394 1283 Venis
1414 1251 1569 1283 insidens
1588 1249 1688 1283 ssavis
1704 1249 1814 1294 equis.

1285 1301 1408 1341 Nunc,
1435 1314 1455 1334 o
1476 1301 1610 1345 patria,
1639 1313 1659 1333 o
1681 1298 1858 1345 Phrygia,

1288 1353 1444 1385 Favente
1462 1353 1536 1385 Deo
1548 1379 1556 1391 ‚
1584 1363 1679 1384 nunc
1698 1351 1762 1383 tibi
1777 1351 2006 1384 liberatorem

1288 1404 1406 1436 lovem
1422 1403 1541 1436 licebit
1556 1402 1755 1435 nominare.

1585 1477 1794 1526 [strophe
1818 1476 1880 1525 2]

1212 1551 1214 1593 ξ
1240 1549 1314 1583 360
1340 1547 1435 1591 Ergo
1455 1559 1575 1580 rursus
1594 1546 1741 1591 antiqua

1291 1599 1403 1632 Troia
1423 1597 1615 1631 celebrabit
1629 1603 1723 1631 totos
1740 1596 1813 1630 dies
1829 1597 2098 1640 propinatorios

1292 1650 1422 1683 Coetus
1438 1661 1602 1682 amorum
1614 1674 1623 1688 ‚

1293 1701 1486 1734 Cantilenis
1503 1706 1537 1733 et
1551 1698 1761 1744 poculorum
1781 1698 1983 1731 temulentis

1292 1752 1437 1785 Vicibus
1456 1749 1769 1796 propinationum:

1243 1802 1316 1838 365
1344 1804 1413 1836 Per
1430 1814 1528 1835 mare
1545 1800 1681 1835 Atridis

1294 1855 1457 1899 Spartam
1476 1852 1687 1885 abeuntibus
1701 1861 1720 1883 a
1736 1849 1855 1883 littore
1870 1848 1988 1883 Iliaco.

1294 1906 1327 1939 Ο
1345 1905 1475 1944 amice,
1502 1903 1639 1937 utinam
1657 1899 1746 1934 mihi

1293 1958 1371 1990 Tua
1391 1967 1499 1989 manu
1519 1961 1552 1987 et
1568 1961 1627 1987 tua
1648 1951 1749 1986 hasta

1295 2008 1391 2041 Haec
1409 2006 1560 2040 efficiens
1578 2006 1726 2038 domum
1748 2003 1949 2036 revertaris.

1537 2088 1852 2137 [Antisti-ephe
1879 2084 1942 2132 2.]

1248 2162 1322 2197 370
1348 2160 1459 2200 Veni,
1488 2169 1714 2202 compareas,
1742 2167 1887 2188 auream

1297 2212 1435 2245 Peltam
1452 2210 1596 2244 Pelidae
1614 2207 1760 2241 obiicias
1777 2208 1820 2240 ad
1844 2206 1983 2238 oculum

1220 2269 1223 2296 ἱ
1298 2262 1491 2307 Obliquam
1506 2261 1627 2293 levans
1645 2270 1663 2291 a
1681 2258 1756 2291 solo
1767 2283 1776 2295 ‚

1296 2314 1445 2347 Certans
1461 2311 1625 2344 manibus
1642 2315 1675 2342 et
1691 2307 1838 2352 pedibus
1855 2308 1949 2350 apud
1969 2318 2110 2340 currum
2122 2334 2131 2346 ‚

1296 2365 1449 2397 Vibrans
1464 2361 1682 2405 bicuspidetn
1703 2357 1853 2392 hastam.

1249 2415 1323 2452 375
1352 2416 1404 2448 Te
1422 2414 1516 2447 enim
1535 2412 1652 2446 nullus
1670 2411 1845 2444 sustinens

1301 2466 1451 2501 Saltahit
1468 2475 1625 2509 unquam
1644 2462 1680 2494 in
1700 2462 1832 2505 templo
1849 2460 2001 2504 Argivae
2020 2459 2184 2497 Iunonis;

1302 2518 1370 2552 Sed
1388 2528 1468 2550 eum
1485 2513 1572 2548 haec
1587 2520 1679 2546 terra

1302 2569 1486 2602 Mortuum
1503 2564 1658 2598 Thracio
1674 2565 1746 2596 fato

1303 2618 1558 2654 Charissimum
1578 2628 1667 2649 onus
1681 2616 1780 2648 seret.

1253 2672 1328 2706 380
1354 2669 1412 2709 Io,
1440 2681 1460 2702 o
1480 2667 1632 2701 maxime
1649 2679 1728 2706 rex,
1756 2663 1943 2704 eximium,
1971 2676 1991 2697 ο
2009 2661 2182 2702 Thracia,
