2373 2980
2 2187 5 2195 η

2 2197 6 2217 ,¹

66 76 136 111 921
450 71 572 108 LXIX.

67 159 141 197 485
168 161 229 195 Iol.
258 159 291 193 Ο
307 160 377 193 fitia
389 186 398 200 ‚
422 159 575 193 maxime
593 159 679 207 te33)
697 173 770 193 non
789 173 883 194 nunc
900 172 1021 194 recens

116 212 146 246 E
164 211 243 246 filiis
258 211 419 245 Herculis
436 212 583 245 laudare
603 224 759 256 possum.

117 264 206 298 Cum
226 268 315 297 esset
330 262 434 297 nobis
451 263 527 297 visa
544 264 673 298 domus
688 264 777 297 bene
795 262 1019 308 processisse,

115 315 252 348 Rursus
269 314 406 359 relapsa
428 321 479 349 est
498 315 535 348 in
552 315 750 360 periculum
770 314 1028 359 inexplicabile.

114 365 180 400 Iste
197 366 283 399 dicit
301 373 399 400 vates
416 366 613 410 significare

63 418 138 452 490
164 417 246 452 Non
264 424 406 452 taurum
420 445 428 458 ,
453 430 527 451 non
542 417 694 451 vitulum
707 445 715 458 ,
741 419 800 452 sed
817 417 992 461 virginem

113 467 418 510 lnterficiendam,
441 481 460 501 a
480 468 647 515 matrem)
666 482 755 515 quae
776 469 821 503 sit
836 469 978 509 nobilis,

113 520 151 554 Si
168 527 333 565 oporteat
348 534 414 555 nos
434 526 467 553 et
484 518 574 553 hanc
590 521 716 553 urbem
735 533 807 554 esse
824 521 971 554 salvam.

112 572 188 605 Hac
205 573 247 605 de
266 584 303 605 re
325 573 508 617 angimur:
534 572 598 606 iste
616 584 731 617 neque
751 585 846 612 suos,

112 623 235 669 Neque
252 623 406 658 aliorum
423 623 554 657 liberos
572 623 657 656 dicit
671 636 706 657 se
723 623 1009 660 interfecturum,

62 673 136 709 495
151 674 196 709 Et
212 673 299 708 mihi
318 676 415 717 dicit,
434 687 507 709 non
520 675 664 720 quidem
675 682 796 719 aperte
815 675 911 715 dicit,
930 681 1049 707 tamen

473 726 593 771 aliquo
610 727 732 766 modo,

112 777 189 811 Nisi
205 777 429 810 inveniamus
446 777 591 823 aliquod
610 777 677 810 tale
696 777 897 816 consilium,

111 829 160 861 Ut
177 840 392 874 quaeramus
410 828 516 861 aliam
535 835 678 862 terram.

110 879 187 923 lpse
203 880 277 913 vult
296 891 437 913 servare
455 893 555 913 suam
572 879 767 923 regionem.

109 933 204 965 Mac.
226 930 274 963 Et
289 930 326 963 in
343 929 409 963 hac
426 942 463 963 re
481 931 555 964 sola
572 943 637 964 nos
655 930 744 964 salvi
763 928 919 962 erimus?

61 981 134 1016 500
161 983 222 1016 101.
248 981 287 1014 In
305 980 371 1014 hac
389 994 444 1020 re;
468 982 606 1027 reliqua
624 982 741 1015 felices
760 993 893 1014 sumus.

110 1035 203 1068 Mac.
229 1033 282 1066 Ne
300 1039 436 1066 metuas
453 1045 548 1066 nunc
566 1033 740 1077 Argixuin
759 1031 963 1065 exercitum.

109 1083 185 1127 Ego
205 1084 300 1116 enim
320 1084 408 1128 ipsa,
430 1084 639 1130 priusquam
659 1085 801 1123 iubear,
829 1095 848 1115 o
868 1095 985 1121 senex,

107 1135 240 1168 Parata
257 1148 334 1169 sum
354 1135 469 1175 mori,
494 1142 528 1168 et
545 1148 601 1167 me
617 1136 788 1179 praebere
808 1134 1000 1167 victimam.

109 1186 205 1230 Quid
223 1186 400 1225 dicemus,
429 1186 458 1219 si
477 1186 601 1220 civitas
618 1186 786 1230 dignatur

58 1235 132 1270 505
160 1237 314 1281 Propter
328 1249 393 1270 nos
411 1249 580 1281 magnum
600 1238 796 1281 periculum
816 1237 1006 1280 suscipere,

108 1288 153 1321 Et
169 1301 234 1321 nos
246 1315 254 1328 ‚
273 1288 334 1333 qui
350 1288 435 1322 istos
453 1289 618 1333 periculis
636 1302 839 1328 oneramus,

110 1339 198 1373 Cum
223 1339 398 1383 possimus
423 1351 500 1372 eam
530 1353 692 1380 servare,
728 1341 755 1373 si
780 1353 844 1374 nos
871 1340 1046 1383 fugiamus

480 1391 659 1423 mortem?

105 1441 188 1474 Non
205 1441 270 1479 ita;
301 1441 431 1474 etenim
451 1441 641 1475 ridiculum
660 1449 722 1481 est,

107 1492 181 1526 Nos
197 1492 391 1539 gemereffi)
407 1493 583 1537 supplices
603 1493 759 1527 Deorum
782 1494 955 1531 sedentes,

57 1542 131 1577 510
156 1543 267 1577 Natos
285 1556 326 1577 ex
345 1544 406 1577 illo
423 1551 542 1588 patre,
567 1557 607 1578 ex
625 1558 695 1591 quo
715 1545 788 1578 nati
809 1558 942 1583 smnus,

109 1594 156 1627 Ut
176 1595 297 1638 ignavi
315 1595 501 1629 videamur
511 1595 574 1641 3‘³):
604 1596 668 1629 ista
686 1610 759 1629 non
778 1598 903 1629 decent
919 1597 1042 1628 honos

106 1644 293 1680 Pulchrius
319 1653 405 1691 puto
430 1645 494 1679 hac
524 1647 664 1680 civitate
689 1655 788 1692 capta
817 1647 929 1694 (quod
956 1660 1043 1680 nun-

475 1711 581 1743 quam
598 1699 675 1744 fiat)

106 1748 236 1782 Venire
256 1748 292 1782 in
309 1755 518 1794 potestatem
538 1747 707 1789 hostium,

105 1799 150 1833 Et
175 1800 303 1834 deinde
334 1801 491 1847 aliquam
509 1800 555 1847 37)
579 1802 736 1835 nobilem
769 1800 975 1835 existentem
1004 1813 1042 1833 ex

464 1859 565 1897 patre

53 1900 128 1936 515
156 1902 340 1937 Violenter
356 1904 571 1938 contumelia
597 1905 780 1943 affectam,
809 1902 1042 1937 nihilominus

468 1957 573 1990 mori.

103 2005 172 2038 Sed
189 2005 299 2039 eiecta
317 2018 359 2038 ex
377 2003 442 2039 hac
459 2013 551 2040 terra
568 2008 700 2041 scilicet
719 2019 838 2051 vager,

102 2056 148 2090 Et
164 2069 237 2090 non
256 2057 387 2101 pudeat
406 2071 482 2098 ine,
504 2059 531 2092 si
550 2059 628 2104 quis
646 2058 756 2092 dicat:

104 2108 224 2153 Quare
243 2106 310 2142 huc
330 2109 472 2143 venistis
490 2122 568 2143 cum
585 2110 802 2154 supplicibus
820 2107 953 2142 ramis?

102 2159 175 2193 Vos
190 2159 258 2204 ipsi
276 2160 411 2199 timidi,
435 2161 602 2195 discedite
621 2175 661 2195 ex
677 2159 742 2194 hac
761 2167 874 2196 terra;

86 2309 133 2342 33)
154 2309 269 2334 maxime
288 2309 327 2343 te]
355 2310 396 2335 sic
421 2311 520 2343 scripsi
553 2311 599 2344 (z
618 2311 711 2342 Eurip.
735 2308 855 2343 μάλιστά
876 2307 922 2341 σ’;
955 2310 1039 2335 Editt.

118 2346 237 2410 ἑὲοἷὲἷη
256 2346 283 2369 te
301 2345 479 2393 praecipue);
498 2346 583 2372 Editt.
603 2347 690 2375 1558„
710 2345 784 2370 1562.
804 2345 920 2369 maxime
939 2346 1039 2377 (omis-

85 2419 131 2452 34)
151 2426 168 2445 a
187 2419 289 2453 matre]
307 2420 347 2445 sic
365 2421 449 2446 Editt.
472 2422 558 2453 1558„
579 2423 671 2454 1562.,
690 2424 796 2454 Musgr.
816 2422 863 2455 (=
881 2423 964 2448 Editt.
984 2423 1038 2447 Ba-

120 2455 165 2481 sil.
186 2456 276 2487 1551„
295 2457 401 2487 Musgr.
423 2455 559 2489 μητρός);
587 2458 685 2489 Barn.‚
704 2458 764 2482 Fix.
784 2456 888 2489 πατρὸς
903 2470 936 2475 -—
950 2459 1037 2488 patre.

83 2497 131 2530 35)
151 2499 277 2529 gemere]
300 2498 341 2523 sic
366 2501 414 2527 (ε
432 2500 527 2529 Eurip.
555 2498 675 2530 στένειν)
699 2501 784 2525 Editt.
808 2502 930 2531 recent.;
953 2501 1037 2527 Editt.

120 2533 214 2565 1558„
234 2533 308 2558 1562.
328 2534 415 2558 male:
434 2540 545 2565 genere.

83 2574 132 2614 36)ι
157 2577 194 2614 [Jt
225 2576 317 2607 ignavi
350 2575 505 2609 videamur]
538 2577 579 2601 sic
609 2578 709 2608 scripsi
739 2580 789 2608 (=
808 2578 901 2608 Eut-ip.
926 2577 1038 2607 Κακούς

118 2611 256 2642 ορασθαι;
274 2611 358 2635 Editt.
377 2612 496 2636 recent.:
515 2611 634 2641 Ignavos
654 2613 740 2636 videri
761 2613 850 2642 [Fix.:
871 2614 1036 2644 conspici]);

117 2644 202 2670 Editt.
223 2646 289 2670 15:23
307 2662 315 2676 ,
337 2646 409 2670 1562.
432 2647 467 2669 Ut
486 2647 568 2676 gnavi
588 2647 735 2672 videamur.

83 2686 130 2719 ³7)
150 2688 284 2719 aliquam]
305 2689 345 2713 sic
365 2690 413 2714 Ed.
435 2690 521 2720 1552„
543 2690 639 2721 Barn.;
659 2691 706 2716 Ed.
730 2691 803 2716 1562.
821 2691 948 2722 aliquem.

625 72 1023 109 INTERPRETATIO
1050 73 1436 108 HERACLIDARUM
1461 73 1710 109 EURIPIDIS.

2028 74 2100 108 922

1108 158 1183 195 520
1207 159 1346 204 Ignavis
1361 161 1455 194 enim
1472 173 1546 193 non
1568 161 1798 205 opitulamur.

1079 223 1081 253 ᾗ
1158 212 1227 244 Sed
1244 224 1359 257 neque
1377 225 1461 246 sane
1480 210 1535 246 his
1555 213 1719 252 mortuis,

1079 257 1081 309 Ῑ
1158 262 1388 308 Quamquam
1408 270 1568 303 servata,
1593 262 1708 297 habeo
1727 276 1824 308 spem
1841 262 1989 296 alicuius
2012 261 2096 294 boni

1079 312 1081 346 ἔ
1520 321 1649 349 status:

1157 364 1236 408 Qua
1256 378 1316 409 spe
1335 366 1436 399 multi
1454 366 1524 399 iam
1542 366 1779 410 prodiderunt
1798 365 1931 398 amicos
1946 376 2041 398 suos.

1158 415 1249 460 Quis
1273 417 1367 449 enirn
1393 418 1569 450 desertam
1596 419 1771 461 puellam,
1815 423 1876 450 aut
1907 416 2094 459 coniugem

1517 466 1660 508 habere,

1106 514 1180 552 525
1204 516 1276 551 Aut
1294 530 1334 550 ex
1352 531 1406 551 me
1423 520 1599 563 suscipere
1616 520 1745 553 liberos
1761 518 1878 551 volet?

1155 568 1250 613 Ergo
1269 569 1394 603 melius
1419 576 1468 604 est
1495 571 1609 610 mori,
1637 583 1744 616 quani
1774 569 1928 602 incidere
1954 568 1990 601 in
2011 568 2092 601 talia

1076 621 1079 692 1
1522 622 1680 665 pericula

1076 693 1079 742 Ι
1157 671 1215 704 Me
1248 671 1450 715 indignani;
1498 672 1656 706 fortassis
1688 672 1789 705 alteri
1824 672 1936 715 magis
1969 683 2096 704 conve-

1076 743 1079 780 Ι
1520 730 1640 756 nlrent

1076 784 1079 797 ¹
1155 772 1270 812 Haec,
1293 786 1383 819 quae
1402 786 1474 806 non
1494 781 1582 808 esset
1600 774 1749 815 nobilis,
1773 781 1812 807 ut
1828 786 1905 818 ego.

1075 799 1079 874 ι
1154 824 1282 857 Ducite
1301 838 1376 865 me,
1407 825 1468 858 ubi
1486 832 1628 869 oportet
1649 826 1739 859 mori
1760 824 1827 858 hoc
1846 837 1985 869 corpus,

1075 876 1078 894 ‘
1104 874 1178 909 530
1202 875 1247 908 Et
1265 883 1435 909 coronate
1453 877 1574 917 sertis,
1592 884 1624 911 et
1649 878 1834 911 immolate
1846 904 1854 917 ,
1871 877 1899 911 si
1918 876 2093 909 videatur.

1074 899 1078 992 Ι
1153 927 1293 960 Vincite
1320 941 1404 961 vero
1434 926 1571 967 liostes;
1606 942 1688 962 nam
1718 929 1782 963 ista
1809 928 1926 961 anima
1950 933 2092 972 praesto

1520 987 1590 1020 est,

1155 1029 1286 1063 Volens
1305 1036 1337 1063 et
1356 1043 1428 1063 non
1448 1030 1578 1070 invita3
1604 1038 1637 1064 et
1656 1032 1827 1076 profiteor

1155 1081 1212 1113 Me
1228 1082 1319 1114 mori
1342 1094 1407 1126 pro
1427 1082 1596 1116 fratribus
1614 1089 1648 1115 et
1665 1096 1741 1115 mea
1760 1083 1884 1116 salute.

1154 1133 1351 1166 Consilium
1372 1133 1502 1166 etenim
1521 1131 1588 1167 hoc
1603 1146 1677 1167 non
1694 1133 1819 1167 timida
1839 1145 1903 1177 ego

1101 1180 1175 1217 535
1202 1182 1327 1217 Inveni
1344 1182 1626 1229 pulcherrimum
1639 1212 1647 1225 ,
1663 1192 1701 1219 ut
1719 1198 1798 1219 cum
1814 1184 1926 1229 gloria
1944 1182 2091 1216 moriar.

1153 1236 1250 1269 Ghor.
1277 1236 1396 1280 Papae
1409 1262 1417 1276 ,
1443 1237 1526 1282 quid
1546 1236 1661 1269 dicam
1675 1264 1683 1278 ‚
1712 1236 1859 1281 virginis
1873 1237 2001 1269 sortem
2021 1246 2091 1269 ser-

1512 1301 1656 1321 monem

1150 1338 1328 1378 Audiens,
1356 1351 1446 1384 quae
1466 1340 1541 1372 vult
1560 1340 1653 1373 mori
1675 1352 1739 1385 pro
1758 1338 1953 1373 fratribus?

1153 1389 1241 1432 Quis
1256 1391 1349 1422 dicat
1368 1391 1613 1433 generosiores
1632 1389 1686 1425 his
1701 1403 1895 1430 sermones,

1151 1441 1222 1472 Aut
1240 1441 1403 1486 quisnam
1420 1439 1607 1475 hominum
1629 1442 1761 1475 faciat?

1100 1489 1174 1524 540
1196 1493 1256 1525 Iol.
1280 1493 1312 1525 O
1329 1492 1398 1525 filia
1412 1520 1420 1533 ‚
1447 1506 1519 1525 non
1537 1494 1679 1527 aliunde
1698 1501 1748 1534 tu,

1150 1543 1218 1575 Sed
1234 1556 1274 1576 ex
1294 1544 1353 1577 illo
1374 1551 1455 1577 nata
1476 1557 1510 1578 es
1529 1545 1652 1578 divino
1671 1546 1805 1580 semine

1153 1594 1330 1634 Ilerculis;
1356 1608 1428 1628 non
1447 1598 1557 1640 pudet
1573 1610 1629 1630 me

1148 1646 1311 1680 'suorum
1328 1659 1548 1688 sermonum,

1149 1697 1217 1730 Sed
1236 1698 1380 1732 miseret
1395 1711 1451 1731 me
1469 1700 1635 1732 fortunae
1657 1705 1750 1733 tuae.

1148 1749 1216 1782 Sed
1236 1751 1419 1794 quomodo
1439 1750 1556 1797 fiatsss)
1576 1750 1702 1784 iustius
1712 1750 1758 1796 ³⁹)
1771 1777 1779 1790 ,
1804 1749 1932 1782 dicam.

1097 1798 1172 1833 545
1198 1800 1352 1844 Oportet
1368 1802 1489 1834 vocari
1506 1799 1575 1835 huc
1594 1814 1718 1836 omnes
1735 1813 1875 1835 sorores
1892 1798 2008 1839 huius,

1146 1851 1191 1885 lit
1210 1853 1338 1886 deinde
1353 1859 1448 1887 sorte
1464 1854 1567 1887 ducta
1585 1853 1762 1887 moriatur
1778 1865 1843 1898 pro
1863 1850 2025 1897 reliquisz

1147 1903 1240 1937 Nam
1258 1910 1290 1937 te
1310 1917 1383 1938 non
1402 1905 1533 1938 iustum
1552 1911 1602 1939 est
1618 1905 1693 1939 sine
1713 1911 1807 1939 sorte
1826 1903 1929 1938 mori.

1147 1956 1241 1989 Mac.
1266 1955 1348 1990 Non
1365 1956 1470 1990 velim
1488 1956 1580 1989 mori
1599 1963 1694 1991 sorte
1711 1957 1814 1990 ducta
1829 1969 1836 1994 3

1147 2005 1250 2040 Tunc
1270 2020 1343 2040 non
1362 2014 1413 2042 est
1431 2008 1660 2042 beneficium:
1689 2020 1733 2042 ne
1752 2007 1881 2042 dixeris
1895 2033 1903 2047 ‚
1927 2019 1946 2039 o
1967 2015 2082 2040 senex·

1096 2054 1171 2091 550
1194 2057 1262 2092 Sed
1277 2059 1305 2092 si
1324 2059 1480 2104 recipitis
1500 2066 1531 2093 et
1550 2060 1655 2094 vultis
1676 2072 1732 2093 me

1145 2109 1206 2142 Uti
1224 2117 1390 2155 prompta
1404 2138 1412 2152 ‚
1433 2124 1551 2145 meam
1569 2111 1728 2144 animam

1145 2160 1202 2194 Do
1220 2162 1361 2201 volens;
1386 2170 1510 2196 contra
1530 2176 1603 2196 non
1619 2164 1760 2197 faciam.

1144 2214 1204 2246 Iol.
1245 2213 1384 2258 Papae,
1424 2212 1511 2248 haec
1553 2215 1669 2247 oratio
1712 2211 1827 2247 adhuc
1874 2207 2080 2255 generosior

1505 2266 1638 2310 priore,

1144 2314 1188 2348 Et
1206 2315 1264 2349 illa
1285 2316 1351 2350 erit
1370 2317 1523 2362 optimam
1549 2318 1608 2350 sed
1625 2329 1772 2362 superas

1064 2391 1066 2403 .
1092 2363 1166 2400 555
1205 2368 1364 2402 Audacia
1397 2368 1603 2409 audaciam,
1642 2375 1675 2401 et
1701 2369 1832 2401 bonam
1866 2362 2076 2399 sententiam

1064 2405 1066 2431 Ι
1504 2420 1597 2452 bona
1616 2419 1809 2453 sententia:

1141 2469 1223 2505 Non
1242 2477 1361 2504 tamen
1380 2471 1483 2504 iubeo
1501 2483 1565 2504 nec
1583 2469 1777 2515 prohibeo,
1803 2482 1823 2503 0
1840 2469 1925 2507 filia,

1123 2612 1173 2639 38)
1192 2612 1251 2643 fiat]
1271 2612 1314 2635 sic
1333 2612 1415 2636 Editt.
1435 2612 1508 2636 1558.
1529 2613 1555 2635 et
1578 2615 1708 2639 recentt.;
1730 2613 1777 2638 Ed.
1800 2611 1872 2635 ¹5⁶2.
1894 2611 1946 2634 fiet.

1122 2655 1170 2681 39)
1189 2654 1302 2683 iustius]
1321 2655 1361 2678 sic
1381 2654 1426 2685 (Ξ
1448 2654 1541 2683 Eurip.
1560 2653 1752 2686 ἔνδικοηίρως)
1775 2655 1856 2680 Editt.
1880 2653 1950 2678 1562.
1979 2653 2002 2675 et
2028 2658 2073 2676 re·

1157 2690 1259 2719 centt.;
1278 2689 1328 2713 Ed.
1350 2689 1424 2713 1558.
1444 2689 1540 2715 iustus.
