2373 2980
24 772 37 886 ovs-mm

109 91 184 130 229

213 189 247 212 v.
270 176 355 213 423.
378 174 500 221 (421.)
562 174 705 221 (Όλμον
740 173 810 222 μὲν
847 173 1102 222 τριπόδηνυᾘ

340 87 415 125 LII.
449 89 485 125 3.
521 88 808 124 ENARRATIO
836 90 1042 124 OPERUM
1069 89 1135 125 ET
1161 91 1354 125 DIERUM
1380 91 1584 128 HESIODI.
1621 106 1670 128 vs.
1686 90 1919 128 405—451.

2074 93 2152 150 230

1259 191 1292 211 v.
1314 177 1400 213 441.
1421 178 1543 226 (439.)
1583 180 1668 218 Τοῖς
1683 176 1716 214 δ’
1734 177 1814 224 ἅμα
1834 189 2152 226 τεσσαρακονταε-

108 231 180 264 Per
201 227 318 274 ὅλμον
347 223 549 273 τριπόδην,
586 229 799 261 mortarium
830 228 939 261 trium
973 228 1104 271 pedum
1154 225 1233 272 τὴς]
1287 229 1405 263 Habes
1438 227 1505 263 hoc
1534 231 1612 263 loco
1642 237 1871 275 praeceptum
1904 231 1947 263 de
1972 229 2152 270 ministro,

109 280 306 323 intelligere
330 277 484 312 videtur.
538 278 708 323 Suspicor
736 280 829 313 enim
860 279 990 312 talibus
1008 290 1105 311 mor.-

111 331 208 366 tariis
232 342 315 364 usos
336 341 411 362 esse
437 342 503 373 pro
527 331 644 364 molis.

209 402 241 423 v.
261 388 347 425 426.
369 387 492 435 (424.)
536 386 816 436 δεκαδώρῳωῆ
834 386 960 435 δῶρον
974 388 1105 422 Graeci

108 441 290 486 appellant
315 440 496 485 palmum,
522 441 620 485 quod
640 452 829 473 munerum
855 440 952 473 datio
976 437 1105 487 δῶρον

106 493 318 538 appelletur.
370 490 410 524 Id
434 497 553 524 autem
578 503 719 536 semper
743 491 878 535 geritur
893 504 958 536 per
975 503 1103 525 manus

105 544 230 590 palmi.
282 542 523 589 Vitruviusssss)
550 542 644 575 libro
668 544 838 577 secundo-

216 615 250 637 v.
268 601 354 637 427.
371 598 493 648 (425.)
548 598 663 651 γύην]
700 601 739 635 Id
756 608 826 642 est,
854 601 1015 641 dentale,
1040 613 1103 633 vo-

106 661 187 688 cant
204 654 354 697 lignum,
371 653 427 686 cui
445 664 572 686 vomer
587 653 770 693 inseritur,
798 654 908 698 quod,
928 659 1102 697 tanquam

105 713 202 740 artus
237 704 422 738 continent
451 715 581 749 corpus
617 703 840 745 humanum,
879 704 930 738 sic
960 704 1102 737 dentale

105 757 288 791 contineat
312 767 510 790 vomerem.

206 828 240 850 v.
256 814 342 851 429.
359 813 483 860 (427.)
522 811 730 863 Πρίνινον]
757 813 797 848 Id
819 821 890 856 est,
912 814 1102 859 iligneum;

104 873 155 902 est
180 866 276 901 enim
304 866 578 900 validissimum.

204 940 239 962 v.
265 925 351 961 430.
375 924 498 973 (428.)
552 921 640 960 Εὖτ’
670 923 718 961 ἄν
744 922 984 973 Ἀθηναίης]
1040 924 1103 958 Ce-

102 990 219 1012 rerem
243 984 347 1011 vocat
363 975 607 1018 Athenaeam‚
631 978 729 1023 quod
753 977 830 1022 ipsa
854 975 1103 1015 Athenienses,

106 1036 214 1075 atque
239 1031 329 1063 adeo
351 1042 476 1062 omnes
493 1027 660 1063 homines
684 1030 727 1062 de
751 1029 912 1073 frugibus
930 1028 1104 1062 docuerit.

102 1081 226 1115 Potest
249 1087 371 1114 tamen
396 1080 503 1114 etiam
532 1081 587 1114 vel
615 1082 659 1113 ad
682 1078 961 1113 Erichthonium
978 1080 1035 1112 vel
1059 1081 1102 1111 ad

103 1131 370 1177 Triptolemum
397 1131 536 1165 referri.
641 1128 871 1179 {ZbMaUMH
896 1131 1033 1176 ἔλυμα,
1068 1131 1103 1163 id

104 1190 176 1224 est,
199 1184 319 1223 buris,
339 1183 476 1227 lignum
502 1184 650 1226 longum
677 1190 750 1223 est,
773 1183 829 1216 cui
854 1183 1029 1216 insertum
1055 1188 1105 1215 est

104 1235 259 1268 dentale.
293 1234 432 1267 Locum
452 1233 594 1277 Virgilii
613 1234 646 1268 1.
668 1234 801 1278 Georg.
829 1247 909 1267 cum
937 1232 1005 1267 hoc
1022 1245 1104 1267 con-

106 1286 176 1327 fer,
202 1285 265 1332 qui
288 1286 337 1320 sic
356 1284 554 1332 incipit⁴⁵):

231 1347 378 1375 Continuo
401 1347 431 1374 in
455 1345 535 1374 silvis
557 1354 664 1384 magna
687 1346 714 1374 vi
738 1346 817 1374 flexa
838 1346 983 1376 domatur.

232 1397 265 1425 111
289 1398 383 1425 burim
406 1402 466 1425 etc.

207 1461 240 1483 V.
268 1447 355 1484 432.
382 1447 504 1495 (430.)
560 1445 655 1483 Δοιὰ
680 1445 720 1483 δὲ
745 1447 890 1483 θέσθαι
922 1447 1102 1496 ἄροτρα]

103 1499 242 1534 Indicat
265 1499 565 1544 patremfamilias
589 1506 756 1544 oportere
783 1501 873 1533 bene
889 1500 1103 1533 instructum

105 1564 198 1592 esse,
221 1563 267 1584 ne
291 1551 370 1596 quis
395 1563 495 1585 casus
521 1563 586 1595 per
608 1551 771 1596 inopiam
798 1552 1026 1597 supellectilis
1051 1564 1104 1585 re-

103 1609 265 1637 moretur
289 1602 463 1636 rusticum
490 1603 665 1637 laborem.

206 1675 239 1697 v.
265 1661 351 1697 433.
378 1661 501 1708 (431.)
568 1659 791 1711 Αὐτόγυον]
826 1669 977 1705 vocant,
1024 1676 1103 1698 cum

107 1726 231 1748 vomer
255 1720 306 1748 est
333 1714 488 1748 insertus
514 1713 661 1748 dentali.

216 1795 250 1816 v.
274 1780 360 1816 434.
378 1781 502 1829 (432.)
556 1780 675 1826 ἄξαις]
692 1783 737 1815 ab
759 1781 842 1831 ἄγω
865 1783 983 1824 venit,
1008 1785 1105 1830 quod

104 1832 140 1866 in
164 1833 344 1877 praesenti
366 1833 404 1866 in
433 1845 499 1866 usu
525 1844 601 1865 non
625 1839 688 1866 est.

206 1914 240 1936 v.
268 1900 355 1936 435.
381 1900 504 1947 (433.)
559 1899 840 1949 α’κιαῖτατοι46ᾘ
859 1900 985 1948 diuum,
1009 1905 1104 1949 quod

104 1964 180 1985 non
203 1953 386 1986 arroditur
405 1965 424 1985 a
439 1953 641 1993 vermibus,
664 1965 739 1986 non
755 1955 910 1988 sentiens
927 1954 1006 1988 illos
1027 1967 1105 1987 ver-

105 2016 191 2038 mes.
250 2002 307 2044 κὶς
337 2004 432 2037 enim
468 2005 600 2038 vermis
632 2004 720 2049 ligni
749 2011 812 2039 est.
918 2002 1104 2054 Δάφνης]

104 2055 243 2090 Plinius
259 2062 426 2089 numerat
442 2068 587 2102 quoque
612 2055 672 2089 illa
696 2056 792 2101 ligna
816 2057 910 2090 inter
929 2069 968 2091 ea
981 2084 991 2098 ,
1014 2070 1105 2103 quae

107 2107 238 2141 cariem
266 2107 499 2153 nesciuntfl).

210 2187 243 2209 V.
260 2174 346 2210 436.
364 2172 486 2220 (434.)
511 2169 586 2209 Βόε
603 2171 848 2222 δ’ἒνναετήρω
867 2176 949 2220 etc.]
982 2175 1106 2210 Cuius-

108 2226 208 2260 modi
230 2227 340 2261 boves
367 2225 558 2260 conveniat
584 2225 779 2270 agricolam
805 2224 951 2261 habere.

146 2376 194 2408 41)
215 2377 289 2400 Haec
308 2377 375 2401 Hes.
395 2377 481 2400 verba
499 2376 560 2400 huic
577 2376 681 2400 scholio
699 2375 759 2405 ipse
777 2375 901 2406 praefixi.

147 2418 195 2450 42)
216 2420 293 2444 Hanc
312 2420 395 2444 etiam
414 2420 481 2443 Hes.
501 2425 598 2443 vocem
616 2418 678 2442 huic
697 2418 801 2443 scholio
820 2418 879 2449 ipse
897 2420 1046 2451 adscripsi.

148 2460 195 2492 4³)
215 2462 376 2492 Vitruvius]
397 2461 438 2485 sic
455 2461 540 2485 Editt.
558 2461 649 2492 1562..
671 2461 764 2488 1623..
785 2461 876 2491 1662.;
894 2462 1005 2486 ceterae
1024 2462 1107 2487 Editt.

187 2496 360 2521 Victi-uvius.
380 2508 413 2513 -·
432 2496 503 2519 Vide
521 2496 634 2519 vitruv.
654 2495 687 2519 de
706 2495 892 2519 architectura
910 2496 943 2529 11,
961 2496 988 2521 3.

148 2537 196 2570 44)
217 2539 294 2562 uano
312 2539 378 2564 Hes.
396 2544 491 2563 vocem
509 2538 570 2561 huic
588 2538 693 2562 scholio
711 2538 772 2569 ipse
790 2539 915 2570 praefixi.

149 2580 197 2611 45)
219 2580 296 2611 Virg.
317 2581 418 2611 Georg.
438 2581 459 2611 1,
481 2581 538 2606 169.
558 2580 615 2604 170.

149 2622 198 2654 46)
219 2624 295 2646 Hanc
314 2623 382 2646 lies.
402 2629 496 2647 vocem
516 2623 576 2647 huic
595 2623 699 2648 scholio
718 2623 778 2654 ipse
795 2624 918 2655 praefixi.

150 2665 199 2696 47)
218 2665 474 2730 ΡΙίυ.ν1ἕξξ.)11151.
495 2666 577 2698 xvi,
602 2673 624 2691 c.
643 2666 687 2692 78.
717 2667 767 2692 Ed.
787 2667 891 2692 Franz.
916 2666 953 2700 (c.
971 2668 1014 2693 40.
1037 2667 1112 2693 auti-

186 2706 273 2731 quior.
308 2716 314 2723 .
336 2707 342 2723 ι
371 2719 374 2723 .
394 2719 399 2722 .

1156 291 1224 323 qua
1260 277 1356 312 hunc
1391 280 1557 328 aetate⁴⁸)
1589 288 1623 314 et
1654 282 1815 316 moribus
1848 281 2050 326 praeditum
2078 293 2151 315 esse

1157 335 1333 373 oporteat.
1386 330 1463 364 Etsi
1485 338 1623 365 tantum
1656 333 1691 365 in
1716 333 1880 367 ministro
1910 332 2062 379 requirit
2082 332 2153 365 He-

1156 380 1295 421 siodus,
1342 387 1382 415 ut
1414 382 1578 415 iuvenem
1618 384 1732 418 bobus
1763 386 1953 429 praeficere
1985 383 2154 424 noluerit,

1157 438 1292 476 quanto
1349 432 1468 466 minus
1522 434 1763 468 ecclesiasticis
1809 442 1842 469 et
1895 435 2155 480 rebuspublicis

1156 484 1380 526 praeficeret!
1463 482 1763 533 Ὀκτᾰβλωμον]
1788 486 1823 519 id
1849 493 1918 527 est,
1951 494 2031 520 octo
2056 499 2154 520 mor-

1157 547 1281 575 suum,
1316 535 1365 567 ita
1391 541 1532 574 tamen,
1568 542 1607 568 ut
1632 549 1744 570 unum
1772 538 1924 570 frustum
1949 536 2078 571 habeat
2101 538 2154 571 bi-

1157 598 1222 619 nos
1245 598 1398 619 morsus.
1450 585 1603 631 βλωμὸς
1628 600 1787 621 morsum
1813 588 1998 631 significat.

1260 650 1293 670 ν.
1317 636 1404 671 446.
1429 636 1553 683 (444.)
1606 636 1669 673 καὶ
1699 637 1916 686 ἐπισπορίην
1944 637 2155 685 ἀλέασθαι]

1157 689 1233 722 Hoc
1257 688 1428 732 Virgilius
1454 688 1492 722 in
1520 689 1552 723 1.
1580 689 1711 735 Georg.
1739 691 1898 724 imitatus
1923 697 1974 725 est
1996 688 2091 724 hunc
2117 691 2156 723 in

1156 739 1382 787 moduiii⁴⁹):

1416 791 1494 820 Dum
1517 791 1591 820 sicca
1615 792 1723 820 tellure
1748 792 1815 820 lieet
1839 798 1894 821 etc.

1156 842 1249 877 Nam
1272 854 1351 876 sera
1377 843 1468 877 satio
1493 844 1611 884 obest,
1641 856 1757 888 neque
1782 845 1937 877 secunda
1960 843 2051 877 satio
2078 850 2157 875 tan-

1158 901 1233 928 tum
1261 895 1443 928 commodi
1469 892 1595 936 habet,
1630 902 1806 940 quantum
1841 894 2052 941 tempestiva
2083 894 2158 935 illa,

1159 959 1238 980 cum
1263 947 1408 980 robusta
1433 948 1528 980 sarra
1556 953 1723 981 seruntur
1734 945 1793 993 ⁵⁰).

1260 1010 1293 1031 v.
1322 996 1408 1032 447.
1433 996 1555 1045 (445.)
1618 996 1805 1044 ἐπτοίηται
1822 995 1888 1045 ⁵¹)]
1917 997 2059 1032 πτοέειν
2096 1002 2158 1030 aut

1158 1046 1314 1084 πτοιὲειν
1339 1056 1390 1083 est
1413 1050 1558 1094 percelli
1583 1056 1617 1083 et
1633 1056 1807 1096 tanquam
1832 1050 2025 1083 attonitum
2035 1047 2158 1093 [reddi‚

1159 1100 1286 1145 gaffen.

1262 1164 1295 1186 V.
1316 1151 1403 1187 448.
1423 1151 1546 1199 (446.)
1579 1150 1804 1200 Φράζεσθαι
1819 1149 1927 1189 5⁶51·
1943 1150 2010 1202 ἄν]
2030 1152 2158 1186 Hacte-

1159 1215 1226 1237 nus
1256 1204 1511 1248 supellectilem
1544 1205 1714 1239 rusticam
1744 1211 1778 1238 et
1808 1205 1985 1238 familiam
2021 1204 2158 1249 agrico-

1159 1256 1212 1289 lae
1229 1257 1482 1300 pertractavit;
1511 1257 1672 1302 sequitur
1688 1269 1805 1297 nuuc,
1827 1257 1973 1302 quando
1990 1256 2036 1290 sit
2053 1268 2158 1289 aran-

1160 1307 1321 1354 dum⁵²)‚
1347 1314 1382 1341 et
1407 1307 1547 1354 quoties
1570 1308 1615 1342 sit
1639 1309 1828 1342 arandum.
1887 1308 2005 1342 Porro
2029 1314 2158 1353 poetae

1158 1359 1298 1403 fingunt
1323 1372 1425 1403 grues
1444 1360 1589 1393 avolare
1617 1359 1654 1392 in
1671 1360 1942 1394 meridionalem
1960 1359 2159 1404 regionem,

1159 1410 1197 1442 in
1229 1410 1432 1456 Aegyptum
1467 1412 1650 1452 videlicet,
1698 1413 1758 1446 ubi
1789 1412 2047 1456 belligerantur
2077 1424 2159 1444 cum

1159 1462 1371 1507 Pygmaess,
1399 1469 1439 1496 ut
1462 1469 1513 1496 est
1534 1464 1628 1507 apud
1650 1463 1849 1496 Homerum
1865 1462 1967 1498 Iliad.
1991 1464 2051 1496 lib.
2070 1461 2160 1509 33⁵3)

1158 1517 1240 1551 A‘c't³
1257 1519 1325 1551 ἐπεὶ
1340 1515 1397 1552 οὖν
1412 1522 1555 1562 χειμῶνα
1572 1520 1674 1562 φύγον
1689 1524 1742 1553 καὶ
1756 1519 2001 1563 &figo-pazonam)
2026 1518 2159 1562 ὄμβρον.

1158 1573 1293 1606 Verum
1303 1572 1350 1619 ⁵⁵)
1365 1574 1534 1608 Albertus
1543 1573 1573 1593 ⁵⁵
1583 1574 1615 1620 ²)
1636 1575 1758 1608 scribit
1768 1587 1842 1608 non
1859 1587 1931 1608 esse
1942 1574 2159 1615 fabulosum,

1159 1626 1220 1659 sed
1249 1626 1347 1670 quod
1380 1625 1450 1659 sint
1486 1625 1536 1658 ibi
1565 1633 1724 1660 monstra
1760 1627 1937 1672 quaedam
1970 1625 2099 1660 similia
2112 1625 2158 1671 56)

1159 1675 1379 1711 hominibus.
1448 1676 1611 1712 Imitatus
1644 1685 1696 1711 est
1731 1675 1825 1711 hunc
1861 1690 2005 1724 quoque
2039 1678 2158 1711 locum

1160 1728 1308 1763 Hesiodi
1332 1728 1503 1772 Virgilius
1528 1729 1564 1762 in
1589 1731 1621 1764 1.
1648 1730 1779 1773 Georg.
1790 1728 1849 1776 ⁵⁷).

1264 1794 1297 1814 v.
1322 1778 1409 1814 451.
1434 1779 1557 1826 (449.)
1620 1779 1792 1828 Κραδίην
1815 1779 1848 1816 δ’
1874 1778 1974 1816 ἔδακ’
2001 1778 2159 1827 ἀνδρὸς]

1160 1830 1198 1864 Id
1219 1838 1288 1872 est,
1310 1838 1420 1865 terret
1445 1845 1548 1872 eum,
1576 1833 1633 1866 cui
1657 1845 1731 1865 non
1758 1838 1841 1866 sunt
1857 1832 1989 1872 hoves,
2012 1838 2158 1877 propte-

1160 1895 1221 1916 rea
1248 1884 1347 1929 quod
1382 1883 1454 1916 iam
1481 1883 1590 1918 instat
1620 1890 1760 1928 tempus
1794 1890 1997 1928 postremae
2028 1883 2160 1917 aratio-

1159 1934 1227 1968 nis.
1287 1934 1326 1967 In
1353 1934 1509 1968 dictione
1533 1932 1705 1981 ἀβούτεω
1735 1937 1841 1979 longa
1865 1936 2012 1969 brevem
2042 1935 2159 1969 conci-

1160 1986 1232 2030 pit,
1259 1992 1299 2019 ut
1321 1998 1426 2031 saepe
1453 1998 1573 2031 supra.

1194 2100 1243 2132 48)
1263 2099 1369 2133 aetate]
1389 2101 1439 2125 Ed.
1464 2101 1538 2125 1532.
1560 2107 1658 2126 errore
1675 2103 1803 2134 typogr.:
1822 2103 1941 2128 aetatae.

1194 2145 1242 2177 49)
1262 2145 1342 2176 virg.
1361 2145 1466 2176 Georg.
1484 2145 1506 2175 1,
1525 2145 1586 2169 214.

1180 2187 1243 2219 ·50)
1263 2186 1409 2220 seruntur]
1430 2188 1471 2211 sic
1490 2188 1574 2213 Editt.
1596 2188 1684 2220 1532..
1704 2189 1780 2214 1541.
1799 2190 1840 2219 B.‚
1860 2188 2057 2220 1562—1591.;
2075 2188 2159 2215 Edttt.

1232 2222 1308 2247 1541.
1328 2222 1378 2252 F.‚
1399 2222 1493 2252 1557..
1514 2223 1706 2248 1601—1662.
1726 2225 1867 2248 serantur.
2093 2246 2101 2249 .

1194 2264 1243 2296 51)
1262 2266 1341 2289 Hanc
1362 2265 1430 2290 lies.
1448 2271 1545 2289 vocem
1564 2265 1625 2289 huic
1644 2266 1749 2290 scholio
1768 2266 1829 2296 ipse
1848 2266 1972 2296 praefixi.

1195 2307 1242 2339 52)
1264 2307 1302 2331 sit
1320 2306 1466 2339 arandum]
1494 2308 1534 2332 sie
1558 2314 1653 2332 omnes
1681 2309 1746 2332 illae
1765 2309 1848 2334 Editt.
1877 2311 1995 2340 excepta
2016 2310 2064 2335 Ed.
2086 2310 2160 2335 1541.

1230 2343 1278 2371 B.,
1298 2347 1368 2372 quae
1386 2342 1485 2366 habet:
1509 2343 1644 2366 arandum
1661 2343 1707 2368 sit.

1193 2383 1241 2416 53)
1262 2385 1340 2409 Hom.
1360 2385 1390 2408 11.
1410 2384 1457 2415 111,
1476 2387 1501 2409 4.

1196 2427 1245 2460 54)
1265 2424 1444 2459 ἀθέσφατον]
1470 2427 1510 2451 sic
1534 2429 1609 2451 recte
1628 2427 1712 2454 Editt.
1733 2429 1819 2457 1557..
1842 2430 2050 2461 1564-1662.;
2076 2432 2159 2457 Editt.

1234 2462 1327 2491 1532..
1351 2462 1442 2491 1541„
1464 2462 1540 2486 1562.
1559 2459 1730 2494 αἰτέο-φατον,

1197 2504 1244 2537 55)
1265 2503 1384 2535 Verum]
1404 2504 1432 2527 in
1449 2505 1498 2529 Ed.
1520 2504 1594 2529 155⁷.
1615 2505 1701 2530 deest.

1195 2547 1271 2579 5522)
1291 2547 1398 2571 Alberti
1416 2547 1509 2577 Magni
1530 2548 1563 2571 de
1582 2548 1747 2573 animalibus
1773 2550 1818 2574 lib.
1838 2550 1940 2576 xxm.
1967 2558 1988 2576 c.
2008 2551 2052 2576 24.
2076 2551 2160 2583 (opp.

1233 2581 1332 2614 [bugd.
1354 2582 1427 2605 1651.
1447 2580 1520 2614 1⁶01]
1540 2583 1614 2607 Tom.
1634 2584 1682 2608 Vl.
1702 2591 1727 2614 p.
1739 2584 1814 2615 639.)
1835 2585 1868 2608 de
1887 2585 2035 2616 pygmaeis
2055 2587 2130 2611 dicit.

1199 2624 1246 2656 56)
1266 2622 1381 2656 similia]
1406 2624 1445 2647 sic
1470 2630 1565 2649 omnes
1588 2625 1653 2649 ittae
1672 2626 1757 2652 Editt.
1785 2628 1898 2657 praeter
1922 2629 1971 2655 Ed.
1994 2629 2087 2660 15³2„
2117 2630 2162 2655 ubi

1234 2658 1353 2690 iegitur:
1373 2659 1489 2685 similes.

1200 2700 1248 2732 57)
1268 2702 1348 2727 cous.
1373 2701 1455 2733 Vin-g.
1470 2703 1578 2771 geprg.
1598 2702 1618 2733 1,
1636 2701 1696 2727 307.
1715 2702 1776 2728 ³75.
