2373 2980
2 599 29 635 ³:
67 613 163 634 crem
189 606 222 632 et
244 597 481 643 inaequalem.

64 226 199 272 glorios
232 231 416 269 parentes,
450 235 489 256 ac
521 222 731 267 praecipue,
766 233 846 254 cum
876 220 995 252 Venus
1028 223 1062 250 et

65 279 241 313 Saturnus
255 275 442 309 infeliciter
457 274 564 319 positi
582 280 675 307 sunt.

169 344 231 378 Sin
248 349 366 377 autem
384 340 517 375 habent
533 341 699 380 comites,
726 352 800 373 non
817 338 960 385 quidem
976 349 1060 371 suae

64 402 238 435 naturae,
271 401 310 427 ut
328 407 408 427 cum
428 392 525 425 Mars
549 392 709 425 ascendit
729 397 808 436 post
825 390 943 423 Solem
957 416 966 429 ,
1001 395 1061 421 aut

0 449 14 463 '³‘
40 458 43 476 4
65 447 240 482 Saturnus
258 452 339 490 post
356 444 513 481 Lunam
543 449 605 476 aut
622 442 651 476 si
668 443 844 476 beneficae
863 441 983 475 stellae
997 466 1006 479 ‚
1029 446 1062 472 et

0 497 1 504 ¹
66 511 158 545 quae
174 503 257 532 sunt
272 497 429 530 eiusdem
448 493 683 534 conditionis,
699 506 772 526 non
791 500 873 527 sunt
888 494 977 526 bene
998 503 1061 535 po-

27 540 43 597 {³
66 550 174 589 sitae,
201 547 333 581 indicio
352 552 454 586 sunt,
481 551 671 590 parentum
690 545 800 578 vitam
827 557 900 578 esse
927 542 1062 576 medio-

543 596 611 629 Sed
637 597 666 630 si
688 608 770 640 pars
797 596 984 634 fortunae,
1018 594 1061 626 de

0 688 1 692 Ἰ
68 663 136 698 qna
156 656 276 694 postea
295 648 409 681 dicam
422 675 430 687 ‚
459 647 626 680 convenit
645 660 723 680 cum
742 645 797 680 bis
815 647 944 686 stellis,
970 656 1061 690 quae

7 706 11 721 ·’
41 724 43 737 ⁴,
67 701 283 736 comitantur
307 699 425 733 Solem
450 705 511 732 aut
536 698 733 737 Venerem,
768 699 941 742 recipient
964 696 1059 730 salva

64 751 296 797 patrimonia.
350 750 411 783 Sin
433 756 550 783 autem
575 762 649 783 non
675 749 859 793 congruit,
890 754 951 781 aut
976 759 1062 780 con-

28 803 31 807 ’
65 803 176 836 traria
193 808 262 842 est,
291 808 351 835 aut
367 801 485 834 nullae
503 807 586 835 sunt
604 801 750 834 comites
762 827 771 840 ,
798 807 859 834 aut
879 805 961 833 sunt
984 810 1062 831 ma-

65 855 203 893 leficae,
231 852 490 898 patrimonium
508 859 698 897 parentum
715 864 789 884 non
807 851 874 885 erit
891 851 939 884 eis
964 850 1062 890 utile,

66 911 127 939 aut
144 905 251 938 etiam
271 905 498 938 damnosum.

167 972 221 1006 De
241 979 355 1005 aetate
375 979 564 1017 parentum
589 971 759 1005 iudicium
785 971 986 1004 faciendum
1012 976 1063 1004 est

66 1036 108 1059 ex
123 1025 243 1069 positu
260 1025 499 1069 planetarum.

169 1091 259 1125 Cum
277 1091 373 1124 enim
396 1090 530 1135 Iupiter
557 1097 618 1123 aut
634 1089 755 1124 Venus
779 1089 963 1123 intuentur
985 1089 1064 1122 fau-

65 1150 120 1179 sto
146 1144 315 1187 adspectu
331 1143 451 1176 Solem
475 1148 537 1176 aut
559 1142 776 1181 Saturnum,
804 1147 865 1174 aut
887 1140 1064 1173 Saturnus

65 1195 186 1229 Solem
214 1194 363 1227 feliciter
396 1193 566 1237 adspicit,
601 1205 662 1225 seu
684 1192 894 1225 coniunctus
917 1192 969 1231 ei,
1003 1203 1064 1224 seu

65 1245 181 1281 sextili
195 1247 381 1289 adspectu,
408 1257 470 1277 seu
498 1244 662 1286 trigono,
698 1255 777 1276 cum
799 1255 872 1275 non
897 1249 979 1276 sunt
1002 1242 1065 1274 ab-

39 1299 41 1303 ⁴
67 1297 150 1330 iecti
176 1296 212 1328 in
238 1296 324 1329 locis
347 1295 526 1328 infaustis:
565 1294 768 1326 coniectura
794 1300 863 1332 est,
898 1299 1062 1337 parentes

67 1348 145 1381 fore
166 1347 369 1390 longaevos.
422 1345 529 1378 Serus
553 1351 604 1378 est
627 1350 766 1384 autem,
799 1345 828 1378 si
852 1345 985 1377 suerint
1013 1345 1066 1376 in-

25 1426 29 1434 ,
68 1397 183 1437 firmi,
210 1397 336 1429 abiecti
355 1396 391 1428 in
408 1396 493 1429 locis
508 1396 682 1429 infaustis.
726 1396 851 1440 Neque
866 1402 985 1433 tamen
1002 1396 1066 1428 ad-

68 1449 216 1481 modum
239 1447 308 1480 cito
327 1447 578 1490 extinguentur
595 1452 774 1490 parentes.

170 1515 240 1548 Sed
256 1514 285 1547 si
303 1526 400 1547 secus
416 1513 482 1546 erit
497 1520 531 1546 et
548 1513 646 1547 Mars
664 1513 861 1546 elevabitur
878 1525 985 1558 supra
1004 1514 1067 1547 So-

66 1567 137 1600 lem
168 1573 230 1600 aut
252 1565 467 1604 Saturnum,
502 1571 562 1598 aut
593 1565 758 1598 ascendet
785 1571 865 1609 post
892 1577 969 1603 eos;
1007 1571 1069 1599 aut

67 1618 244 1652 Saturnus
264 1629 337 1649 non
360 1622 531 1660 congruet
555 1628 634 1649 cum
651 1616 752 1656 Sole,
785 1618 846 1650 sed
871 1623 933 1649 aut
957 1629 1069 1662 oppo-

68 1669 156 1703 situs
174 1675 242 1712 est,
272 1674 333 1701 aut
350 1668 527 1713 quadrato
547 1668 714 1711 adspectu
729 1680 809 1700 eum
830 1667 1000 1712 adspicit,
1035 1674 1069 1701 et

69 1720 208 1754 suntin
233 1719 319 1753 locis
344 1718 569 1758 cadentibus,
597 1718 796 1762 significant
821 1726 986 1764 parentes
1010 1721 1069 1753 de-

0 1763 2 1769 *
26 1803 27 1806 ,
67 1771 169 1805 biles.

173 1829 242 1863 Sed
262 1829 291 1863 si
308 1829 431 1862 sintin
452 1829 671 1869 cardinibus,
709 1835 770 1862 aut
792 1829 829 1862 in
854 1830 1069 1863 succedenti-

69 1882 136 1915 bus
156 1881 341 1921 domibus,
369 1880 570 1925 significaut
586 1886 753 1924 parentes
777 1881 853 1913 fore
877 1881 995 1914 brevis
1019 1882 1068 1914 vi-

27 1937 39 1961 ἃ
72 1939 148 1973 tae,
185 1939 246 1966 aut
274 1932 377 1965 certis
403 1932 539 1965 morbis
563 1932 818 1965 conflictantes.
879 1931 916 1965 Si
939 1933 1010 1966 sint
1032 1933 1069 1965 in

28 2001 31 2010 ι
71 1983 198 2028 primis
215 1983 438 2023 cardinibus,
474 1983 636 2016 videlicet
653 1983 690 2016 in
712 1981 915 2027 horoscopo
943 1991 977 2017 et
998 1996 1070 2017 me—

73 2033 132 2068 dio
171 2034 261 2067 coeli
295 2040 328 2067 et
363 2033 449 2067 locis
482 2034 771 2075 succedentibus,
814 2040 919 2068 erunt
953 2035 1070 2068 brevis

27 2098 31 2126 j·
74 2085 181 2119 vitae.

177 2143 269 2178 Nam
299 2143 397 2177 Mars
425 2143 623 2187 adspiciens
650 2144 789 2184 Solem,
831 2151 870 2178 ut
905 2144 1072 2185 diximus,

28 2207 31 2227 t
74 2195 143 2229 cito
158 2201 262 2227 necat
277 2201 460 2239 parentes,
487 2201 549 2228 aut
572 2195 682 2228 laedit
705 2196 838 2230 oculos.
899 2196 966 2229 Sed
992 2208 1071 2229 cum

26 2243 30 2279 Ϊ
74 2246 269 2290 Saturnum
289 2246 459 2289 adspicit,
487 2246 602 2278 autin
619 2253 771 2279 mortem
784 2274 793 2287 ‚
821 2253 883 2280 aut
904 2247 940 2279 in
960 2247 1071 2291 putri-

74 2299 137 2331 das
152 2297 286 2337 febres,
315 2297 428 2329 autin
448 2297 620 2330 laesiones
637 2309 701 2342 per
727 2298 876 2331 vulnera
903 2305 936 2331 et
962 2299 1072 2332 ustio-

76 2361 139 2382 nes
157 2348 312 2382 coniicit.
367 2347 436 2381 Sed
453 2360 533 2381 cum
553 2348 728 2382 Saturnus
747 2349 897 2394 adspicit
920 2350 1073 2382 infelici-

27 2394 37 2432 ἶἸ
75 2407 130 2433 ter
148 2399 266 2433 Solem
279 2426 288 2439 ,
316 2399 431 2432 adfert
448 2405 601 2432 mortem
619 2400 714 2444 patri
732 2413 796 2445 per
819 2402 986 2441 morbos,
1013 2408 1074 2434 aut

27 2446 30 2502 ἐ
74 2463 140 2496 per
160 2450 337 2483 malorum
355 2447 548 2484 humorum
567 2451 805 2486 collectiones.

180 2518 235 2552 De
251 2524 365 2552 matre
388 2531 472 2552 vero
485 2545 494 2559 ‚
521 2519 551 2553 si
565 2518 700 2563 Iupiter
715 2519 856 2553 Lunam
881 2527 943 2553 aut
958 2519 1073 2554 Vene-

25 2579 30 2587 ¹
77 2582 154 2603 rem
173 2570 294 2615 aliquo
308 2571 417 2603 modo
444 2571 665 2614 adspexerit,
698 2577 760 2605 aut
776 2571 897 2605 Venus
921 2571 1072 2616 adspicit

77 2620 220 2654 Lunam
250 2621 364 2654 sextili
395 2627 457 2654 aut
487 2621 630 2665 trigono
657 2623 845 2667 adspectu,
881 2629 944 2656 aut
966 2630 1018 2657 est
1041 2623 1073 2656 ei

27 2672 30 2680 '
77 2673 218 2711 iuncta,
246 2684 325 2705 cum
343 2679 427 2706 sunt
442 2672 480 2705 in
495 2673 582 2706 locis
601 2673 745 2712 faustis,
773 2673 973 2718 significant
998 2686 1072 2707 ma-

26 2767 29 2770 *
75 2731 169 2757 trem
197 2723 274 2756 fore
300 2723 522 2766 longaevam.
574 2724 645 2757 Sed
665 2725 694 2758 si
715 2725 813 2759 Mars
837 2725 987 2770 adspicit
1002 2724 1073 2759 Lu-

138 2782 322 2811 Mnmwra.
340 2779 446 2810 oran.
478 2780 563 2811 Voi..
580 2781 703 2812 XV111.

234 137 373 174 XLVII.
418 134 815 173 INTERPRETATIO
841 131 1018 169 OPERIS
1046 130 1434 177 QUADRIPARTITI
1459 130 1743 167 PTOLEMAEI
1769 132 1857 167 LIB.
1883 131 1940 167 111.

2060 132 2110 168 66

1115 228 1199 250 nam
1228 225 1289 251 aut
1315 219 1511 260 Venerem,
1544 220 1733 253 succedens
1760 220 1812 260 ei,
1846 225 1907 252 aut
1934 220 2110 264 quadrato

1116 268 1285 312 adspectu
1316 269 1479 311 intuens,
1524 271 1579 304 vel
1605 270 1806 315 oppositus;
1849 277 1910 303 aut
1936 271 2111 303 Saturnus

1115 319 1227 352 solam
1254 318 1395 353 Lunam
1431 322 1479 354 sic
1510 322 1677 365 adspicit,
1714 334 1793 355 cum
1826 328 1909 355 sunt
1941 322 2108 355 diminuti

1116 382 1221 403 cursu
1233 397 1241 410 ,
1270 377 1329 403 aut
1345 370 1382 403 in
1400 372 1565 405 domibus
1583 373 1807 413 cadentibus,
1823 373 2018 407 coniiciunt
2036 386 2112 406 ma-

1116 428 1207 454 trem
1241 422 1278 453 in
1309 422 1455 456 morbos
1485 429 1624 455 tantum
1649 430 1683 456 et
1708 424 1976 459 imbecillitates.
2043 425 2113 458 Sed

1116 485 1195 505 cum
1215 473 1407 506 suntaucti
1424 486 1549 513 cursu,
1583 474 1638 505 vel
1663 475 1699 506 in
1725 476 1948 516 cardinibus,
1981 477 2113 520 signifi-

1116 530 1197 556 cant
1215 525 1360 556 brevem
1387 525 1498 557 vitam
1525 525 1718 564 matribus,
1745 532 1806 558 aut
1828 527 2027 569 significant
2052 528 2114 560 ob-

1115 576 1240 608 noxias
1256 576 1333 608 fore
1351 576 1497 609 sonticis
1519 576 1666 608 morbis.
1719 575 1821 609 Tunc
1846 578 1940 611 enim
1967 585 2113 623 porten—

1116 626 1206 659 dunt
1219 627 1364 659 brevem
1381 627 1511 666 vitam,
1543 639 1621 660 cum
1639 633 1721 659 sunt
1745 627 1782 659 in
1808 628 1962 669 oriente,
1993 637 2055 663 aut
2078 631 2115 662 in

1115 678 1384 711 succedentibus
1402 678 1585 717 domibus;
1613 679 1673 712 scd
1690 679 1816 711 sontici
1835 681 1953 712 morbi
1970 687 2115 723 porten-

1116 730 1270 769 duntur,
1307 742 1386 762 cum
1411 729 1463 761 illi
1487 736 1570 763 sunt
1596 730 1633 762 in
1661 729 1853 763 occidente.
1907 731 2001 764 Nam
2018 732 2114 765 Mars

1115 781 1164 814 sic
1183 780 1381 824 adspiciens
1399 779 1539 813 Lunam
1560 781 1713 825 positam
1733 781 1769 813 in
1788 780 1957 822 Oriente,
1984 783 2116 826 signifi-

1117 838 1173 864 cat
1203 831 1338 865 subitas
1364 838 1499 865 mortes
1532 839 1687 865 matrum
1722 839 1755 865 et
1780 833 1927 866 vulnera
1955 833 1993 866 in
2015 835 2116 868 facie.

1116 882 1185 916 Sed
1210 883 1239 916 si
1265 883 1466 927 adspexerit
1488 882 1628 916 Lunam
1662 883 1939 925 occidentalem,
1982 891 2116 919 mortes

1117 934 1232 966 adfert
1263 946 1327 978 per
1353 934 1500 968 abortus
1525 941 1559 967 et
1581 935 1686 974 talia,
1732 941 1765 967 ct
1792 935 2027 970 lacerationes
2056 943 2117 970 aut

1116 985 1274 1018 ustiones
1292 985 1466 1029 corporis.
1514 986 1603 1018 Cum
1622 992 1739 1019 antem
1760 987 1909 1031 adspicit
1928 988 2118 1028 Venerem,

1118 1037 1232 1069 adfert
1249 1037 1370 1069 letales
1392 1037 1528 1077 febres,
1557 1043 1591 1070 et
1615 1038 1760 1070 morbos
1785 1049 1825 1070 ex
1853 1039 2011 1073 obscuris
2037 1051 2117 1073 cau-

1117 1088 1162 1121 sis
1174 1114 1183 1128 ,
1212 1094 1245 1120 et
1263 1088 1430 1132 caligines
1451 1094 1484 1120 et
1501 1088 1635 1122 subitas
1651 1089 1906 1133 aegritudines.

1221 1155 1310 1189 Cum
1328 1162 1446 1189 autem
1458 1155 1633 1190 Saturnus
1649 1157 1798 1201 adspicit
1807 1157 1948 1191 Lunam
1961 1185 1970 1198 ‚
1986 1159 2119 1203 signifi-

1118 1213 1174 1239 cat
1198 1213 1353 1239 mortem
1383 1213 1417 1239 et
1442 1208 1598 1241 morbos.
1654 1207 1743 1241 Cum
1771 1209 1864 1241 enim
1884 1209 1985 1242 Luna
2012 1218 2063 1244 est
2083 1211 2121 1243 in

1118 1257 1284 1297 Oriente,
1319 1258 1493 1302 significat
1507 1259 1667 1302 putridas
1691 1260 1822 1297 febres;
1851 1273 1930 1293 cum
1950 1260 2052 1294 Luna
2070 1269 2121 1296 est

1119 1310 1155 1342 in
1182 1321 1327 1349 occasu,
1363 1309 1538 1353 significat
1563 1311 1710 1344 morbos
1735 1312 1825 1344 uteri
1853 1318 1887 1343 et
1911 1314 2118 1346 arrodentes

1118 1361 1245 1394 fluxus.

1224 1419 1292 1451 Sed
1311 1419 1355 1451 ad
1373 1418 1608 1462 singularium
1635 1421 1897 1464 praedictiones
1918 1424 1960 1455 de
1983 1424 2119 1458 morbis

1121 1470 1253 1504 assumi
1270 1469 1376 1502 etiam
1394 1470 1498 1503 debet
1517 1471 1700 1514 signorum
1725 1473 1899 1517 qualitas,
1931 1474 1968 1506 in
1992 1474 2121 1520 quibus

1121 1527 1204 1556 sunt
1218 1521 1403 1565 planetae,
1432 1521 1493 1566 qui
1512 1528 1594 1555 sunt
1610 1529 1753 1556 autores
1770 1524 2000 1558 morborum:
2030 1539 2120 1571 quae

1121 1573 1159 1606 in
1177 1573 1252 1616 ipsa
1272 1572 1460 1605 nativitate
1477 1573 1843 1620 commodiusinquiri
1855 1581 1982 1619 potest.
2013 1576 2122 1611 Prae-

1123 1631 1218 1657 terea
1246 1624 1302 1656 die
1328 1624 1439 1667 magis
1464 1624 1582 1657 Solem
1610 1631 1642 1658 et
1670 1625 1869 1667 Venerem,
1905 1634 2009 1661 nocte
2036 1641 2121 1662 vero

1122 1676 1319 1708 Saturnum
1337 1681 1372 1707 et
1388 1674 1529 1708 Lunam
1549 1677 1661 1719 magis
1685 1677 1967 1712 observabimus.

1224 1735 1420 1780 Reliquum
1447 1741 1498 1768 est
1524 1742 1641 1768 autem
1670 1736 1706 1769 in
1735 1737 1945 1781 particulari
1970 1738 2119 1784 inquisi-

1123 1786 1220 1819 tione
1233 1813 1242 1826 ,
1261 1792 1300 1819 nt
1317 1793 1480 1819 sumatur
1495 1786 1713 1830 significator
1729 1789 1897 1832 proprius
1916 1791 2041 1824 matris
2060 1797 2121 1824 aut

1123 1838 1254 1883 patris,
1284 1843 1318 1870 et
1332 1844 1487 1882 ponatur
1513 1839 1551 1870 in
1576 1836 1778 1883 horoscopo
1804 1846 1976 1886 tanquam
2001 1841 2038 1874 in
2065 1854 2122 1886 ge-

1123 1889 1199 1922 nesi
1215 1895 1425 1933 parentum,
1451 1895 1486 1921 et
1505 1889 1586 1921 inde
1605 1890 1763 1935 reliquae
1781 1891 1907 1925 domus
1932 1898 1966 1925 et
1987 1893 2124 1937 praeci-

1124 1953 1215 1986 puae
1230 1940 1506 1984 significationes
1523 1941 1798 1975 constituantur.

1226 1999 1415 2033 Caeterum
1453 2005 1486 2031 et
1510 1997 1567 2032 hic
1591 2006 1624 2032 et
1650 2000 1733 2032 alibi
1759 2013 1899 2045 semper
1925 2003 2046 2046 regula
2073 2009 2121 2036 te·

1125 2052 1241 2084 nenda
1262 2057 1313 2083 est
1328 2051 1371 2083 de
1388 2050 1613 2095 planetarum
1631 2051 1815 2085 mixtione.
1850 2053 1886 2085 Si
1905 2054 2024 2098 plures
2040 2061 2122 2088 sunt

1125 2103 1290 2147 planetae
1310 2107 1344 2134 et
1365 2102 1524 2134 diversae
1550 2108 1700 2135 naturae
1725 2104 1762 2135 in
1784 2104 1863 2136 loco
1890 2104 2121 2148 significante,

1126 2154 1370 2199 quaerendum
1390 2159 1460 2192 est,
1489 2152 1587 2186 cuius
1604 2153 1716 2187 virtus
1731 2155 1833 2198 plura
1852 2153 1981 2188 habeat
1997 2156 2123 2189 suffra-

1126 2205 1201 2248 gia;
1246 2210 1307 2236 aut
1333 2203 1359 2237 si
1386 2210 1469 2237 sunt
1503 2205 1665 2250 aequalia
1697 2206 1886 2249 suffragia,
1921 2206 2049 2241 mixtas
2082 2219 2122 2240 ex

1126 2255 1210 2300 ipsis
1228 2254 1416 2300 qualitates
1435 2255 1689 2288 convenienter
1707 2256 1974 2292 ratiocinemur.

1228 2315 1296 2348 Sed
1327 2315 1357 2348 si
1388 2315 1543 2355 distant,
1579 2315 1816 2350 attribuamus
1841 2316 1988 2361 singulis
2012 2325 2123 2352 certo·

1127 2379 1206 2399 rum
1224 2373 1428 2409 temporum
1452 2373 1614 2399 eventus:
1652 2366 1788 2410 priores
1810 2368 2013 2409 matutinis,
2051 2376 2124 2402 tar-

1127 2417 1245 2451 diores
1262 2417 1484 2461 vespertinis.
1537 2417 1685 2451 Necesse
1706 2425 1757 2451 est
1773 2424 1912 2460 autem,
1940 2421 2059 2453 statim
2079 2421 2124 2454 ab

1128 2468 1231 2502 initio
1250 2479 1446 2512 congruere
1465 2468 1582 2502 stellas
1606 2468 1675 2501 loci
1700 2469 1872 2514 quaesiti,
1898 2477 1933 2504 et
1957 2478 2124 2513 caeteras,

1128 2532 1218 2565 quae
1242 2518 1476 2563 principalem
1501 2519 1572 2551 vim
1598 2517 1743 2554 habent.
1795 2520 1841 2554 Et
1866 2534 1957 2567 quae
1980 2535 2054 2556 non
2079 2524 2124 2556 ab

1127 2571 1231 2604 initio
1261 2569 1444 2613 congruit,
1479 2570 1614 2604 nullam
1647 2571 1718 2604 vim
1752 2569 1870 2606 habet.
1929 2573 2012 2619 Quo
2037 2586 2123 2607 vero

1127 2629 1287 2666 tempore
1306 2627 1452 2655 eventus
1467 2622 1607 2656 futurus
1623 2623 1687 2663 sit,
1714 2635 1788 2656 non
1806 2623 1920 2657 solum
1940 2637 1981 2657 ex
1990 2625 2124 2669 signifi-

1127 2680 1246 2707 catore
1263 2671 1434 2712 sciemus,
1466 2674 1527 2707 sed
1542 2674 1649 2707 etiam
1674 2685 1715 2707 ex
1737 2675 1857 2719 positu
1881 2676 1925 2708 ad
1944 2675 2063 2709 Solem
2089 2682 2123 2710 et

1132 2722 1270 2768 angulis
1288 2723 1426 2758 mundi.

1510 2772 1534 2808 5
