2373 2980
159 70 231 104 749

210 158 307 191 Ghor.
334 155 462 190 Gravis
480 156 641 191 Deorum
658 158 710 191 ira
727 156 892 194 efferbuit

206 208 385 241 Adversus
410 221 530 242 semen
554 208 718 250 Tantali,
753 213 851 257 quod
871 224 1011 256 semper
1034 220 1085 247 est
1109 214 1146 247 in

569 272 761 297 aerumnis.

205 311 278 353 Iph.
313 309 412 343 Hanc
439 310 661 345 voluntatem
685 311 814 354 habuI,
843 313 1052 361 priusquam
1077 313 1146 349 huc

574 365 714 405 venisti,

154 420 228 454 990
257 421 305 454 Ut
323 433 433 455 essem
451 422 574 467 Argis,
601 430 634 457 et
651 431 712 458 tuo
730 432 921 470 conspectu
937 426 1086 460 fruerer.

203 471 301 506 Idem
326 473 428 514 volo,
460 475 558 519 quod
584 481 643 515 tu,
685 483 719 509 te
744 477 898 511 liberare
922 478 966 511 ab
991 476 1058 511 hac
1080 477 1146 510 mi-

564 526 669 566 seria,

202 573 248 607 Et
273 575 459 609 restituere
490 576 740 611 labefactatam
771 579 940 612 domum:
975 592 1049 613 non
1072 580 1144 613 iam

562 642 620 662 nie
638 629 865 663 interficienti
882 631 976 674 patri

201 675 358 718 Irascor,
383 680 444 712 sed
460 679 580 724 potius
598 687 649 714 est
665 679 755 714 mihi
770 681 946 714 familiam
964 682 1110 726 erigere.

201 727 352 762 Possum
370 742 517 764 manum
538 731 716 765 abstinere
731 744 751 764 a
770 739 830 765 tua
846 734 964 773 caede,

151 786 225 821 995
241 787 286 821 Et
300 801 445 832 possum
462 797 495 823 te
516 803 677 829 servare;
695 792 879 837 quomodo
897 798 1016 826 autem
1027 791 1142 825 Deam

563 842 684 875 fallere
703 843 849 886 possim,

202 889 325 922 Metuo
337 917 346 930 ‚
371 897 404 923 et
420 897 612 936 tyrannum
626 919 635 933 ‚
659 894 804 938 quando
822 906 972 928 vacuam

201 940 328 974 Sedem
345 953 487 975 saxeam
507 949 644 977 statuae
660 944 849 980 invenerit.

253 1068 434 1099 Exagitamur
454 1069 611 1094 errabundi.
649 1070 726 1093 Unde
745 1068 809 1093 mibi
830 1069 925 1099 pedem

251 1103 376 1127 Athenas
397 1103 490 1134 utique
510 1104 584 1127 misit
602 1105 713 1134 Apollo,

252 1137 371 1161 Causam
390 1137 483 1161 dicere
500 1144 555 1162 nou
574 1137 749 1162 nominandis
765 1137 884 1161 Deabus.

251 1172 302 1195 Est
322 1172 394 1195 enim
412 1174 621 1196 sacrosanctum
640 1172 783 1202 iudicium,
803 1172 874 1201 quod
890 1170 974 1195 Marti
993 1170 1058 1195 olim

253 1205 356 1234 Iupiter
375 1206 517 1229 constituit
537 1213 570 1229 ex
589 1213 717 1230 manuum
737 1206 853 1235 piaculo.

254 1239 412 1263 Profectum
432 1245 498 1263 vero
517 1240 598 1271 illuc,
617 1241 732 1270 primum
752 1240 858 1269 quidem
878 1239 971 1262 nullus
990 1239 1127 1269 hospitum

254 1274 363 1297 Lubeus
381 1274 518 1303 suscepit,
537 1275 667 1304 tanquam
683 1274 740 1298 Diis
759 1274 886 1297 invisum.

256 1308 307 1337 Qui
331 1313 399 1332 vero
425 1308 500 1332 ducti
525 1310 590 1331 sunt
613 1308 732 1338 pudore,
759 1308 897 1331 domicilia
922 1313 1002 1331 unam
1021 1313 1144 1332 mensam

561 1343 688 1367 habentia

254 1376 443 1400 Exhibuerunt
461 1377 604 1407 domuum,
624 1376 778 1400 existentes
797 1376 825 1398 in
844 1375 939 1399 eodem
958 1377 1039 1400 tecto.

254 1411 347 1434 Tacite
365 1416 433 1434 vero
446 1412 632 1441 apparabant,
653 1410 748 1440 paucis
764 1409 856 1433 verbis
871 1416 913 1433 nie
926 1410 1095 1441 salutatum,
1114 1412 1143 1434 ut

252 1446 276 1468 A
295 1445 355 1468 cibo
373 1450 463 1468 essem
482 1447 510 1469 et
528 1446 625 1475 poculo
644 1446 800 1474 separatus.

251 1479 283 1502 ιιι
301 1479 426 1509 poculum
444 1485 512 1504 vero
531 1479 671 1510 proprium
683 1496 690 1509 ‚
709 1484 802 1509 parem
822 1478 948 1502 omnibus
968 1479 1025 1502 vini

252 1515 411 1537 Mensuram
430 1513 591 1544 implentes,
611 1514 747 1537 habebant
766 1513 942 1543 voluptatem.

252 1549 288 1571 Et
308 1554 360 1578 ego
378 1548 550 1579 redarguere
568 1548 691 1578 hospites
710 1547 793 1571 nolui.

253 1583 384 1606 Dolebam
403 1584 493 1606 autem
513 1583 613 1613 tacite,
633 1584 661 1605 et
681 1581 794 1605 videbar
812 1588 867 1605 nou
885 1582 1118 1605 animadvertere.

254 1617 344 1640 Valde
362 1617 563 1647 ingemiscens,
582 1617 653 1647 quod
671 1616 710 1639 fui
729 1617 826 1639 matris
847 1617 1019 1639 interfector.

253 1651 342 1674 Audio
363 1657 430 1674 vero
449 1651 664 1674 Atheniensibus
681 1655 767 1673 meam
787 1651 976 1674 infelicitatem

251 1686 447 1709 Festivitatem
466 1692 546 1713 esse,
566 1687 649 1714 atque
667 1685 753 1707 adhuc
772 1691 883 1708 manere
905 1685 998 1713 ritum7

255 1719 350 1749 Capax
370 1719 449 1742 unius
473 1721 557 1743 clioae
575 1719 699 1749 poculum
719 1718 844 1742 Palladis
864 1720 956 1742 colere
975 1720 1114 1749 populum.

465 70 587 105 LXIV.
623 70 1026 109 INTERPRETATIO
1053 75 1293 113 EURIPIDIS
1318 76 1596 114 IPHIGENIAE
1624 77 1670 113 IN
1699 78 1887 114 TAURIS.

251 1754 399 1784 Postquam
424 1754 459 1777 ad
483 1754 613 1777 Martium
638 1752 769 1776 tumulum
796 1754 878 1784 veni,
912 1756 938 1776 et
965 1753 991 1776 in
1017 1754 1141 1777 iudicium
1166 1757 1170 1768 ¹

254 1788 430 1813 Constitutus
459 1795 518 1812 sum
530 1805 538 1819 ,
571 1794 621 1818 ego
650 1787 755 1816 quidem
787 1793 870 1811 uuum
902 1793 1041 1817 occupans
1074 1790 1141 1812 sub-

561 1822 681 1849 sellium,

253 1857 335 1881 Aliud
355 1857 586 1887 honoratissima,
605 1862 674 1886 quae
695 1857 753 1879 crat
773 1855 845 1879 inter
864 1856 974 1879 Furias.

252 1892 319 1916 Cum
338 1897 450 1915 causam
469 1892 614 1922 dixissem,
635 1892 662 1914 et
680 1890 847 1913 audivissem
867 1891 899 1913 de
918 1890 1084 1916 inatricidio,

251 1926 378 1950 Phoebus
409 1933 452 1950 me
484 1926 626 1955 servavit,
658 1925 844 1948 testimonium
875 1926 1029 1955 praebens:
1063 1926 1140 1955 paria

568 1966 636 1983 vero
658 1959 719 1982 milii

251 1994 392 2026 Suffragia
410 1994 550 2018 recensuit
568 1994 664 2018 Pallas
682 1999 765 2017 manu
783 1999 841 2017 sua.

249 2029 347 2053 Victor
366 2031 457 2052 autem
476 2028 593 2052 discessi
613 2028 646 2051 de
663 2028 776 2058 capitali
795 2028 902 2052 iudicio.

251 2065 389 2093 Quotquot
407 2064 491 2094 igitur
511 2063 643 2086 sederunt
662 2068 815 2092 persuasae
834 2062 943 2091 iudicio,

248 2098 377 2121 Iudicium
397 2099 468 2127 apud
488 2104 519 2121 se
538 2099 747 2121 sacrosanctum
766 2098 969 2121 constituerunt
986 2098 1095 2124 habere.

248 2133 302 2156 Sed
322 2133 455 2162 quotquot
474 2132 619 2155 Furiarum
640 2137 693 2154 non
715 2137 868 2161 persuasae
887 2134 951 2155 sunt
971 2133 1041 2163 lege,

249 2167 382 2192 Cursibus
400 2166 558 2196 irrequietis
578 2166 717 2196 exagitant
737 2172 778 2189 me
799 2173 896 2196 usque,

248 2202 341 2231 Usque
360 2201 422 2224 duni
440 2203 474 2224 ad
493 2202 617 2224 sanctum
636 2200 700 2223 veui
719 2201 817 2224 iterum
838 2201 938 2224 Phoebi
963 2202 1100 2232 templum.

248 2237 283 2260 Et
301 2236 366 2259 ante
381 2236 467 2265 adyta
486 2236 647 2265 porrectus,
666 2234 773 2257 ieiunus
793 2235 862 2266 cibo,

247 2270 342 2294 lui-avi
360 2270 416 2293 illio
436 2270 519 2293 vitam
537 2271 717 2298 abrupturum
736 2270 868 2298 moriens,

246 2304 306 2328 Nisi
324 2310 365 2327 me
385 2306 513 2327 scrvarct
532 2304 674 2334 Phoebus,
694 2304 739 2333 qui
758 2310 801 2327 me
820 2304 986 2333 perdiderat.

246 2339 312 2362 lude
330 2344 424 2362 vocem
444 2344 476 2361 ex
495 2338 603 2368 tripode
621 2344 706 2361 aureo
725 2338 873 2369 accipiens,

247 2372 375 2396 Phoebus
389 2378 431 2395 nie
442 2373 517 2395 misit
534 2373 603 2403 huc,
624 2373 694 2402 quod
710 2379 724 2396 e
742 2373 820 2396 coelo
836 2374 940 2403 lapsum
956 2377 998 2397 est
1009 2391 1015 2399 .
1035 2380 1135 2404 capere

246 2407 444 2431 Simulachrum
456 2423 464 2438 ⁷
483 2410 511 2430 et
528 2408 697 2430 Athenarum
717 2408 854 2431 collocare
874 2409 901 2431 in
923 2412 1036 2432 terram.

247 2442 354 2471 Quare,
374 2446 453 2471 quam
473 2441 590 2464 salutem
609 2442 752 2465 coustituit
770 2442 848 2465 nobis
867 2445 943 2466 certo
966 2444 1092 2469 termino,

246 2475 389 2500 Coadiuta.
427 2477 456 2499 st
476 2475 547 2498 enim
565 2476 640 2499 Deae
658 2476 732 2499 nacti
752 2476 887 2500 fuerimus
907 2478 1110 2507 simulat-nrum,

244 2511 286 2534 Ab
304 2510 413 2533 insania
432 2510 572 2539 desinam,
592 2512 620 2533 et
642 2511 669 2533 te
687 2511 835 2534 multiremi
852 2512 919 2535 navi

246 2545 376 2575 vehens,
397 2545 523 2574 Mycenis
540 2545 662 2567 statuam
680 2544 789 2571 iterum.

244 2578 368 2610 Verum,
388 2584 403 2602 o
422 2579 522 2608 chara,
542 2584 557 2602 o
577 2584 738 2609 germanum
756 2580 847 2611 capnt,

247 2613 364 2637 Servato
383 2614 527 2643 paternam
546 2613 670 2643 domum,
692 2615 719 2637 et
738 2620 823 2638 serva
840 2621 894 2645 me,

246 2647 382 2676 Quoniam
402 2653 478 2671 meae
497 2654 543 2671 res
563 2647 706 2677 perierunt
724 2654 838 2679 omnes,
858 2650 885 2672 et
903 2649 1108 2681 Pelopidarum,

246 2682 376 2706 coeleste
395 2682 450 2706 nisi
467 2682 654 2713 acceperimus
673 2682 750 2707 Deae
769 2683 976 2710 simulachrum.

1163 1995 1168 2203 ἓ

1161 2222 1165 2327 Ξ

1159 2329 1164 2462 ξ

1157 2509 1162 2636 ἒ

2118 79 2191 115 750

1252 164 1446 208 Quomodo
1473 171 1557 199 tunc
1581 177 1655 198 non
1678 164 1839 199 moriar?
1879 177 1970 212 quae
1998 166 2065 199 erit
2087 178 2188 200 excu-

1610 216 1727 250 satio?

1251 265 1383 299 Verum
1398 267 1426 300 si
1444 267 1549 301 simul
1567 265 1654 300 haec
1674 268 1794 301 onmia
1814 280 1925 302 unum
1946 268 2083 307 fierent,

1202 316 1299 350 1000
1324 317 1372 350 Ut
1392 324 1426 350 et
1444 324 1597 351 statuam
1617 319 1792 359 auferres,
1817 327 1851 353 et
1867 332 1924 353 me
1939 319 1977 352 in
1993 319 2116 352 navim

1249 368 1471 408 Abduceres,
1498 376 1587 402 esset
1605 371 1748 415 quidem
1765 372 1990 415 praeclarum
2007 372 2155 405 facinus.

1249 418 1383 452 Verum
1401 431 1464 463 ego
1482 427 1644 464 separata
1663 419 1792 456 abhoc
1804 448 1813 462 ‚
1837 422 1982 467 peribo;

1250 470 1307 503 Tu
1324 477 1446 503 tamen
1463 477 1521 503 tua
1540 483 1577 503 re
1593 472 1683 504 bene
1707 474 1897 507 constituta
1914 473 2058 507 redibis.

1249 520 1325 565 Ego
1342 533 1417 554 non
1435 522 1575 566 defugio
1599 523 1815 566 periculum,
1838 537 1882 558 ne
1899 525 2043 571 quidem
2069 524 2097 558 si
2112 537 2187 557 mo-

1615 573 1781 607 riendum
1800 575 1856 615 sit,

1201 622 1298 658 1005
1330 624 1441 658 Modo
1470 631 1502 659 te
1527 637 1678 660 servem.
1733 625 1829 665 „Vir
1859 626 1952 659 enim
1987 627 2024 659 in
2053 626 2186 659 familia

1611 682 1776 711 mortuus

1249 754 1270 767 ‚,
1281 726 1533 769 Dcsffleratur,
1558 729 1751 762 mulierum
1768 728 1945 762 imbecilla
1965 735 2016 762 est
2031 727 2151 774 vis‘31).

1250 780 1306 813 Or.
1315 778 1510 825 Nunquam
1530 779 1613 812 fiam
1632 786 1666 813 et
1684 786 1764 813 tuus
1776 786 1809 812 et
1820 780 1944 814 matris
1955 780 2047 813 inter
2058 780 2185 812 sector:

1248 830 1340 864 Satis
1355 837 1407 864 est
1420 831 1514 865 illius
1535 843 1651 869 1nors;
1678 831 1860 865 consentio
1879 831 1957 872 tibi,

1245 881 1338 914 Volo
1358 882 1493 926 pariter
1509 888 1626 916 tecum
1644 882 1764 916 vivere
1784 890 1845 916 aut
1860 884 1965 917 mori.

1201 933 1298 967 1010
1322 932 1474 967 Veniam
1501 934 1668 980 quidem,
1691 933 1793 968 etsiffl
1806 936 1838 981 ³)
1862 937 1937 981 ipse
1962 934 2106 981 quidem
2132 930 2189 964 hic

1608 986 1831 1027 occumbam,

1247 1033 1405 1068 Domum
1419 1061 1429 1076 ,
1453 1035 1481 1069 si
1497 1037 1651 1070 manebo
1669 1038 1827 1071 moriens
1846 1045 1974 1072 tecum.

1246 1085 1342 1119 Audi
1368 1092 1487 1120 autem
1512 1088 1726 1121 sententiam
1753 1101 1889 1130 meam,
1919 1090 1948 1124 si
1972 1086 2040 1122 hoc
2064 1088 2190 1120 adver-

1615 1152 1694 1173 sum
1719 1146 1807 1173 esset

1247 1186 1406 1228 Dianae,
1430 1201 1540 1234 quare
1558 1187 1726 1225 Phoebus
1744 1191 1899 1226 iussisset

1248 1237 1410 1272 Avehere
1426 1246 1581 1274 statuam
1598 1241 1695 1275 Deae
1712 1242 1748 1275 in
1765 1245 1890 1277 urbem
1908 1242 2078 1282 Palladis,

1200 1288 1297 1324 1015
1323 1290 1369 1323 Et
1384 1297 1482 1324 tuam
1501 1292 1633 1326 intueri
1649 1294 1799 1327 faciem?
1823 1293 1910 1329 haec
1929 1294 2049 1328 onmia
2069 1292 2163 1326 enim

1249 1341 1451 1377 confeceris
1475 1343 1513 1376 in
1536 1357 1666 1385 unum,
1691 1358 1795 1390 spero
1824 1359 1889 1381 nos
1914 1346 2094 1380 redituros
2117 1356 2188 1377 esse

1610 1397 1818 1432 incolumes.

1249 1445 1322 1488 Iph.
1349 1445 1542 1490 Quomodo
1560 1454 1677 1492 potest
1703 1461 1786 1492 ergo
1806 1449 1902 1488 fieri,
1930 1454 2058 1482 utnon
2079 1446 2187 1479 inter-

1613 1500 1787 1541 ficiamur,

1248 1545 1293 1580 Et
1312 1559 1575 1594 consequamur
1594 1562 1632 1583 ea
1646 1578 1654 1591 ‚
1681 1563 1772 1597 quae
1793 1550 1984 1585 volumus?
2017 1550 2066 1585 sic
2093 1548 2187 1582 enim

1619 1603 1734 1647 cogita

1250 1648 1416 1683 Reditum
1436 1653 1478 1683 ad
1499 1653 1661 1688 domum.
1714 1653 1890 1688 Voluntas
1915 1653 2058 1699 quidem
2080 1651 2188 1684 adest.

1231 1792 1277 1822 fii)
1299 1792 1384 1817 Chor.
1405 1793 1507 1817 Gravis
1526 1807 1559 1811 ·—
1579 1794 1630 1818 vis.
1657 1798 1714 1824 (vs.
1732 1794 1937 1827 987—1006.)]
1965 1794 2007 1818 sic
2029 1794 2078 1818 Ed.
2100 1794 2190 1819 1562.:

1265 1828 1315 1851 Ed.
1336 1828 1427 1852 1558.:

1301 1861 1389 1886 Cleor.
1406 1862 1563 1886 Vehemens
1583 1864 1717 1893 quaedam
1737 1864 1778 1888 ira
1796 1865 1916 1888 Deorum
1934 1863 2039 1894 ingruit

1299 1896 1329 1919 ln
1349 1897 1503 1920 Tantalium
1522 1904 1624 1928 genus,
1644 1900 1672 1922 et
1689 1899 1717 1922 in
1736 1900 1877 1923 laboribus
1896 1905 1992 1929 usque.

1299 1930 1361 1962 Iplt.
1387 1931 1545 1962 Promptam
1563 1933 1751 1965 voluntatem,
1777 1936 1922 1965 antequam
1941 1936 1970 1957 tu
1989 1934 2040 1957 huc
2066 1931 2187 1959 venires÷

1609 1968 1707 1998 habeo,

1297 2000 1391 2030 Argos
1410 2000 1563 2030 proficisci,
1584 2003 1610 2025 et
1630 2004 1674 2030 te,
1694 2003 1799 2034 frater>
1817 2003 1971 2033 adspicere.

1298 2034 1384 2064 cupio
1403 2035 1513 2066 eadem⁷
1533 2041 1602 2065 quae
1621 2038 1666 2066 tu,
1687 2039 1714 2060 et
1733 2043 1786 2061 una
1805 2039 1893 2061 tecum
1913 2036 2022 2068 defungi
2035 2036 2185 2063 laboribus,

1296 2069 1332 2092 Et
1351 2069 1460 2093 domum
1478 2070 1624 2097 afflictam,
1644 2072 1753 2095 minime
1772 2072 1906 2096 occidenti
1924 2078 1966 2095 me

1296 2103 1387 2135 Irata,
1406 2107 1549 2133 paternam
1570 2106 1679 2135 erigere
1697 2107 1770 2131 volo.

1295 2137 1392 2167 ltaque
1411 2143 1428 2161 a
1447 2139 1532 2162 caede
1550 2140 1588 2162 tui
1612 2146 1708 2163 manus
1727 2141 1932 2166 abstinebimus,

1296 2173 1420 2196 Servabo
1438 2173 1581 2197 familiam.
1619 2175 1672 2198 Sed
1692 2175 1779 2204 ipsam
1798 2177 1884 2199 Deam
1903 2174 2035 2205 quomodo
2056 2174 2165 2202 lateam,

1292 2207 1402 2238 Metuo,
1423 2210 1449 2231 et
1468 2209 1632 2239 tyrannum⁷
1652 2210 1759 2239 quando
1780 2215 1881 2233 vacuas

1294 2241 1399 2264 'thecas
1419 2242 1557 2265 invenerit
1577 2243 1698 2273 lapideas
1719 2244 1896 2274 simulachro,

1296 2274 1348 2304 Qui
1367 2282 1421 2299 nou
1440 2274 1564 2300 moriar?
1588 2283 1656 2306 quae
1676 2278 1738 2300 mihi
1758 2278 1811 2301 erit
1830 2273 1993 2301 excusatio?

1294 2310 1399 2333 Verum
1417 2311 1442 2333 si
1460 2311 1566 2340 quidam
1586 2317 1666 2334 unum
1688 2313 1737 2335 hoc
1756 2312 1836 2335 simul
1854 2313 1944 2337 fieret.

1295 2345 1330 2367 Ut
1348 2344 1438 2368 ferres
1457 2345 1667 2373 simulachrum,
1691 2347 1718 2369 et
1736 2353 1778 2369 me
1798 2346 1825 2369 in
1845 2346 1911 2370 forti
1929 2346 1995 2370 navi

1292 2378 1437 2409 Veneres,
1457 2379 1524 2402 haec
1543 2379 1707 2409 periclitatio
1728 2383 1805 2404 esset
1824 2381 1946 2412 egregia.

1291 2413 1333 2436 Ab
1352 2413 1403 2436 hoc
1422 2414 1512 2436 autem
1535 2414 1606 2437 facto
1626 2417 1748 2441 semota,
1768 2421 1820 2446 ego
1841 2416 1946 2446 quidem
1965 2421 2060 2446 pereo.

1291 2447 1332 2470 'l'u
1346 2453 1411 2470 vero
1426 2448 1550 2471 sortasse
1563 2449 1645 2472 rebus
1665 2450 1720 2472 tuis
1736 2451 1803 2473 bene
1823 2450 1966 2480 dispositis
1986 2450 2103 2474 reditum
2119 2455 2182 2473 sor—

1606 2482 1704 2513 tieris;

1290 2515 1350 2538 Non
1369 2516 1459 2540 tamen
1479 2517 1586 2547 abnuo,
1607 2524 1694 2547 neque
1714 2518 1738 2541 si
1757 2518 1821 2542 mihi
1839 2519 2009 2542 moriendum
2029 2518 2076 2542 sit.

1291 2550 1414 2574 Servare
1432 2552 1468 2574 te.
1505 2552 1654 2582 „Namque
1675 2553 1719 2575 vir
1739 2553 1845 2583 quidem
1864 2560 1897 2576 ex
1915 2553 2019 2576 familia

1291 2583 1388 2614 „Cum
1406 2585 1539 2617 moritur,
1559 2586 1769 2618 desiderabilis3
1797 2588 1922 2611 mulieris
1942 2593 2008 2611 vero
2028 2593 2074 2610 res
2093 2586 2179 2610 imbe-

1601 2621 1691 2646 cilles.

1220 2650 1286 2683 Gla)
1313 2651 1379 2684 etsi]
1415 2653 1456 2678 sic
1487 2654 1536 2678 Ed.
1557 2655 1631 2678 1562.
1658 2657 1706 2683 (Ξ
1724 2655 1808 2680 Editt.
1835 2656 1920 2679 Basil.
1950 2656 2041 2686 1551.‚
2074 2656 2180 2686 Musgr.

1257 2684 1374 2719 ἧνπερ)3
1394 2689 1476 2713 Barn.
1495 2686 1529 2719 ἢν
1546 2687 1585 2721 μή
1603 2703 1638 2706 -
1656 2689 1727 2720 nisi;
1748 2690 1805 2715 Fix.
1827 2687 1913 2721 13117159
1934 2688 1972 2722 μή
1995 2702 2028 2707 -
2047 2690 2100 2714 nisi
