<?xml version="1.0" encoding="UTF-8"?>
<!DOCTYPE html PUBLIC "-//W3C//DTD XHTML 1.0 Transitional//EN"
    "http://www.w3.org/TR/xhtml1/DTD/xhtml1-transitional.dtd">
<html xmlns="http://www.w3.org/1999/xhtml" xml:lang="en" lang="en">
 <head>
  <title>
</title>
<meta http-equiv="Content-Type" content="text/html;charset=utf-8" />
  <meta name='ocr-system' content='tesseract 3.04.00' />
  <meta name='ocr-capabilities' content='ocr_page ocr_carea ocr_par ocr_line ocrx_word'/>
</head>
<body>
  <div class='ocr_page' id='page_1' title='image "./operaquaesupersu18melauoft/operaquaesupersu18melauoft_0248.png"; bbox 0 0 2373 2980; ppageno 0'>
   <div class='ocr_carea' id='block_1_1' title="bbox 227 95 1672 147">
    <p class='ocr_par' dir='ltr' id='par_1_1' title="bbox 227 95 1672 147">
     <span class='ocr_line' id='line_1_1' title="bbox 227 95 1672 147; baseline -0.012 0"><span class='ocrx_word' id='word_1_1' title='bbox 227 114 293 147; x_wconf 72' lang='lat'><strong>471</strong></span> <span class='ocrx_word' id='word_1_2' title='bbox 798 100 922 136; x_wconf 86' lang='lat' dir='ltr'><strong>PHIL.</strong></span> <span class='ocrx_word' id='word_1_3' title='bbox 955 100 1068 135; x_wconf 84' lang='lat' dir='ltr'><strong>MEL.</strong></span> <span class='ocrx_word' id='word_1_4' title='bbox 1103 96 1306 134; x_wconf 77' lang='lat' dir='ltr'><strong>SCRIPTA</strong></span> <span class='ocrx_word' id='word_1_5' title='bbox 1336 95 1672 132; x_wconf 76' lang='lat' dir='ltr'><strong>PfflLOLoGch.</strong></span> 
     </span>
    </p>
   </div>
   <div class='ocr_carea' id='block_1_2' title="bbox 236 186 1242 2423">
    <p class='ocr_par' dir='ltr' id='par_1_2' title="bbox 279 186 1215 273">
     <span class='ocr_line' id='line_1_2' title="bbox 279 186 1215 232; baseline -0.015 0"><span class='ocrx_word' id='word_1_6' title='bbox 279 199 372 232; x_wconf 75' lang='lat' dir='ltr'><strong>Med.</strong></span> <span class='ocrx_word' id='word_1_7' title='bbox 396 195 498 229; x_wconf 85' lang='lat' dir='ltr'><strong>lason</strong></span> <span class='ocrx_word' id='word_1_8' title='bbox 525 191 653 225; x_wconf 78' lang='lat' dir='ltr'><strong>iniuria</strong></span> <span class='ocrx_word' id='word_1_9' title='bbox 681 200 735 221; x_wconf 84' lang='lat' dir='ltr'><strong>me</strong></span> <span class='ocrx_word' id='word_1_10' title='bbox 764 187 901 227; x_wconf 79' lang='lat' dir='ltr'><strong>affecit,</strong></span> <span class='ocrx_word' id='word_1_11' title='bbox 924 186 1021 220; x_wconf 87' lang='lat' dir='ltr'><strong>nulla</strong></span> <span class='ocrx_word' id='word_1_12' title='bbox 1044 198 1063 219; x_wconf 83' lang='lat' dir='ltr'><strong>a</strong></span> <span class='ocrx_word' id='word_1_13' title='bbox 1087 198 1143 220; x_wconf 89' lang='lat' dir='ltr'><strong>me</strong></span> <span class='ocrx_word' id='word_1_14' title='bbox 1164 186 1215 218; x_wconf 82' lang='lat' dir='ltr'><strong>af-</strong></span> 
     </span>
     <span class='ocr_line' id='line_1_3' title="bbox 643 241 763 273; baseline -0.008 0"><span class='ocrx_word' id='word_1_15' title='bbox 643 241 763 273; x_wconf 86' lang='lat' dir='ltr'><strong>fectus.</strong></span> 
     </span>
    </p>

    <p class='ocr_par' dir='ltr' id='par_1_3' title="bbox 284 287 1003 340">
     <span class='ocr_line' id='line_1_4' title="bbox 284 287 1003 340; baseline -0.013 -9"><span class='ocrx_word' id='word_1_16' title='bbox 284 301 363 340; x_wconf 45' lang='lat'><em>2109.</em></span> <span class='ocrx_word' id='word_1_17' title='bbox 393 295 487 340; x_wconf 83' lang='lat' dir='ltr'><strong>Quid</strong></span> <span class='ocrx_word' id='word_1_18' title='bbox 511 292 615 326; x_wconf 78' lang='lat' dir='ltr'><strong>fecit?</strong></span> <span class='ocrx_word' id='word_1_19' title='bbox 639 291 695 325; x_wconf 84' lang='lat' dir='ltr'><strong>dic</strong></span> <span class='ocrx_word' id='word_1_20' title='bbox 720 287 809 323; x_wconf 83' lang='lat' dir='ltr'><strong>mihi</strong></span> <span class='ocrx_word' id='word_1_21' title='bbox 833 288 1003 334; x_wconf 73' lang='lat' dir='ltr'>apertius.</span> 
     </span>
    </p>

    <p class='ocr_par' dir='ltr' id='par_1_4' title="bbox 236 340 1221 579">
     <span class='ocr_line' id='line_1_5' title="bbox 286 340 1214 385; baseline -0.012 -3"><span class='ocrx_word' id='word_1_22' title='bbox 286 350 377 382; x_wconf 69' lang='lat' dir='ltr'><strong>ssIed.</strong></span> <span class='ocrx_word' id='word_1_23' title='bbox 403 346 517 379; x_wconf 81' lang='lat' dir='ltr'><strong>Habet</strong></span> <span class='ocrx_word' id='word_1_24' title='bbox 540 344 645 377; x_wconf 78' lang='lat' dir='ltr'><strong>aliam</strong></span> <span class='ocrx_word' id='word_1_25' title='bbox 670 353 818 375; x_wconf 85' lang='lat' dir='ltr'><strong>uxorem</strong></span> <span class='ocrx_word' id='word_1_26' title='bbox 838 352 925 385; x_wconf 86' lang='lat' dir='ltr'><strong>prae</strong></span> <span class='ocrx_word' id='word_1_27' title='bbox 950 352 1004 373; x_wconf 91' lang='lat' dir='ltr'><strong>me</strong></span> <span class='ocrx_word' id='word_1_28' title='bbox 1029 340 1214 373; x_wconf 85' lang='lat' dir='ltr'><strong>dominam</strong></span> 
     </span>
     <span class='ocr_line' id='line_1_6' title="bbox 642 391 907 427; baseline -0.008 0"><span class='ocrx_word' id='word_1_29' title='bbox 642 391 747 427; x_wconf 82' lang='lat' dir='ltr'><strong>liuius</strong></span> <span class='ocrx_word' id='word_1_30' title='bbox 769 393 907 426; x_wconf 83' lang='lat' dir='ltr'><strong>domus.</strong></span> 
     </span>
     <span class='ocr_line' id='line_1_7' title="bbox 236 441 1138 492; baseline -0.01 -9"><span class='ocrx_word' id='word_1_31' title='bbox 236 448 308 483; x_wconf 83' lang='lat'><strong>695</strong></span> <span class='ocrx_word' id='word_1_32' title='bbox 333 452 413 492; x_wconf 72' lang='lat' dir='ltr'><strong>Aey.</strong></span> <span class='ocrx_word' id='word_1_33' title='bbox 439 448 495 480; x_wconf 76' lang='lat' dir='ltr'><strong>Au</strong></span> <span class='ocrx_word' id='word_1_34' title='bbox 521 458 624 480; x_wconf 83' lang='lat' dir='ltr'><strong>ausus</strong></span> <span class='ocrx_word' id='word_1_35' title='bbox 648 442 741 477; x_wconf 69' lang='lat' dir='ltr'><strong>hamc</strong></span> <span class='ocrx_word' id='word_1_36' title='bbox 764 443 1007 488; x_wconf 80' lang='lat' dir='ltr'>turpissimam</span> <span class='ocrx_word' id='word_1_37' title='bbox 1036 441 1138 474; x_wconf 78' lang='lat' dir='ltr'><strong>rem?</strong></span> 
     </span>
     <span class='ocr_line' id='line_1_8' title="bbox 286 491 1221 539; baseline -0.011 -5"><span class='ocrx_word' id='word_1_38' title='bbox 286 502 379 534; x_wconf 73' lang='lat' dir='ltr'><strong>Med.</strong></span> <span class='ocrx_word' id='word_1_39' title='bbox 407 499 501 532; x_wconf 79' lang='lat' dir='ltr'><strong>Bene</strong></span> <span class='ocrx_word' id='word_1_40' title='bbox 526 498 631 532; x_wconf 87' lang='lat' dir='ltr'><strong>scito:</strong></span> <span class='ocrx_word' id='word_1_41' title='bbox 659 507 746 534; x_wconf 85' lang='lat' dir='ltr'><strong>nos,</strong></span> <span class='ocrx_word' id='word_1_42' title='bbox 765 495 827 539; x_wconf 89' lang='lat' dir='ltr'><strong>qui</strong></span> <span class='ocrx_word' id='word_1_43' title='bbox 849 500 930 527; x_wconf 86' lang='lat' dir='ltr'><strong>ante</strong></span> <span class='ocrx_word' id='word_1_44' title='bbox 947 491 1221 537; x_wconf 6' lang='lat' dir='ltr'><strong>eramusqamici,</strong></span> 
     </span>
     <span class='ocr_line' id='line_1_9' title="bbox 653 545 932 579; baseline -0.004 0"><span class='ocrx_word' id='word_1_45' title='bbox 653 545 773 579; x_wconf 84' lang='lat' dir='ltr'><strong>reiecti</strong></span> <span class='ocrx_word' id='word_1_46' title='bbox 800 558 932 579; x_wconf 86' lang='lat' dir='ltr'><strong>sumus.</strong></span> 
     </span>
    </p>

    <p class='ocr_par' dir='ltr' id='par_1_5' title="bbox 286 593 1088 644">
     <span class='ocr_line' id='line_1_10' title="bbox 286 593 1088 644; baseline -0.01 -10"><span class='ocrx_word' id='word_1_47' title='bbox 286 604 366 644; x_wconf 60' lang='lat' dir='ltr'><strong>Aegl.</strong></span> <span class='ocrx_word' id='word_1_48' title='bbox 392 602 447 633; x_wconf 82' lang='lat' dir='ltr'><strong>An</strong></span> <span class='ocrx_word' id='word_1_49' title='bbox 472 610 594 632; x_wconf 83' lang='lat' dir='ltr'><strong>amore</strong></span> <span class='ocrx_word' id='word_1_50' title='bbox 620 598 803 637; x_wconf 87' lang='lat' dir='ltr'><strong>incensus,</strong></span> <span class='ocrx_word' id='word_1_51' title='bbox 832 609 878 629; x_wconf 87' lang='lat' dir='ltr'><strong>an</strong></span> <span class='ocrx_word' id='word_1_52' title='bbox 903 595 985 629; x_wconf 89' lang='lat' dir='ltr'><strong>odio</strong></span> <span class='ocrx_word' id='word_1_53' title='bbox 1009 593 1088 627; x_wconf 81' lang='lat' dir='ltr'><strong>tui?</strong></span> 
     </span>
    </p>

    <p class='ocr_par' dir='ltr' id='par_1_6' title="bbox 287 644 1223 745">
     <span class='ocr_line' id='line_1_11' title="bbox 287 644 1223 695; baseline -0.012 -9"><span class='ocrx_word' id='word_1_54' title='bbox 287 654 380 685; x_wconf 75' lang='lat' dir='ltr'><strong>Med.</strong></span> <span class='ocrx_word' id='word_1_55' title='bbox 409 652 541 695; x_wconf 81' lang='lat' dir='ltr'><strong>Magno</strong></span> <span class='ocrx_word' id='word_1_56' title='bbox 569 661 708 687; x_wconf 84' lang='lat' dir='ltr'><strong>amore;</strong></span> <span class='ocrx_word' id='word_1_57' title='bbox 736 647 906 681; x_wconf 87' lang='lat' dir='ltr'><strong>nimirum</strong></span> <span class='ocrx_word' id='word_1_58' title='bbox 933 658 1007 679; x_wconf 90' lang='lat' dir='ltr'><strong>non</strong></span> <span class='ocrx_word' id='word_1_59' title='bbox 1033 651 1084 679; x_wconf 89' lang='lat' dir='ltr'><strong>est</strong></span> <span class='ocrx_word' id='word_1_60' title='bbox 1101 644 1223 677; x_wconf 83' lang='lat' dir='ltr'><strong>firmus</strong></span> 
     </span>
     <span class='ocr_line' id='line_1_12' title="bbox 656 699 921 745; baseline -0.004 -13"><span class='ocrx_word' id='word_1_61' title='bbox 656 700 691 732; x_wconf 91' lang='lat' dir='ltr'><strong>in</strong></span> <span class='ocrx_word' id='word_1_62' title='bbox 709 699 921 745; x_wconf 56' lang='lat' dir='ltr'><strong>amorefflss).</strong></span> 
     </span>
    </p>

    <p class='ocr_par' dir='ltr' id='par_1_7' title="bbox 289 747 1224 835">
     <span class='ocr_line' id='line_1_13' title="bbox 289 747 1224 798; baseline -0.011 -11"><span class='ocrx_word' id='word_1_63' title='bbox 289 757 370 798; x_wconf 70' lang='lat' dir='ltr'><strong>Aeq.</strong></span> <span class='ocrx_word' id='word_1_64' title='bbox 398 753 465 787; x_wconf 83' lang='lat' dir='ltr'><strong>Eat</strong></span> <span class='ocrx_word' id='word_1_65' title='bbox 489 765 572 796; x_wconf 75' lang='lat' dir='ltr'><strong>ergo</strong></span> <span class='ocrx_word' id='word_1_66' title='bbox 595 763 708 790; x_wconf 89' lang='lat' dir='ltr'><strong>nunc,</strong></span> <span class='ocrx_word' id='word_1_67' title='bbox 731 750 759 784; x_wconf 88' lang='lat' dir='ltr'><strong>si</strong></span> <span class='ocrx_word' id='word_1_68' title='bbox 783 751 928 795; x_wconf 86' lang='lat' dir='ltr'><strong>quidem</strong></span> <span class='ocrx_word' id='word_1_69' title='bbox 954 755 1003 782; x_wconf 86' lang='lat' dir='ltr'><strong>est</strong></span> <span class='ocrx_word' id='word_1_70' title='bbox 1028 747 1161 785; x_wconf 84' lang='lat' dir='ltr'><strong>malus,</strong></span> <span class='ocrx_word' id='word_1_71' title='bbox 1186 751 1224 778; x_wconf 89' lang='lat' dir='ltr'><strong>ut</strong></span> 
     </span>
     <span class='ocr_line' id='line_1_14' title="bbox 650 801 747 835; baseline -0.01 0"><span class='ocrx_word' id='word_1_72' title='bbox 650 801 747 835; x_wconf 86' lang='lat' dir='ltr'><strong>dicis.</strong></span> 
     </span>
    </p>

    <p class='ocr_par' dir='ltr' id='par_1_8' title="bbox 242 851 1229 1000">
     <span class='ocr_line' id='line_1_15' title="bbox 242 851 1173 899; baseline -0.009 -11"><span class='ocrx_word' id='word_1_73' title='bbox 242 856 313 889; x_wconf 84' lang='lat'><strong>700</strong></span> <span class='ocrx_word' id='word_1_74' title='bbox 337 857 429 890; x_wconf 75' lang='lat' dir='ltr'><strong>Med.</strong></span> <span class='ocrx_word' id='word_1_75' title='bbox 455 855 598 899; x_wconf 83' lang='lat' dir='ltr'><strong>Cupivit</strong></span> <span class='ocrx_word' id='word_1_76' title='bbox 622 853 781 897; x_wconf 85' lang='lat' dir='ltr'><strong>accipere</strong></span> <span class='ocrx_word' id='word_1_77' title='bbox 808 851 1016 884; x_wconf 80' lang='lat' dir='ltr'><strong>affinitatem</strong></span> <span class='ocrx_word' id='word_1_78' title='bbox 1038 861 1173 892; x_wconf 84' lang='lat' dir='ltr'><strong>regum.</strong></span> 
     </span>
     <span class='ocr_line' id='line_1_16' title="bbox 292 900 1182 951; baseline -0.009 -12"><span class='ocrx_word' id='word_1_79' title='bbox 292 909 373 950; x_wconf 68' lang='lat' dir='ltr'><strong>Aegy.</strong></span> <span class='ocrx_word' id='word_1_80' title='bbox 402 907 490 951; x_wconf 79' lang='lat' dir='ltr'><strong>Quis</strong></span> <span class='ocrx_word' id='word_1_81' title='bbox 519 907 581 938; x_wconf 85' lang='lat' dir='ltr'><strong>dat</strong></span> <span class='ocrx_word' id='word_1_82' title='bbox 603 904 659 938; x_wconf 78' lang='lat' dir='ltr'><strong>ei?</strong></span> <span class='ocrx_word' id='word_1_83' title='bbox 687 909 830 948; x_wconf 81' lang='lat' dir='ltr'><strong>pertexe</strong></span> <span class='ocrx_word' id='word_1_84' title='bbox 853 900 945 934; x_wconf 83' lang='lat' dir='ltr'><strong>hanc</strong></span> <span class='ocrx_word' id='word_1_85' title='bbox 969 901 1182 934; x_wconf 88' lang='lat' dir='ltr'><strong>orationem.</strong></span> 
     </span>
     <span class='ocr_line' id='line_1_17' title="bbox 291 949 1229 1000; baseline -0.011 -9"><span class='ocrx_word' id='word_1_86' title='bbox 291 959 384 991; x_wconf 83' lang='lat' dir='ltr'><strong>Med.</strong></span> <span class='ocrx_word' id='word_1_87' title='bbox 412 958 529 990; x_wconf 83' lang='lat' dir='ltr'>Creon</span> <span class='ocrx_word' id='word_1_88' title='bbox 542 983 550 996; x_wconf 91' lang='lat'>‚</span> <span class='ocrx_word' id='word_1_89' title='bbox 575 956 637 1000; x_wconf 89' lang='lat' dir='ltr'><strong>qui</strong></span> <span class='ocrx_word' id='word_1_90' title='bbox 655 954 821 987; x_wconf 89' lang='lat' dir='ltr'><strong>dominus</strong></span> <span class='ocrx_word' id='word_1_91' title='bbox 838 959 890 986; x_wconf 87' lang='lat' dir='ltr'><strong>est</strong></span> <span class='ocrx_word' id='word_1_92' title='bbox 903 951 1008 986; x_wconf 87' lang='lat' dir='ltr'><strong>huius</strong></span> <span class='ocrx_word' id='word_1_93' title='bbox 1026 958 1141 984; x_wconf 86' lang='lat' dir='ltr'><strong>terrae</strong></span> <span class='ocrx_word' id='word_1_94' title='bbox 1161 949 1229 981; x_wconf 90' lang='lat' dir='ltr'><strong>Co-</strong></span> 
     </span>
    </p>

    <p class='ocr_par' dir='ltr' id='par_1_9' title="bbox 244 1002 1233 1603">
     <span class='ocr_line' id='line_1_18' title="bbox 662 1002 870 1037; baseline -0.01 0"><span class='ocrx_word' id='word_1_95' title='bbox 662 1002 870 1037; x_wconf 83' lang='lat' dir='ltr'><strong>rinthiacae.</strong></span> 
     </span>
     <span class='ocr_line' id='line_1_19' title="bbox 290 1049 1229 1101; baseline -0.01 -11"><span class='ocrx_word' id='word_1_96' title='bbox 290 1060 370 1101; x_wconf 64' lang='lat' dir='ltr'><strong>Aeg.</strong></span> <span class='ocrx_word' id='word_1_97' title='bbox 389 1056 647 1101; x_wconf 75' lang='lat' dir='ltr'><strong>ignoscendum</strong></span> <span class='ocrx_word' id='word_1_98' title='bbox 662 1055 797 1093; x_wconf 89' lang='lat' dir='ltr'><strong>tibiest,</strong></span> <span class='ocrx_word' id='word_1_99' title='bbox 815 1054 911 1098; x_wconf 92' lang='lat' dir='ltr'><strong>quod</strong></span> <span class='ocrx_word' id='word_1_100' title='bbox 921 1052 1030 1090; x_wconf 79' lang='lat' dir='ltr'><strong>doles,</strong></span> <span class='ocrx_word' id='word_1_101' title='bbox 1051 1063 1071 1083; x_wconf 92' lang='lat' dir='ltr'><strong>o</strong></span> <span class='ocrx_word' id='word_1_102' title='bbox 1089 1049 1229 1083; x_wconf 86' lang='lat' dir='ltr'><strong>mulier.</strong></span> 
     </span>
     <span class='ocr_line' id='line_1_20' title="bbox 291 1099 1229 1151; baseline -0.01 -9"><span class='ocrx_word' id='word_1_103' title='bbox 291 1110 384 1143; x_wconf 80' lang='lat' dir='ltr'><strong>Med.</strong></span> <span class='ocrx_word' id='word_1_104' title='bbox 410 1108 524 1147; x_wconf 88' lang='lat' dir='ltr'><strong>Perii,</strong></span> <span class='ocrx_word' id='word_1_105' title='bbox 550 1112 692 1151; x_wconf 85' lang='lat' dir='ltr'><strong>praeter</strong></span> <span class='ocrx_word' id='word_1_106' title='bbox 722 1103 790 1137; x_wconf 92' lang='lat' dir='ltr'><strong>hoc</strong></span> <span class='ocrx_word' id='word_1_107' title='bbox 813 1104 969 1148; x_wconf 83' lang='lat' dir='ltr'><strong>expellor</strong></span> <span class='ocrx_word' id='word_1_108' title='bbox 984 1114 1025 1135; x_wconf 86' lang='lat' dir='ltr'><strong>ex</strong></span> <span class='ocrx_word' id='word_1_109' title='bbox 1042 1099 1108 1134; x_wconf 86' lang='lat' dir='ltr'><strong>hac</strong></span> <span class='ocrx_word' id='word_1_110' title='bbox 1124 1107 1229 1133; x_wconf 87' lang='lat' dir='ltr'><strong>terra.</strong></span> 
     </span>
     <span class='ocr_line' id='line_1_21' title="bbox 244 1153 1230 1204; baseline -0.009 -13"><span class='ocrx_word' id='word_1_111' title='bbox 244 1158 316 1193; x_wconf 46' lang='lat'><strong>*705</strong></span> <span class='ocrx_word' id='word_1_112' title='bbox 344 1162 424 1204; x_wconf 71' lang='lat' dir='ltr'><strong>Aey.</strong></span> <span class='ocrx_word' id='word_1_113' title='bbox 450 1160 603 1203; x_wconf 84' lang='lat' dir='ltr'>Propter</span> <span class='ocrx_word' id='word_1_114' title='bbox 627 1155 791 1203; x_wconf 53' lang='lat' dir='ltr'><strong>quidmst*</strong></span> <span class='ocrx_word' id='word_1_115' title='bbox 816 1153 884 1188; x_wconf 91' lang='lat' dir='ltr'><strong>hoc</strong></span> <span class='ocrx_word' id='word_1_116' title='bbox 907 1154 1003 1187; x_wconf 85' lang='lat' dir='ltr'><strong>aliud</strong></span> <span class='ocrx_word' id='word_1_117' title='bbox 1026 1163 1149 1186; x_wconf 86' lang='lat' dir='ltr'><strong>rursus</strong></span> <span class='ocrx_word' id='word_1_118' title='bbox 1166 1163 1230 1183; x_wconf 92' lang='lat' dir='ltr'><strong>no-</strong></span> 
     </span>
     <span class='ocr_line' id='line_1_22' title="bbox 659 1204 1057 1241; baseline -0.005 -1"><span class='ocrx_word' id='word_1_119' title='bbox 659 1219 741 1241; x_wconf 83' lang='lat' dir='ltr'><strong>vum</strong></span> <span class='ocrx_word' id='word_1_120' title='bbox 764 1218 889 1239; x_wconf 86' lang='lat' dir='ltr'><strong>narras</strong></span> <span class='ocrx_word' id='word_1_121' title='bbox 911 1204 1057 1238; x_wconf 83' lang='lat' dir='ltr'><strong>malum.</strong></span> 
     </span>
     <span class='ocr_line' id='line_1_23' title="bbox 295 1253 1230 1301; baseline -0.012 -6"><span class='ocrx_word' id='word_1_122' title='bbox 295 1262 388 1295; x_wconf 74' lang='lat' dir='ltr'><strong>JlIed.</strong></span> <span class='ocrx_word' id='word_1_123' title='bbox 421 1261 538 1294; x_wconf 85' lang='lat' dir='ltr'>Creon</span> <span class='ocrx_word' id='word_1_124' title='bbox 563 1272 619 1292; x_wconf 91' lang='lat' dir='ltr'><strong>me</strong></span> <span class='ocrx_word' id='word_1_125' title='bbox 643 1259 780 1292; x_wconf 84' lang='lat' dir='ltr'>exulem</span> <span class='ocrx_word' id='word_1_126' title='bbox 806 1257 948 1301; x_wconf 86' lang='lat' dir='ltr'><strong>expellit</strong></span> <span class='ocrx_word' id='word_1_127' title='bbox 971 1267 1012 1288; x_wconf 82' lang='lat' dir='ltr'><strong>ex</strong></span> <span class='ocrx_word' id='word_1_128' title='bbox 1036 1253 1102 1287; x_wconf 79' lang='lat' dir='ltr'><strong>hae</strong></span> <span class='ocrx_word' id='word_1_129' title='bbox 1122 1259 1230 1286; x_wconf 83' lang='lat' dir='ltr'><strong>terra.</strong></span> 
     </span>
     <span class='ocr_line' id='line_1_24' title="bbox 297 1305 1232 1357; baseline -0.011 -12"><span class='ocrx_word' id='word_1_130' title='bbox 297 1315 379 1356; x_wconf 69' lang='lat' dir='ltr'><strong>Aey.</strong></span> <span class='ocrx_word' id='word_1_131' title='bbox 401 1312 446 1345; x_wconf 82' lang='lat' dir='ltr'><strong>Et</strong></span> <span class='ocrx_word' id='word_1_132' title='bbox 462 1311 636 1357; x_wconf 88' lang='lat' dir='ltr'><strong>permittit</strong></span> <span class='ocrx_word' id='word_1_133' title='bbox 652 1308 782 1344; x_wconf 76' lang='lat' dir='ltr'><strong>Iason?</strong></span> <span class='ocrx_word' id='word_1_134' title='bbox 805 1320 850 1341; x_wconf 90' lang='lat' dir='ltr'><strong>ne</strong></span> <span class='ocrx_word' id='word_1_135' title='bbox 867 1306 934 1341; x_wconf 89' lang='lat' dir='ltr'><strong>hoc</strong></span> <span class='ocrx_word' id='word_1_136' title='bbox 950 1306 1095 1352; x_wconf 88' lang='lat' dir='ltr'><strong>quidem</strong></span> <span class='ocrx_word' id='word_1_137' title='bbox 1113 1305 1232 1337; x_wconf 86' lang='lat' dir='ltr'><strong>lando.</strong></span> 
     </span>
     <span class='ocr_line' id='line_1_25' title="bbox 297 1354 1233 1408; baseline -0.012 -11"><span class='ocrx_word' id='word_1_138' title='bbox 297 1365 391 1397; x_wconf 83' lang='lat' dir='ltr'><strong>Med.</strong></span> <span class='ocrx_word' id='word_1_139' title='bbox 414 1363 536 1408; x_wconf 89' lang='lat' dir='ltr'><strong>Specie</strong></span> <span class='ocrx_word' id='word_1_140' title='bbox 552 1362 697 1408; x_wconf 85' lang='lat' dir='ltr'><strong>quidem</strong></span> <span class='ocrx_word' id='word_1_141' title='bbox 715 1371 790 1393; x_wconf 90' lang='lat' dir='ltr'><strong>non</strong></span> <span class='ocrx_word' id='word_1_142' title='bbox 807 1366 858 1394; x_wconf 89' lang='lat' dir='ltr'><strong>est</strong></span> <span class='ocrx_word' id='word_1_143' title='bbox 875 1365 998 1398; x_wconf 89' lang='lat' dir='ltr'><strong>autor,</strong></span> <span class='ocrx_word' id='word_1_144' title='bbox 1016 1364 1137 1390; x_wconf 87' lang='lat' dir='ltr'><strong>tamen</strong></span> <span class='ocrx_word' id='word_1_145' title='bbox 1157 1354 1233 1388; x_wconf 86' lang='lat' dir='ltr'><strong>fieri</strong></span> 
     </span>
     <span class='ocr_line' id='line_1_26' title="bbox 657 1412 803 1456; baseline -0.007 -11"><span class='ocrx_word' id='word_1_146' title='bbox 657 1412 803 1456; x_wconf 89' lang='lat' dir='ltr'><strong>patitur.</strong></span> 
     </span>
     <span class='ocr_line' id='line_1_27' title="bbox 299 1459 1024 1510; baseline -0.008 -11"><span class='ocrx_word' id='word_1_147' title='bbox 299 1465 367 1498; x_wconf 88' lang='lat' dir='ltr'><strong>Sed</strong></span> <span class='ocrx_word' id='word_1_148' title='bbox 388 1477 476 1510; x_wconf 85' lang='lat' dir='ltr'><strong>rogo</strong></span> <span class='ocrx_word' id='word_1_149' title='bbox 502 1471 535 1498; x_wconf 91' lang='lat' dir='ltr'><strong>te</strong></span> <span class='ocrx_word' id='word_1_150' title='bbox 559 1463 706 1508; x_wconf 85' lang='lat' dir='ltr'><strong>supplex</strong></span> <span class='ocrx_word' id='word_1_151' title='bbox 729 1474 794 1506; x_wconf 89' lang='lat' dir='ltr'><strong>per</strong></span> <span class='ocrx_word' id='word_1_152' title='bbox 818 1472 924 1505; x_wconf 82' lang='lat' dir='ltr'><strong>genas</strong></span> <span class='ocrx_word' id='word_1_153' title='bbox 946 1459 1024 1498; x_wconf 87' lang='lat' dir='ltr'><strong>has,</strong></span> 
     </span>
     <span class='ocr_line' id='line_1_28' title="bbox 249 1512 890 1560; baseline -0.003 -13"><span class='ocrx_word' id='word_1_154' title='bbox 249 1515 322 1549; x_wconf 89' lang='lat'><strong>710</strong></span> <span class='ocrx_word' id='word_1_155' title='bbox 349 1515 394 1549; x_wconf 87' lang='lat' dir='ltr'><strong>Et</strong></span> <span class='ocrx_word' id='word_1_156' title='bbox 415 1523 475 1549; x_wconf 85' lang='lat' dir='ltr'><strong>tua</strong></span> <span class='ocrx_word' id='word_1_157' title='bbox 499 1527 633 1560; x_wconf 86' lang='lat' dir='ltr'><strong>genua,</strong></span> <span class='ocrx_word' id='word_1_158' title='bbox 661 1514 707 1546; x_wconf 89' lang='lat' dir='ltr'><strong>fio</strong></span> <span class='ocrx_word' id='word_1_159' title='bbox 730 1512 890 1557; x_wconf 83' lang='lat' dir='ltr'><strong>supplex,</strong></span> 
     </span>
     <span class='ocr_line' id='line_1_29' title="bbox 302 1564 749 1603; baseline -0.002 -5"><span class='ocrx_word' id='word_1_160' title='bbox 302 1566 471 1600; x_wconf 78' lang='lat' dir='ltr'><strong>Miserere</strong></span> <span class='ocrx_word' id='word_1_161' title='bbox 496 1566 568 1599; x_wconf 89' lang='lat' dir='ltr'><strong>mei</strong></span> <span class='ocrx_word' id='word_1_162' title='bbox 589 1564 749 1603; x_wconf 82' lang='lat' dir='ltr'><strong>infelicis,</strong></span> 
     </span>
    </p>

    <p class='ocr_par' dir='ltr' id='par_1_10' title="bbox 300 1607 1237 1750">
     <span class='ocr_line' id='line_1_30' title="bbox 300 1607 1145 1663; baseline -0.014 -11"><span class='ocrx_word' id='word_1_163' title='bbox 300 1618 424 1663; x_wconf 86' lang='lat' dir='ltr'><strong>Neque</strong></span> <span class='ocrx_word' id='word_1_164' title='bbox 450 1617 569 1650; x_wconf 83' lang='lat' dir='ltr'><strong>videas</strong></span> <span class='ocrx_word' id='word_1_165' title='bbox 591 1628 647 1649; x_wconf 89' lang='lat' dir='ltr'><strong>me</strong></span> <span class='ocrx_word' id='word_1_166' title='bbox 671 1616 847 1648; x_wconf 84' lang='lat' dir='ltr'><strong>desertam</strong></span> <span class='ocrx_word' id='word_1_167' title='bbox 870 1613 1075 1645; x_wconf 79' lang='lat' dir='ltr'><strong>frustratam</strong></span> <span class='ocrx_word' id='word_1_168' title='bbox 1085 1607 1145 1654; x_wconf 70' lang='lat'><strong>65).</strong></span> 
     </span>
     <span class='ocr_line' id='line_1_31' title="bbox 301 1660 1237 1712; baseline -0.013 -11"><span class='ocrx_word' id='word_1_169' title='bbox 301 1668 433 1712; x_wconf 82' lang='lat' dir='ltr'><strong>Recipe</strong></span> <span class='ocrx_word' id='word_1_170' title='bbox 472 1680 528 1701; x_wconf 90' lang='lat' dir='ltr'><strong>me</strong></span> <span class='ocrx_word' id='word_1_171' title='bbox 566 1666 746 1712; x_wconf 83' lang='lat' dir='ltr'><strong>hospitam</strong></span> <span class='ocrx_word' id='word_1_172' title='bbox 788 1664 825 1696; x_wconf 88' lang='lat' dir='ltr'><strong>in</strong></span> <span class='ocrx_word' id='word_1_173' title='bbox 857 1670 956 1696; x_wconf 87' lang='lat' dir='ltr'><strong>tuam</strong></span> <span class='ocrx_word' id='word_1_174' title='bbox 989 1660 1171 1704; x_wconf 87' lang='lat' dir='ltr'><strong>regionem</strong></span> <span class='ocrx_word' id='word_1_175' title='bbox 1203 1664 1237 1690; x_wconf 89' lang='lat' dir='ltr'><strong>et</strong></span> 
     </span>
     <span class='ocr_line' id='line_1_32' title="bbox 671 1718 838 1750; baseline -0.012 0"><span class='ocrx_word' id='word_1_176' title='bbox 671 1718 838 1750; x_wconf 85' lang='lat' dir='ltr'><strong>domum:</strong></span> 
     </span>
    </p>

    <p class='ocr_par' dir='ltr' id='par_1_11' title="bbox 302 1766 937 1803">
     <span class='ocr_line' id='line_1_33' title="bbox 302 1766 937 1803; baseline -0.009 0"><span class='ocrx_word' id='word_1_177' title='bbox 302 1770 357 1803; x_wconf 90' lang='lat' dir='ltr'><strong>Sic</strong></span> <span class='ocrx_word' id='word_1_178' title='bbox 382 1770 448 1803; x_wconf 88' lang='lat' dir='ltr'><strong>tibi</strong></span> <span class='ocrx_word' id='word_1_179' title='bbox 471 1782 573 1803; x_wconf 86' lang='lat' dir='ltr'><strong>amor</strong></span> <span class='ocrx_word' id='word_1_180' title='bbox 599 1781 618 1802; x_wconf 86' lang='lat' dir='ltr'><strong>a</strong></span> <span class='ocrx_word' id='word_1_181' title='bbox 642 1768 720 1801; x_wconf 87' lang='lat' dir='ltr'><strong>Diis</strong></span> <span class='ocrx_word' id='word_1_182' title='bbox 744 1766 937 1800; x_wconf 81' lang='lat' dir='ltr'><strong>foecundus</strong></span> 
     </span>
    </p>

    <p class='ocr_par' dir='ltr' id='par_1_12' title="bbox 254 1810 1237 1863">
     <span class='ocr_line' id='line_1_34' title="bbox 254 1810 1237 1863; baseline -0.014 -8"><span class='ocrx_word' id='word_1_183' title='bbox 254 1821 327 1855; x_wconf 84' lang='lat'><strong>715</strong></span> <span class='ocrx_word' id='word_1_184' title='bbox 358 1821 495 1855; x_wconf 90' lang='lat' dir='ltr'><strong>Liberis</strong></span> <span class='ocrx_word' id='word_1_185' title='bbox 518 1822 596 1861; x_wconf 81' lang='lat' dir='ltr'><strong>fiat,</strong></span> <span class='ocrx_word' id='word_1_186' title='bbox 627 1819 757 1863; x_wconf 90' lang='lat' dir='ltr'><strong>etipse</strong></span> <span class='ocrx_word' id='word_1_187' title='bbox 780 1816 946 1851; x_wconf 85' lang='lat' dir='ltr'><strong>moriaris</strong></span> <span class='ocrx_word' id='word_1_188' title='bbox 975 1814 1011 1846; x_wconf 90' lang='lat' dir='ltr'><strong>in</strong></span> <span class='ocrx_word' id='word_1_189' title='bbox 1044 1810 1237 1856; x_wconf 84' lang='lat' dir='ltr'><strong>tranquilla</strong></span> 
     </span>
    </p>

    <p class='ocr_par' dir='ltr' id='par_1_13' title="bbox 665 1875 816 1904">
     <span class='ocr_line' id='line_1_35' title="bbox 665 1875 816 1904; baseline -0.02 0"><span class='ocrx_word' id='word_1_190' title='bbox 665 1875 816 1904; x_wconf 78' lang='lat' dir='ltr'><strong>senecta.</strong></span> 
     </span>
    </p>

    <p class='ocr_par' dir='ltr' id='par_1_14' title="bbox 305 1918 996 1967">
     <span class='ocr_line' id='line_1_36' title="bbox 305 1918 996 1967; baseline -0.014 -10"><span class='ocrx_word' id='word_1_191' title='bbox 305 1923 386 1957; x_wconf 89' lang='lat' dir='ltr'><strong>Non</strong></span> <span class='ocrx_word' id='word_1_192' title='bbox 410 1923 494 1962; x_wconf 86' lang='lat' dir='ltr'><strong>scis,</strong></span> <span class='ocrx_word' id='word_1_193' title='bbox 522 1927 693 1967; x_wconf 88' lang='lat' dir='ltr'><strong>quantam</strong></span> <span class='ocrx_word' id='word_1_194' title='bbox 721 1918 880 1952; x_wconf 80' lang='lat' dir='ltr'><strong>invenias</strong></span> <span class='ocrx_word' id='word_1_195' title='bbox 903 1928 996 1952; x_wconf 89' lang='lat' dir='ltr'><strong>rem;</strong></span> 
     </span>
    </p>

    <p class='ocr_par' dir='ltr' id='par_1_15' title="bbox 306 1961 1239 2055">
     <span class='ocr_line' id='line_1_37' title="bbox 306 1961 1239 2015; baseline -0.015 -8"><span class='ocrx_word' id='word_1_196' title='bbox 306 1974 469 2013; x_wconf 82' lang='lat' dir='ltr'><strong>Faciam,</strong></span> <span class='ocrx_word' id='word_1_197' title='bbox 500 1980 540 2006; x_wconf 89' lang='lat' dir='ltr'><strong>ut</strong></span> <span class='ocrx_word' id='word_1_198' title='bbox 561 1984 634 2005; x_wconf 89' lang='lat' dir='ltr'><strong>non</strong></span> <span class='ocrx_word' id='word_1_199' title='bbox 660 1970 812 2015; x_wconf 86' lang='lat' dir='ltr'><strong>amplius</strong></span> <span class='ocrx_word' id='word_1_200' title='bbox 842 1968 887 2002; x_wconf 87' lang='lat' dir='ltr'><strong>sis</strong></span> <span class='ocrx_word' id='word_1_201' title='bbox 910 1968 984 2001; x_wconf 87' lang='lat' dir='ltr'><strong>sine</strong></span> <span class='ocrx_word' id='word_1_202' title='bbox 1014 1962 1151 2001; x_wconf 85' lang='lat' dir='ltr'><strong>liberis,</strong></span> <span class='ocrx_word' id='word_1_203' title='bbox 1179 1961 1239 1995; x_wconf 84' lang='lat' dir='ltr'><strong>sed</strong></span> 
     </span>
     <span class='ocr_line' id='line_1_38' title="bbox 666 2022 796 2055; baseline -0.008 -1"><span class='ocrx_word' id='word_1_204' title='bbox 666 2022 796 2055; x_wconf 87' lang='lat' dir='ltr'><strong>liberos</strong></span> 
     </span>
    </p>

    <p class='ocr_par' dir='ltr' id='par_1_16' title="bbox 307 2063 1239 2157">
     <span class='ocr_line' id='line_1_39' title="bbox 307 2063 1239 2118; baseline -0.014 -10"><span class='ocrx_word' id='word_1_205' title='bbox 307 2076 501 2108; x_wconf 87' lang='lat' dir='ltr'><strong>Procreare</strong></span> <span class='ocrx_word' id='word_1_206' title='bbox 522 2081 561 2108; x_wconf 87' lang='lat' dir='ltr'><strong>ut</strong></span> <span class='ocrx_word' id='word_1_207' title='bbox 581 2074 713 2118; x_wconf 88' lang='lat' dir='ltr'><strong>possis,</strong></span> <span class='ocrx_word' id='word_1_208' title='bbox 743 2070 910 2109; x_wconf 81' lang='lat' dir='ltr'><strong>efficiam,</strong></span> <span class='ocrx_word' id='word_1_209' title='bbox 940 2068 1022 2101; x_wconf 82' lang='lat' dir='ltr'><strong>talia</strong></span> <span class='ocrx_word' id='word_1_210' title='bbox 1048 2063 1239 2110; x_wconf 85' lang='lat' dir='ltr'><strong>pharmaca</strong></span> 
     </span>
     <span class='ocr_line' id='line_1_40' title="bbox 666 2135 764 2157; baseline -0.02 0"><span class='ocrx_word' id='word_1_211' title='bbox 666 2135 764 2157; x_wconf 75' lang='lat' dir='ltr'><strong>now.</strong></span> 
     </span>
    </p>

    <p class='ocr_par' dir='ltr' id='par_1_17' title="bbox 308 2168 1183 2221">
     <span class='ocr_line' id='line_1_41' title="bbox 308 2168 1183 2221; baseline -0.016 -10"><span class='ocrx_word' id='word_1_212' title='bbox 308 2180 390 2221; x_wconf 66' lang='lat' dir='ltr'><strong>Aeg.</strong></span> <span class='ocrx_word' id='word_1_213' title='bbox 414 2177 567 2221; x_wconf 85' lang='lat' dir='ltr'><strong>Propter</strong></span> <span class='ocrx_word' id='word_1_214' title='bbox 589 2175 701 2209; x_wconf 85' lang='lat' dir='ltr'><strong>multa</strong></span> <span class='ocrx_word' id='word_1_215' title='bbox 724 2173 789 2207; x_wconf 85' lang='lat' dir='ltr'><strong>tibi</strong></span> <span class='ocrx_word' id='word_1_216' title='bbox 810 2170 902 2205; x_wconf 84' lang='lat' dir='ltr'><strong>hanc</strong></span> <span class='ocrx_word' id='word_1_217' title='bbox 924 2169 1074 2214; x_wconf 84' lang='lat' dir='ltr'><strong>gratiam</strong></span> <span class='ocrx_word' id='word_1_218' title='bbox 1098 2168 1183 2199; x_wconf 87' lang='lat' dir='ltr'><strong>dare</strong></span> 
     </span>
    </p>

    <p class='ocr_par' dir='ltr' id='par_1_18' title="bbox 260 2221 1242 2272">
     <span class='ocr_line' id='line_1_42' title="bbox 260 2221 1242 2272; baseline -0.014 -11"><span class='ocrx_word' id='word_1_219' title='bbox 260 2229 332 2263; x_wconf 74' lang='lat'><strong>720</strong></span> <span class='ocrx_word' id='word_1_220' title='bbox 362 2228 447 2261; x_wconf 90' lang='lat' dir='ltr'><strong>Sum</strong></span> <span class='ocrx_word' id='word_1_221' title='bbox 479 2233 643 2272; x_wconf 82' lang='lat' dir='ltr'><strong>paratus,</strong></span> <span class='ocrx_word' id='word_1_222' title='bbox 673 2238 694 2259; x_wconf 92' lang='lat' dir='ltr'><strong>o</strong></span> <span class='ocrx_word' id='word_1_223' title='bbox 726 2225 872 2263; x_wconf 90' lang='lat' dir='ltr'><strong>mulier,</strong></span> <span class='ocrx_word' id='word_1_224' title='bbox 907 2221 1062 2266; x_wconf 89' lang='lat' dir='ltr'><strong>primum</strong></span> <span class='ocrx_word' id='word_1_225' title='bbox 1094 2222 1242 2261; x_wconf 89' lang='lat' dir='ltr'><strong>propter</strong></span> 
     </span>
    </p>

    <p class='ocr_par' dir='ltr' id='par_1_19' title="bbox 307 2276 1239 2423">
     <span class='ocr_line' id='line_1_43' title="bbox 667 2276 774 2316; baseline 0 -7"><span class='ocrx_word' id='word_1_226' title='bbox 667 2276 774 2316; x_wconf 87' lang='lat' dir='ltr'><strong>Deos,</strong></span> 
     </span>
     <span class='ocr_line' id='line_1_44' title="bbox 307 2318 1239 2373; baseline -0.014 -11"><span class='ocrx_word' id='word_1_227' title='bbox 307 2328 444 2362; x_wconf 89' lang='lat' dir='ltr'><strong>Deinde</strong></span> <span class='ocrx_word' id='word_1_228' title='bbox 468 2335 614 2373; x_wconf 89' lang='lat' dir='ltr'><strong>propter</strong></span> <span class='ocrx_word' id='word_1_229' title='bbox 631 2328 780 2366; x_wconf 89' lang='lat' dir='ltr'><strong>liberos,</strong></span> <span class='ocrx_word' id='word_1_230' title='bbox 803 2336 956 2371; x_wconf 89' lang='lat' dir='ltr'><strong>quorum</strong></span> <span class='ocrx_word' id='word_1_231' title='bbox 975 2318 1239 2367; x_wconf 82' lang='lat' dir='ltr'><strong>generationem</strong></span> 
     </span>
     <span class='ocr_line' id='line_1_45' title="bbox 676 2383 867 2423; baseline -0.016 -11"><span class='ocrx_word' id='word_1_232' title='bbox 676 2383 867 2423; x_wconf 76' lang='lat' dir='ltr'><strong>promittis.</strong></span> 
     </span>
    </p>
   </div>
   <div class='ocr_carea' id='block_1_3' title="bbox 271 2439 472 2445">
    <p class='ocr_par' dir='ltr' id='par_1_20' title="bbox 271 2439 472 2445">
     <span class='ocr_line' id='line_1_46' title="bbox 271 2439 472 2445; baseline 0 0"><span class='ocrx_word' id='word_1_233' title='bbox 271 2439 472 2445; x_wconf 95' lang='lat' dir='ltr'><strong> </strong></span> 
     </span>
    </p>
   </div>
   <div class='ocr_carea' id='block_1_4' title="bbox 296 2480 1243 2722">
    <p class='ocr_par' dir='ltr' id='par_1_21' title="bbox 297 2480 1243 2526">
     <span class='ocr_line' id='line_1_47' title="bbox 297 2480 1243 2526; baseline -0.011 -14"><span class='ocrx_word' id='word_1_234' title='bbox 297 2488 362 2519; x_wconf 73' lang='lat'>⁶³³)</span> <span class='ocrx_word' id='word_1_235' title='bbox 382 2488 409 2512; x_wconf 80' lang='lat' dir='ltr'><strong>in</strong></span> <span class='ocrx_word' id='word_1_236' title='bbox 420 2485 529 2526; x_wconf 37' lang='lat' dir='ltr'><strong>amoreJ.</strong></span> <span class='ocrx_word' id='word_1_237' title='bbox 541 2486 581 2510; x_wconf 88' lang='lat' dir='ltr'><strong>sic</strong></span> <span class='ocrx_word' id='word_1_238' title='bbox 590 2486 673 2511; x_wconf 79' lang='lat' dir='ltr'><strong>Editt.</strong></span> <span class='ocrx_word' id='word_1_239' title='bbox 684 2486 767 2517; x_wconf 63' lang='lat'>¹558„</span> <span class='ocrx_word' id='word_1_240' title='bbox 781 2484 876 2513; x_wconf 80' lang='lat'><strong>1562.;</strong></span> <span class='ocrx_word' id='word_1_241' title='bbox 895 2483 977 2508; x_wconf 81' lang='lat' dir='ltr'><strong>Editt.</strong></span> <span class='ocrx_word' id='word_1_242' title='bbox 987 2482 1087 2506; x_wconf 85' lang='lat' dir='ltr'><strong>recent.</strong></span> <span class='ocrx_word' id='word_1_243' title='bbox 1095 2482 1142 2509; x_wconf 82' lang='lat'><strong>(=</strong></span> <span class='ocrx_word' id='word_1_244' title='bbox 1150 2480 1243 2510; x_wconf 80' lang='lat' dir='ltr'><strong>Enrip.</strong></span> 
     </span>
    </p>

    <p class='ocr_par' dir='ltr' id='par_1_22' title="bbox 296 2522 1239 2621">
     <span class='ocr_line' id='line_1_48' title="bbox 296 2522 1239 2588; baseline -0.006 -8"><span class='ocrx_word' id='word_1_245' title='bbox 296 2522 594 2588; x_wconf 48' lang='lat' dir='ltr'><strong>uffiissffsstffiffiiffl</strong></span> <span class='ocrx_word' id='word_1_246' title='bbox 621 2553 661 2577; x_wconf 69' lang='lat' dir='ltr'><strong>sie</strong></span> <span class='ocrx_word' id='word_1_247' title='bbox 681 2554 763 2577; x_wconf 68' lang='lat' dir='ltr'><strong>mitt.</strong></span> <span class='ocrx_word' id='word_1_248' title='bbox 783 2553 873 2582; x_wconf 82' lang='lat'><strong>1558.,</strong></span> <span class='ocrx_word' id='word_1_249' title='bbox 900 2551 990 2582; x_wconf 80' lang='lat'><strong>1562.;</strong></span> <span class='ocrx_word' id='word_1_250' title='bbox 1014 2549 1098 2574; x_wconf 64' lang='lat' dir='ltr'><strong>mitt„</strong></span> <span class='ocrx_word' id='word_1_251' title='bbox 1117 2550 1239 2574; x_wconf 47' lang='lat' dir='ltr'><strong>remma:</strong></span> 
     </span>
     <span class='ocr_line' id='line_1_49' title="bbox 330 2586 761 2621; baseline -0.012 -6"><span class='ocrx_word' id='word_1_252' title='bbox 330 2593 355 2615; x_wconf 76' lang='lat' dir='ltr'>A</span> <span class='ocrx_word' id='word_1_253' title='bbox 373 2587 445 2621; x_wconf 68' lang='lat' dir='ltr'><strong>quo?</strong></span> <span class='ocrx_word' id='word_1_254' title='bbox 462 2588 571 2618; x_wconf 72' lang='lat' dir='ltr'><strong>(Eun-ip.</strong></span> <span class='ocrx_word' id='word_1_255' title='bbox 587 2586 656 2619; x_wconf 85' lang='grc' dir='ltr'><em>πρὸς</em></span> <span class='ocrx_word' id='word_1_256' title='bbox 674 2587 761 2617; x_wconf 83' lang='grc' dir='ltr'><strong>τοῦ;).</strong></span> 
     </span>
    </p>

    <p class='ocr_par' dir='ltr' id='par_1_23' title="bbox 296 2617 1243 2722">
     <span class='ocr_line' id='line_1_50' title="bbox 296 2617 1243 2657; baseline -0.008 -8"><span class='ocrx_word' id='word_1_257' title='bbox 296 2624 343 2657; x_wconf 82' lang='grc'><strong>65)</strong></span> <span class='ocrx_word' id='word_1_258' title='bbox 361 2621 538 2654; x_wconf 77' lang='lat' dir='ltr'><strong>frustratam]</strong></span> <span class='ocrx_word' id='word_1_259' title='bbox 556 2622 596 2646; x_wconf 86' lang='lat' dir='ltr'><strong>sic</strong></span> <span class='ocrx_word' id='word_1_260' title='bbox 618 2621 732 2652; x_wconf 79' lang='lat' dir='ltr'><strong>scripsi3</strong></span> <span class='ocrx_word' id='word_1_261' title='bbox 756 2620 839 2645; x_wconf 78' lang='lat' dir='ltr'><strong>Editt.</strong></span> <span class='ocrx_word' id='word_1_262' title='bbox 860 2621 954 2649; x_wconf 79' lang='lat'><strong>1558.,</strong></span> <span class='ocrx_word' id='word_1_263' title='bbox 979 2618 1053 2643; x_wconf 75' lang='lat'>1562.</span> <span class='ocrx_word' id='word_1_264' title='bbox 1079 2617 1243 2642; x_wconf 79' lang='lat' dir='ltr'><strong>frustratum</strong></span> 
     </span>
     <span class='ocr_line' id='line_1_51' title="bbox 329 2651 1243 2690; baseline -0.005 -8"><span class='ocrx_word' id='word_1_265' title='bbox 329 2659 444 2690; x_wconf 73' lang='lat' dir='ltr'><strong>(Bam,</strong></span> <span class='ocrx_word' id='word_1_266' title='bbox 473 2659 593 2688; x_wconf 80' lang='lat' dir='ltr'><strong>Musgr.:</strong></span> <span class='ocrx_word' id='word_1_267' title='bbox 625 2656 756 2687; x_wconf 80' lang='lat' dir='ltr'><strong>eiectam,</strong></span> <span class='ocrx_word' id='word_1_268' title='bbox 791 2655 857 2680; x_wconf 81' lang='lat' dir='ltr'><strong>Fix:</strong></span> <span class='ocrx_word' id='word_1_269' title='bbox 891 2655 1012 2683; x_wconf 80' lang='lat' dir='ltr'><strong>exulem,</strong></span> <span class='ocrx_word' id='word_1_270' title='bbox 1042 2653 1134 2684; x_wconf 81' lang='lat' dir='ltr'><strong>Eurip.</strong></span> <span class='ocrx_word' id='word_1_271' title='bbox 1161 2651 1243 2677; x_wconf 73' lang='grc' dir='ltr'><em>ἐκπε-</em></span> 
     </span>
     <span class='ocr_line' id='line_1_52' title="bbox 327 2692 457 2722; baseline -0.008 -4"><span class='ocrx_word' id='word_1_272' title='bbox 327 2692 457 2722; x_wconf 76' lang='grc' dir='ltr'><strong>σοῦσαν).</strong></span> 
     </span>
    </p>
   </div>
   <div class='ocr_carea' id='block_1_5' title="bbox 2182 96 2257 132">
    <p class='ocr_par' dir='ltr' id='par_1_24' title="bbox 2182 96 2257 132">
     <span class='ocr_line' id='line_1_53' title="bbox 2182 96 2257 132; baseline 0 -1"><span class='ocrx_word' id='word_1_273' title='bbox 2182 96 2257 132; x_wconf 74' lang='lat'><strong>472</strong></span> 
     </span>
    </p>
   </div>
   <div class='ocr_carea' id='block_1_6' title="bbox 1322 178 2219 329">
    <p class='ocr_par' dir='ltr' id='par_1_25' title="bbox 1322 178 2219 329">
     <span class='ocr_line' id='line_1_54' title="bbox 1322 178 2117 228; baseline -0.004 -10"><span class='ocrx_word' id='word_1_274' title='bbox 1322 183 1414 218; x_wconf 81' lang='lat' dir='ltr'><strong>Nam</strong></span> <span class='ocrx_word' id='word_1_275' title='bbox 1440 195 1504 228; x_wconf 87' lang='lat' dir='ltr'><strong>ego</strong></span> <span class='ocrx_word' id='word_1_276' title='bbox 1528 193 1675 228; x_wconf 90' lang='lat' dir='ltr'><strong>prorsus</strong></span> <span class='ocrx_word' id='word_1_277' title='bbox 1698 180 1743 214; x_wconf 84' lang='lat' dir='ltr'><strong>ad</strong></span> <span class='ocrx_word' id='word_1_278' title='bbox 1765 178 1834 215; x_wconf 90' lang='lat' dir='ltr'><strong>hoc</strong></span> <span class='ocrx_word' id='word_1_279' title='bbox 1855 193 1933 216; x_wconf 90' lang='lat' dir='ltr'><strong>sum</strong></span> <span class='ocrx_word' id='word_1_280' title='bbox 1961 181 2117 221; x_wconf 86' lang='lat' dir='ltr'><strong>inutilis;</strong></span> 
     </span>
     <span class='ocr_line' id='line_1_55' title="bbox 1322 226 2158 275; baseline 0 -7"><span class='ocrx_word' id='word_1_281' title='bbox 1322 235 1379 268; x_wconf 89' lang='lat' dir='ltr'><strong>Sic</strong></span> <span class='ocrx_word' id='word_1_282' title='bbox 1401 241 1519 269; x_wconf 87' lang='lat' dir='ltr'><strong>autem</strong></span> <span class='ocrx_word' id='word_1_283' title='bbox 1543 245 1617 267; x_wconf 87' lang='lat' dir='ltr'><strong>ero.</strong></span> <span class='ocrx_word' id='word_1_284' title='bbox 1670 231 1742 266; x_wconf 92' lang='lat' dir='ltr'><strong>Ubi</strong></span> <span class='ocrx_word' id='word_1_285' title='bbox 1766 237 1806 265; x_wconf 86' lang='lat' dir='ltr'><strong>tu</strong></span> <span class='ocrx_word' id='word_1_286' title='bbox 1826 232 1965 268; x_wconf 87' lang='lat' dir='ltr'><strong>veneris</strong></span> <span class='ocrx_word' id='word_1_287' title='bbox 1988 226 2158 275; x_wconf 79' lang='lat' dir='ltr'><strong>Athenas,</strong></span> 
     </span>
     <span class='ocr_line' id='line_1_56' title="bbox 1322 283 2219 329; baseline -0.001 -10"><span class='ocrx_word' id='word_1_288' title='bbox 1322 286 1415 319; x_wconf 88' lang='lat' dir='ltr'><strong>Volo</strong></span> <span class='ocrx_word' id='word_1_289' title='bbox 1438 292 1472 319; x_wconf 89' lang='lat' dir='ltr'><strong>te</strong></span> <span class='ocrx_word' id='word_1_290' title='bbox 1496 283 1652 329; x_wconf 87' lang='lat' dir='ltr'><strong>hospitio</strong></span> <span class='ocrx_word' id='word_1_291' title='bbox 1674 283 1852 328; x_wconf 79' lang='lat' dir='ltr'><strong>excipere3</strong></span> <span class='ocrx_word' id='word_1_292' title='bbox 1870 296 1949 319; x_wconf 89' lang='lat' dir='ltr'><strong>sum</strong></span> <span class='ocrx_word' id='word_1_293' title='bbox 1973 284 2068 318; x_wconf 88' lang='lat' dir='ltr'><strong>enim</strong></span> <span class='ocrx_word' id='word_1_294' title='bbox 2095 285 2219 320; x_wconf 89' lang='lat' dir='ltr'><strong>iustus.</strong></span> 
     </span>
    </p>
   </div>
   <div class='ocr_carea' id='block_1_7' title="bbox 1275 334 2079 379">
    <p class='ocr_par' dir='ltr' id='par_1_26' title="bbox 1275 334 2079 379">
     <span class='ocr_line' id='line_1_57' title="bbox 1275 334 2079 379; baseline -0.001 -9"><span class='ocrx_word' id='word_1_295' title='bbox 1275 336 1348 372; x_wconf 73' lang='lat'><strong>725</strong></span> <span class='ocrx_word' id='word_1_296' title='bbox 1371 338 1527 370; x_wconf 89' lang='lat' dir='ltr'><strong>Tantum</strong></span> <span class='ocrx_word' id='word_1_297' title='bbox 1540 363 1549 376; x_wconf 88' lang='lat'><strong>,</strong></span> <span class='ocrx_word' id='word_1_298' title='bbox 1567 334 1635 369; x_wconf 89' lang='lat' dir='ltr'><strong>hoc</strong></span> <span class='ocrx_word' id='word_1_299' title='bbox 1649 334 1714 368; x_wconf 93' lang='lat' dir='ltr'><strong>tibi</strong></span> <span class='ocrx_word' id='word_1_300' title='bbox 1729 334 1895 379; x_wconf 80' lang='lat' dir='ltr'><strong>praedico</strong></span> <span class='ocrx_word' id='word_1_301' title='bbox 1909 361 1918 376; x_wconf 87' lang='lat'><strong>,</strong></span> <span class='ocrx_word' id='word_1_302' title='bbox 1939 336 2079 376; x_wconf 89' lang='lat' dir='ltr'><strong>mulier,</strong></span> 
     </span>
    </p>
   </div>
   <div class='ocr_carea' id='block_1_8' title="bbox 1324 385 2133 585">
    <p class='ocr_par' dir='ltr' id='par_1_27' title="bbox 1324 385 1965 425">
     <span class='ocr_line' id='line_1_58' title="bbox 1324 385 1965 425; baseline -0.005 -3"><span class='ocrx_word' id='word_1_303' title='bbox 1324 389 1418 423; x_wconf 91' lang='lat' dir='ltr'><strong>Nolo</strong></span> <span class='ocrx_word' id='word_1_304' title='bbox 1442 394 1475 420; x_wconf 86' lang='lat' dir='ltr'><strong>te</strong></span> <span class='ocrx_word' id='word_1_305' title='bbox 1501 400 1542 421; x_wconf 87' lang='lat' dir='ltr'><strong>ex</strong></span> <span class='ocrx_word' id='word_1_306' title='bbox 1563 385 1629 420; x_wconf 89' lang='lat' dir='ltr'><strong>hac</strong></span> <span class='ocrx_word' id='word_1_307' title='bbox 1653 392 1747 419; x_wconf 87' lang='lat' dir='ltr'><strong>terra</strong></span> <span class='ocrx_word' id='word_1_308' title='bbox 1772 386 1965 425; x_wconf 82' lang='lat' dir='ltr'><strong>abdueere;</strong></span> 
     </span>
    </p>

    <p class='ocr_par' dir='ltr' id='par_1_28' title="bbox 1327 437 2133 585">
     <span class='ocr_line' id='line_1_59' title="bbox 1327 437 2133 484; baseline -0.004 -11"><span class='ocrx_word' id='word_1_309' title='bbox 1327 440 1434 484; x_wconf 85' lang='lat' dir='ltr'><strong>Quod</strong></span> <span class='ocrx_word' id='word_1_310' title='bbox 1457 438 1484 472; x_wconf 87' lang='lat' dir='ltr'><strong>si</strong></span> <span class='ocrx_word' id='word_1_311' title='bbox 1511 439 1586 482; x_wconf 83' lang='lat' dir='ltr'><strong>ipsa</strong></span> <span class='ocrx_word' id='word_1_312' title='bbox 1610 437 1748 471; x_wconf 84' lang='lat' dir='ltr'><strong>veneris</strong></span> <span class='ocrx_word' id='word_1_313' title='bbox 1774 437 1811 469; x_wconf 93' lang='lat' dir='ltr'><strong>in</strong></span> <span class='ocrx_word' id='word_1_314' title='bbox 1834 449 1950 470; x_wconf 84' lang='lat' dir='ltr'><strong>meam</strong></span> <span class='ocrx_word' id='word_1_315' title='bbox 1974 437 2133 478; x_wconf 86' lang='lat' dir='ltr'><strong>domum,</strong></span> 
     </span>
     <span class='ocr_line' id='line_1_60' title="bbox 1327 489 2097 533; baseline -0.001 -10"><span class='ocrx_word' id='word_1_316' title='bbox 1327 490 1490 523; x_wconf 83' lang='lat' dir='ltr'><strong>Manebis</strong></span> <span class='ocrx_word' id='word_1_317' title='bbox 1517 490 1563 521; x_wconf 84' lang='lat' dir='ltr'><strong>ibi</strong></span> <span class='ocrx_word' id='word_1_318' title='bbox 1587 495 1683 528; x_wconf 87' lang='lat' dir='ltr'><strong>tuta,</strong></span> <span class='ocrx_word' id='word_1_319' title='bbox 1706 500 1821 533; x_wconf 90' lang='lat' dir='ltr'><strong>neque</strong></span> <span class='ocrx_word' id='word_1_320' title='bbox 1848 489 2024 530; x_wconf 84' lang='lat' dir='ltr'><strong>dimittam</strong></span> <span class='ocrx_word' id='word_1_321' title='bbox 2051 494 2097 522; x_wconf 87' lang='lat' dir='ltr'><strong>te.</strong></span> 
     </span>
     <span class='ocr_line' id='line_1_61' title="bbox 1327 541 1840 585; baseline -0.004 -11"><span class='ocrx_word' id='word_1_322' title='bbox 1327 541 1383 574; x_wconf 91' lang='lat' dir='ltr'><strong>Tu</strong></span> <span class='ocrx_word' id='word_1_323' title='bbox 1410 541 1483 585; x_wconf 82' lang='lat' dir='ltr'><strong>ipsa</strong></span> <span class='ocrx_word' id='word_1_324' title='bbox 1508 541 1646 574; x_wconf 88' lang='lat' dir='ltr'><strong>discede</strong></span> <span class='ocrx_word' id='word_1_325' title='bbox 1670 552 1711 572; x_wconf 83' lang='lat' dir='ltr'><strong>ex</strong></span> <span class='ocrx_word' id='word_1_326' title='bbox 1733 545 1840 573; x_wconf 87' lang='lat' dir='ltr'><strong>terra.</strong></span> 
     </span>
    </p>
   </div>
   <div class='ocr_carea' id='block_1_9' title="bbox 1277 590 2259 635">
    <p class='ocr_par' dir='ltr' id='par_1_29' title="bbox 1277 590 2259 635">
     <span class='ocr_line' id='line_1_62' title="bbox 1277 590 2259 635; baseline -0.003 -9"><span class='ocrx_word' id='word_1_327' title='bbox 1277 593 1350 626; x_wconf 84' lang='lat'><strong>730</strong></span> <span class='ocrx_word' id='word_1_328' title='bbox 1374 592 1466 625; x_wconf 86' lang='lat' dir='ltr'><strong>Volo</strong></span> <span class='ocrx_word' id='word_1_329' title='bbox 1495 604 1559 635; x_wconf 81' lang='lat' dir='ltr'><strong>ego</strong></span> <span class='ocrx_word' id='word_1_330' title='bbox 1582 590 1806 635; x_wconf 88' lang='lat' dir='ltr'><strong>inculpabilis</strong></span> <span class='ocrx_word' id='word_1_331' title='bbox 1828 603 1900 625; x_wconf 88' lang='lat' dir='ltr'><strong>esse</strong></span> <span class='ocrx_word' id='word_1_332' title='bbox 1924 590 2029 623; x_wconf 87' lang='lat' dir='ltr'><strong>etiam</strong></span> <span class='ocrx_word' id='word_1_333' title='bbox 2047 590 2259 635; x_wconf 60' lang='lat' dir='ltr'><strong>apudspere-</strong></span> 
     </span>
    </p>
   </div>
   <div class='ocr_carea' id='block_1_10' title="bbox 1283 641 2275 2248">
    <p class='ocr_par' dir='ltr' id='par_1_30' title="bbox 1283 641 2275 2248">
     <span class='ocr_line' id='line_1_63' title="bbox 1687 641 1818 685; baseline 0.008 -12"><span class='ocrx_word' id='word_1_334' title='bbox 1687 641 1818 685; x_wconf 85' lang='lat' dir='ltr'><strong>grinos.</strong></span> 
     </span>
     <span class='ocr_line' id='line_1_64' title="bbox 1329 690 2261 739; baseline -0.003 -10"><span class='ocrx_word' id='word_1_335' title='bbox 1329 696 1422 729; x_wconf 82' lang='lat' dir='ltr'><strong>Med.</strong></span> <span class='ocrx_word' id='word_1_336' title='bbox 1447 693 1525 727; x_wconf 88' lang='lat' dir='ltr'><strong>Sint</strong></span> <span class='ocrx_word' id='word_1_337' title='bbox 1545 691 1631 726; x_wconf 85' lang='lat' dir='ltr'><strong>haec</strong></span> <span class='ocrx_word' id='word_1_338' title='bbox 1652 693 1700 725; x_wconf 88' lang='lat' dir='ltr'><strong>ita</strong></span> <span class='ocrx_word' id='word_1_339' title='bbox 1719 704 1821 730; x_wconf 85' lang='lat' dir='ltr'><strong>sane;</strong></span> <span class='ocrx_word' id='word_1_340' title='bbox 1847 692 1952 739; x_wconf 50' lang='lat' dir='ltr'><strong>sed;si</strong></span> <span class='ocrx_word' id='word_1_341' title='bbox 1969 693 2071 727; x_wconf 86' lang='lat' dir='ltr'><strong>dares</strong></span> <span class='ocrx_word' id='word_1_342' title='bbox 2085 690 2174 726; x_wconf 83' lang='lat' dir='ltr'><strong>mihi</strong></span> <span class='ocrx_word' id='word_1_343' title='bbox 2193 693 2261 726; x_wconf 89' lang='lat' dir='ltr'><strong>ius-</strong></span> 
     </span>
     <span class='ocr_line' id='line_1_65' title="bbox 1688 743 1879 776; baseline 0.005 -1"><span class='ocrx_word' id='word_1_344' title='bbox 1688 743 1879 776; x_wconf 83' lang='lat' dir='ltr'><strong>iurandum</strong></span> 
     </span>
     <span class='ocr_line' id='line_1_66' title="bbox 1330 793 2152 838; baseline -0.002 -9"><span class='ocrx_word' id='word_1_345' title='bbox 1330 797 1401 829; x_wconf 91' lang='lat' dir='ltr'><strong>Pro</strong></span> <span class='ocrx_word' id='word_1_346' title='bbox 1423 794 1498 836; x_wconf 87' lang='lat' dir='ltr'><strong>his,</strong></span> <span class='ocrx_word' id='word_1_347' title='bbox 1523 793 1690 828; x_wconf 85' lang='lat' dir='ltr'><strong>haberem</strong></span> <span class='ocrx_word' id='word_1_348' title='bbox 1716 794 1836 826; x_wconf 84' lang='lat' dir='ltr'><strong>omnia</strong></span> <span class='ocrx_word' id='word_1_349' title='bbox 1858 794 2038 838; x_wconf 83' lang='lat' dir='ltr'><strong>praeclare</strong></span> <span class='ocrx_word' id='word_1_350' title='bbox 2063 806 2080 827; x_wconf 88' lang='lat' dir='ltr'><strong>a</strong></span> <span class='ocrx_word' id='word_1_351' title='bbox 2106 800 2152 828; x_wconf 87' lang='lat' dir='ltr'><strong>te.</strong></span> 
     </span>
     <span class='ocr_line' id='line_1_67' title="bbox 1331 844 2263 891; baseline -0.003 -10"><span class='ocrx_word' id='word_1_352' title='bbox 1331 850 1412 891; x_wconf 75' lang='lat' dir='ltr'><strong>Aey.</strong></span> <span class='ocrx_word' id='word_1_353' title='bbox 1447 846 1503 880; x_wconf 90' lang='lat' dir='ltr'><strong>An</strong></span> <span class='ocrx_word' id='word_1_354' title='bbox 1527 859 1600 880; x_wconf 86' lang='lat' dir='ltr'><strong>nou</strong></span> <span class='ocrx_word' id='word_1_355' title='bbox 1621 844 1794 878; x_wconf 80' lang='lat' dir='ltr'><strong>confidis?</strong></span> <span class='ocrx_word' id='word_1_356' title='bbox 1829 852 1889 878; x_wconf 88' lang='lat' dir='ltr'><strong>aut</strong></span> <span class='ocrx_word' id='word_1_357' title='bbox 1916 845 2001 891; x_wconf 76' lang='lat' dir='ltr'><strong>quid</strong></span> <span class='ocrx_word' id='word_1_358' title='bbox 2024 845 2089 879; x_wconf 85' lang='lat' dir='ltr'><strong>tibi</strong></span> <span class='ocrx_word' id='word_1_359' title='bbox 2112 852 2163 879; x_wconf 88' lang='lat' dir='ltr'><strong>est</strong></span> <span class='ocrx_word' id='word_1_360' title='bbox 2186 858 2263 878; x_wconf 86' lang='lat' dir='ltr'><strong>mo-</strong></span> 
     </span>
     <span class='ocr_line' id='line_1_68' title="bbox 1684 895 1837 929; baseline -0.007 0"><span class='ocrx_word' id='word_1_361' title='bbox 1684 895 1837 929; x_wconf 76' lang='lat' dir='ltr'><strong>lestuni&#39;?</strong></span> 
     </span>
     <span class='ocr_line' id='line_1_69' title="bbox 1688 945 2265 981; baseline -0.002 -1"><span class='ocrx_word' id='word_1_362' title='bbox 1688 947 1755 980; x_wconf 88' lang='lat' dir='ltr'><strong>Sed</strong></span> <span class='ocrx_word' id='word_1_363' title='bbox 1787 948 1914 980; x_wconf 88' lang='lat' dir='ltr'><strong>domus</strong></span> <span class='ocrx_word' id='word_1_364' title='bbox 1945 946 2063 980; x_wconf 80' lang='lat' dir='ltr'><strong>Peliae</strong></span> <span class='ocrx_word' id='word_1_365' title='bbox 2097 953 2148 981; x_wconf 88' lang='lat' dir='ltr'><strong>est</strong></span> <span class='ocrx_word' id='word_1_366' title='bbox 2175 945 2265 980; x_wconf 84' lang='lat' dir='ltr'><strong>mihi</strong></span> 
     </span>
     <span class='ocr_line' id='line_1_70' title="bbox 1691 998 1849 1037; baseline 0 -7"><span class='ocrx_word' id='word_1_367' title='bbox 1691 998 1849 1037; x_wconf 83' lang='lat' dir='ltr'><strong>inimica,</strong></span> 
     </span>
     <span class='ocr_line' id='line_1_71' title="bbox 1283 1046 2096 1086; baseline -0.001 -3"><span class='ocrx_word' id='word_1_368' title='bbox 1283 1047 1356 1083; x_wconf 84' lang='lat'><strong>735</strong></span> <span class='ocrx_word' id='word_1_369' title='bbox 1379 1048 1425 1081; x_wconf 88' lang='lat' dir='ltr'><strong>Et</strong></span> <span class='ocrx_word' id='word_1_370' title='bbox 1450 1049 1583 1086; x_wconf 85' lang='lat' dir='ltr'><strong>Creon;</strong></span> <span class='ocrx_word' id='word_1_371' title='bbox 1607 1046 1662 1082; x_wconf 88' lang='lat' dir='ltr'><strong>his</strong></span> <span class='ocrx_word' id='word_1_372' title='bbox 1683 1048 1892 1082; x_wconf 89' lang='lat' dir='ltr'><strong>iuramentis</strong></span> <span class='ocrx_word' id='word_1_373' title='bbox 1913 1049 2096 1083; x_wconf 85' lang='lat' dir='ltr'><strong>devinctus</strong></span> 
     </span>
     <span class='ocr_line' id='line_1_72' title="bbox 1333 1099 2153 1133; baseline -0.001 -1"><span class='ocrx_word' id='word_1_374' title='bbox 1333 1099 1519 1133; x_wconf 82' lang='lat' dir='ltr'><strong>Diiniseris</strong></span> <span class='ocrx_word' id='word_1_375' title='bbox 1543 1111 1600 1131; x_wconf 88' lang='lat' dir='ltr'><strong>me</strong></span> <span class='ocrx_word' id='word_1_376' title='bbox 1626 1099 1701 1133; x_wconf 87' lang='lat' dir='ltr'><strong>istis</strong></span> <span class='ocrx_word' id='word_1_377' title='bbox 1725 1100 1979 1133; x_wconf 87' lang='lat' dir='ltr'><strong>abducentibus</strong></span> <span class='ocrx_word' id='word_1_378' title='bbox 2002 1112 2020 1133; x_wconf 93' lang='lat' dir='ltr'><strong>e</strong></span> <span class='ocrx_word' id='word_1_379' title='bbox 2046 1100 2153 1133; x_wconf 55' lang='lat' dir='ltr'><strong>terra.</strong></span> 
     </span>
     <span class='ocr_line' id='line_1_73' title="bbox 1333 1149 2267 1195; baseline -0.001 -12"><span class='ocrx_word' id='word_1_380' title='bbox 1333 1150 1378 1183; x_wconf 87' lang='lat' dir='ltr'><strong>Et</strong></span> <span class='ocrx_word' id='word_1_381' title='bbox 1394 1150 1539 1183; x_wconf 79' lang='lat' dir='ltr'><strong>veniens</strong></span> <span class='ocrx_word' id='word_1_382' title='bbox 1556 1162 1635 1183; x_wconf 88' lang='lat' dir='ltr'><strong>cum</strong></span> <span class='ocrx_word' id='word_1_383' title='bbox 1652 1150 1701 1184; x_wconf 88' lang='lat' dir='ltr'><strong>eis</strong></span> <span class='ocrx_word' id='word_1_384' title='bbox 1716 1149 1754 1182; x_wconf 88' lang='lat' dir='ltr'><strong>in</strong></span> <span class='ocrx_word' id='word_1_385' title='bbox 1769 1150 1985 1195; x_wconf 89' lang='lat' dir='ltr'><strong>colloquium</strong></span> <span class='ocrx_word' id='word_1_386' title='bbox 2002 1152 2046 1184; x_wconf 87' lang='lat' dir='ltr'><strong>ad</strong></span> <span class='ocrx_word' id='word_1_387' title='bbox 2059 1149 2267 1184; x_wconf 82' lang='lat' dir='ltr'><strong>transactio-</strong></span> 
     </span>
     <span class='ocr_line' id='line_1_74' title="bbox 1588 1199 2267 1240; baseline 0.001 -8"><span class='ocrx_word' id='word_1_388' title='bbox 1588 1212 1668 1233; x_wconf 90' lang='lat' dir='ltr'><strong>nem</strong></span> <span class='ocrx_word' id='word_1_389' title='bbox 1681 1227 1689 1240; x_wconf 92' lang='lat'><strong>,</strong></span> <span class='ocrx_word' id='word_1_390' title='bbox 1708 1207 1742 1233; x_wconf 87' lang='lat' dir='ltr'><strong>et</strong></span> <span class='ocrx_word' id='word_1_391' title='bbox 1759 1201 1959 1234; x_wconf 87' lang='lat' dir='ltr'><strong>iuramento</strong></span> <span class='ocrx_word' id='word_1_392' title='bbox 1979 1202 2165 1235; x_wconf 87' lang='lat' dir='ltr'><strong>obstrictus</strong></span> <span class='ocrx_word' id='word_1_393' title='bbox 2177 1199 2267 1240; x_wconf 81' lang='lat' dir='ltr'><strong>Diis,</strong></span> 
     </span>
     <span class='ocr_line' id='line_1_75' title="bbox 1333 1251 2176 1296; baseline 0.001 -12"><span class='ocrx_word' id='word_1_394' title='bbox 1333 1251 1473 1284; x_wconf 87' lang='lat' dir='ltr'><strong>Poteris</strong></span> <span class='ocrx_word' id='word_1_395' title='bbox 1497 1251 1571 1283; x_wconf 86' lang='lat' dir='ltr'><strong>fieri</strong></span> <span class='ocrx_word' id='word_1_396' title='bbox 1597 1251 1726 1284; x_wconf 87' lang='lat' dir='ltr'><strong>iterum</strong></span> <span class='ocrx_word' id='word_1_397' title='bbox 1751 1251 1903 1291; x_wconf 83' lang='lat' dir='ltr'><strong>amicus,</strong></span> <span class='ocrx_word' id='word_1_398' title='bbox 1928 1258 1962 1284; x_wconf 89' lang='lat' dir='ltr'><strong>et</strong></span> <span class='ocrx_word' id='word_1_399' title='bbox 1985 1252 2176 1296; x_wconf 83' lang='lat' dir='ltr'><strong>praeconia</strong></span> 
     </span>
     <span class='ocr_line' id='line_1_76' title="bbox 1335 1301 2266 1348; baseline 0.001 -12"><span class='ocrx_word' id='word_1_400' title='bbox 1335 1302 1417 1336; x_wconf 91' lang='lat' dir='ltr'><strong>Non</strong></span> <span class='ocrx_word' id='word_1_401' title='bbox 1434 1302 1539 1335; x_wconf 84' lang='lat' dir='ltr'><strong>debes</strong></span> <span class='ocrx_word' id='word_1_402' title='bbox 1559 1302 1755 1335; x_wconf 84' lang='lat' dir='ltr'><strong>auscultare</strong></span> <span class='ocrx_word' id='word_1_403' title='bbox 1764 1301 1822 1348; x_wconf 76' lang='grc'><strong>66).</strong></span> <span class='ocrx_word' id='word_1_404' title='bbox 1874 1302 1950 1347; x_wconf 82' lang='lat' dir='ltr'><strong>Ego</strong></span> <span class='ocrx_word' id='word_1_405' title='bbox 1970 1315 2047 1337; x_wconf 91' lang='lat' dir='ltr'><strong>sum</strong></span> <span class='ocrx_word' id='word_1_406' title='bbox 2071 1303 2266 1343; x_wconf 86' lang='lat' dir='ltr'><strong>imbecillis,</strong></span> 
     </span>
     <span class='ocr_line' id='line_1_77' title="bbox 1287 1351 2235 1398; baseline 0.001 -12"><span class='ocrx_word' id='word_1_407' title='bbox 1287 1353 1361 1387; x_wconf 87' lang='grc'><strong>740</strong></span> <span class='ocrx_word' id='word_1_408' title='bbox 1385 1353 1439 1386; x_wconf 88' lang='lat' dir='ltr'><strong>Illi</strong></span> <span class='ocrx_word' id='word_1_409' title='bbox 1463 1351 1596 1385; x_wconf 85' lang='lat' dir='ltr'><strong>habent</strong></span> <span class='ocrx_word' id='word_1_410' title='bbox 1621 1352 1840 1397; x_wconf 86' lang='lat' dir='ltr'><strong>opulentiam</strong></span> <span class='ocrx_word' id='word_1_411' title='bbox 1863 1360 1897 1386; x_wconf 91' lang='lat' dir='ltr'><strong>et</strong></span> <span class='ocrx_word' id='word_1_412' title='bbox 1919 1355 2066 1388; x_wconf 86' lang='lat' dir='ltr'><strong>domum</strong></span> <span class='ocrx_word' id='word_1_413' title='bbox 2087 1355 2235 1398; x_wconf 86' lang='lat' dir='ltr'><strong>regiam.</strong></span> 
     </span>
     <span class='ocr_line' id='line_1_78' title="bbox 1336 1403 2268 1448; baseline -0.001 -11"><span class='ocrx_word' id='word_1_414' title='bbox 1336 1407 1418 1448; x_wconf 75' lang='lat' dir='ltr'><strong>Aey.</strong></span> <span class='ocrx_word' id='word_1_415' title='bbox 1449 1403 1643 1437; x_wconf 89' lang='lat' dir='ltr'><strong>Ostendisti</strong></span> <span class='ocrx_word' id='word_1_416' title='bbox 1666 1415 1833 1447; x_wconf 83' lang='lat' dir='ltr'><strong>magnam</strong></span> <span class='ocrx_word' id='word_1_417' title='bbox 1860 1405 2123 1447; x_wconf 87' lang='lat' dir='ltr'><strong>providentiam</strong></span> <span class='ocrx_word' id='word_1_418' title='bbox 2150 1405 2186 1436; x_wconf 90' lang='lat' dir='ltr'><strong>in</strong></span> <span class='ocrx_word' id='word_1_419' title='bbox 2208 1410 2268 1436; x_wconf 86' lang='lat' dir='ltr'><strong>tua</strong></span> 
     </span>
     <span class='ocr_line' id='line_1_79' title="bbox 1699 1454 1872 1488; baseline 0.012 -2"><span class='ocrx_word' id='word_1_420' title='bbox 1699 1454 1872 1488; x_wconf 87' lang='lat' dir='ltr'><strong>oratione.</strong></span> 
     </span>
     <span class='ocr_line' id='line_1_80' title="bbox 1339 1502 2230 1544; baseline -0.003 -5"><span class='ocrx_word' id='word_1_421' title='bbox 1339 1506 1407 1539; x_wconf 89' lang='lat' dir='ltr'><strong>Sed</strong></span> <span class='ocrx_word' id='word_1_422' title='bbox 1432 1505 1461 1539; x_wconf 91' lang='lat' dir='ltr'><strong>si</strong></span> <span class='ocrx_word' id='word_1_423' title='bbox 1484 1505 1623 1538; x_wconf 81' lang='lat' dir='ltr'><strong>videtur</strong></span> <span class='ocrx_word' id='word_1_424' title='bbox 1646 1504 1711 1538; x_wconf 91' lang='lat' dir='ltr'><strong>tibi</strong></span> <span class='ocrx_word' id='word_1_425' title='bbox 1730 1502 1816 1537; x_wconf 86' lang='lat' dir='ltr'><strong>haec</strong></span> <span class='ocrx_word' id='word_1_426' title='bbox 1840 1506 1975 1544; x_wconf 87' lang='lat' dir='ltr'><strong>facere,</strong></span> <span class='ocrx_word' id='word_1_427' title='bbox 1998 1516 2071 1537; x_wconf 90' lang='lat' dir='ltr'><strong>non</strong></span> <span class='ocrx_word' id='word_1_428' title='bbox 2095 1515 2230 1537; x_wconf 90' lang='lat' dir='ltr'><strong>recuso.</strong></span> 
     </span>
     <span class='ocr_line' id='line_1_81' title="bbox 1338 1554 1984 1601; baseline -0.003 -12"><span class='ocrx_word' id='word_1_429' title='bbox 1338 1555 1428 1590; x_wconf 84' lang='lat' dir='ltr'><strong>Mihi</strong></span> <span class='ocrx_word' id='word_1_430' title='bbox 1453 1554 1540 1589; x_wconf 80' lang='lat' dir='ltr'><strong>haec</strong></span> <span class='ocrx_word' id='word_1_431' title='bbox 1566 1568 1708 1601; x_wconf 86' lang='lat' dir='ltr'><strong>quoque</strong></span> <span class='ocrx_word' id='word_1_432' title='bbox 1732 1555 1864 1587; x_wconf 81' lang='lat' dir='ltr'><strong>tutiora</strong></span> <span class='ocrx_word' id='word_1_433' title='bbox 1889 1561 1984 1595; x_wconf 89' lang='lat' dir='ltr'><strong>sunt,</strong></span> 
     </span>
     <span class='ocr_line' id='line_1_82' title="bbox 1339 1605 2269 1651; baseline -0.002 -11"><span class='ocrx_word' id='word_1_434' title='bbox 1339 1608 1376 1641; x_wconf 86' lang='lat' dir='ltr'><strong>si</strong></span> <span class='ocrx_word' id='word_1_435' title='bbox 1409 1608 1592 1640; x_wconf 88' lang='lat' dir='ltr'><strong>ostendam</strong></span> <span class='ocrx_word' id='word_1_436' title='bbox 1629 1607 1786 1651; x_wconf 78' lang='lat' dir='ltr'><strong>aliquam</strong></span> <span class='ocrx_word' id='word_1_437' title='bbox 1817 1605 2081 1640; x_wconf 81' lang='lat' dir='ltr'><strong>excusationem</strong></span> <span class='ocrx_word' id='word_1_438' title='bbox 2104 1605 2174 1640; x_wconf 89' lang='lat' dir='ltr'><strong>tuis</strong></span> <span class='ocrx_word' id='word_1_439' title='bbox 2205 1605 2269 1638; x_wconf 84' lang='lat' dir='ltr'><strong>ini-</strong></span> 
     </span>
     <span class='ocr_line' id='line_1_83' title="bbox 1701 1668 1813 1696; baseline 0.009 -7"><span class='ocrx_word' id='word_1_440' title='bbox 1701 1668 1813 1696; x_wconf 80' lang='lat' dir='ltr'><strong>micis,</strong></span> 
     </span>
     <span class='ocr_line' id='line_1_84' title="bbox 1290 1706 2272 1754; baseline -0.001 -12"><span class='ocrx_word' id='word_1_441' title='bbox 1290 1706 1363 1742; x_wconf 83' lang='lat'><strong>745</strong></span> <span class='ocrx_word' id='word_1_442' title='bbox 1388 1707 1432 1740; x_wconf 88' lang='lat' dir='ltr'><strong>Et</strong></span> <span class='ocrx_word' id='word_1_443' title='bbox 1448 1714 1506 1741; x_wconf 90' lang='lat' dir='ltr'><strong>tua</strong></span> <span class='ocrx_word' id='word_1_444' title='bbox 1524 1719 1579 1740; x_wconf 88' lang='lat' dir='ltr'><strong>res</strong></span> <span class='ocrx_word' id='word_1_445' title='bbox 1597 1707 1663 1740; x_wconf 89' lang='lat' dir='ltr'><strong>erit</strong></span> <span class='ocrx_word' id='word_1_446' title='bbox 1681 1707 1829 1741; x_wconf 87' lang='lat' dir='ltr'><strong>firmior.</strong></span> <span class='ocrx_word' id='word_1_447' title='bbox 1862 1708 1966 1741; x_wconf 85' lang='lat' dir='ltr'><strong>Praei</strong></span> <span class='ocrx_word' id='word_1_448' title='bbox 1985 1707 2167 1754; x_wconf 80' lang='lat' dir='ltr'><strong>verbis⁶⁷)‚</strong></span> <span class='ocrx_word' id='word_1_449' title='bbox 2184 1720 2272 1754; x_wconf 87' lang='lat' dir='ltr'><strong>quos</strong></span> 
     </span>
     <span class='ocr_line' id='line_1_85' title="bbox 1697 1758 1942 1792; baseline 0.004 -1"><span class='ocrx_word' id='word_1_450' title='bbox 1697 1758 1810 1792; x_wconf 88' lang='lat' dir='ltr'><strong>iurem</strong></span> <span class='ocrx_word' id='word_1_451' title='bbox 1836 1758 1942 1792; x_wconf 90' lang='lat' dir='ltr'><strong>Deos.</strong></span> 
     </span>
     <span class='ocr_line' id='line_1_86' title="bbox 1341 1807 2271 1854; baseline -0.001 -11"><span class='ocrx_word' id='word_1_452' title='bbox 1341 1811 1433 1844; x_wconf 81' lang='lat' dir='ltr'><strong>Med.</strong></span> <span class='ocrx_word' id='word_1_453' title='bbox 1474 1807 1552 1841; x_wconf 82' lang='lat' dir='ltr'><strong>Iura</strong></span> <span class='ocrx_word' id='word_1_454' title='bbox 1591 1809 1705 1842; x_wconf 88' lang='lat' dir='ltr'><strong>solum</strong></span> <span class='ocrx_word' id='word_1_455' title='bbox 1739 1815 1872 1848; x_wconf 85' lang='lat' dir='ltr'><strong>terrae,</strong></span> <span class='ocrx_word' id='word_1_456' title='bbox 1916 1816 1949 1842; x_wconf 91' lang='lat' dir='ltr'><strong>et</strong></span> <span class='ocrx_word' id='word_1_457' title='bbox 1981 1809 2098 1843; x_wconf 88' lang='lat' dir='ltr'><strong>Solem</strong></span> <span class='ocrx_word' id='word_1_458' title='bbox 2133 1816 2271 1854; x_wconf 86' lang='lat' dir='ltr'><strong>patrem</strong></span> 
     </span>
     <span class='ocr_line' id='line_1_87' title="bbox 1698 1858 1809 1903; baseline 0 -11"><span class='ocrx_word' id='word_1_459' title='bbox 1698 1858 1809 1903; x_wconf 89' lang='lat' dir='ltr'><strong>patris</strong></span> 
     </span>
     <span class='ocr_line' id='line_1_88' title="bbox 1342 1909 2090 1953; baseline 0.003 -11"><span class='ocrx_word' id='word_1_460' title='bbox 1342 1910 1434 1950; x_wconf 75' lang='lat' dir='ltr'><strong>Mei,</strong></span> <span class='ocrx_word' id='word_1_461' title='bbox 1457 1915 1491 1942; x_wconf 91' lang='lat' dir='ltr'><strong>et</strong></span> <span class='ocrx_word' id='word_1_462' title='bbox 1515 1916 1629 1942; x_wconf 84' lang='lat' dir='ltr'><strong>totum</strong></span> <span class='ocrx_word' id='word_1_463' title='bbox 1654 1909 1760 1943; x_wconf 90' lang='lat' dir='ltr'><strong>simul</strong></span> <span class='ocrx_word' id='word_1_464' title='bbox 1784 1921 1893 1953; x_wconf 86' lang='lat' dir='ltr'><strong>genus</strong></span> <span class='ocrx_word' id='word_1_465' title='bbox 1917 1909 2090 1951; x_wconf 82' lang='lat' dir='ltr'><strong>Deorum,</strong></span> 
     </span>
     <span class='ocr_line' id='line_1_89' title="bbox 1344 1960 2275 2007; baseline -0.001 -12"><span class='ocrx_word' id='word_1_466' title='bbox 1344 1964 1424 2005; x_wconf 72' lang='lat' dir='ltr'><strong>Aey.</strong></span> <span class='ocrx_word' id='word_1_467' title='bbox 1453 1960 1570 2005; x_wconf 86' lang='lat' dir='ltr'><strong>Quam</strong></span> <span class='ocrx_word' id='word_1_468' title='bbox 1593 1972 1669 1993; x_wconf 85' lang='lat' dir='ltr'><strong>rem</strong></span> <span class='ocrx_word' id='word_1_469' title='bbox 1696 1961 1896 2000; x_wconf 84' lang='lat' dir='ltr'><strong>facturum,</strong></span> <span class='ocrx_word' id='word_1_470' title='bbox 1924 1968 1985 1995; x_wconf 83' lang='lat' dir='ltr'><strong>aut</strong></span> <span class='ocrx_word' id='word_1_471' title='bbox 2018 1962 2104 2007; x_wconf 85' lang='lat' dir='ltr'><strong>quid</strong></span> <span class='ocrx_word' id='word_1_472' title='bbox 2126 1974 2199 1995; x_wconf 91' lang='lat' dir='ltr'><strong>non</strong></span> <span class='ocrx_word' id='word_1_473' title='bbox 2224 1962 2275 1994; x_wconf 81' lang='lat' dir='ltr'><strong>fa-</strong></span> 
     </span>
     <span class='ocr_line' id='line_1_90' title="bbox 1704 2011 2014 2046; baseline 0.006 -2"><span class='ocrx_word' id='word_1_474' title='bbox 1704 2011 1868 2045; x_wconf 78' lang='lat' dir='ltr'><strong>cturum?</strong></span> <span class='ocrx_word' id='word_1_475' title='bbox 1894 2013 2014 2046; x_wconf 87' lang='lat' dir='ltr'><strong>dicito.</strong></span> 
     </span>
     <span class='ocr_line' id='line_1_91' title="bbox 1343 2062 2275 2108; baseline -0.001 -12"><span class='ocrx_word' id='word_1_476' title='bbox 1343 2064 1436 2096; x_wconf 80' lang='lat' dir='ltr'><strong>Med.</strong></span> <span class='ocrx_word' id='word_1_477' title='bbox 1462 2062 1569 2106; x_wconf 83' lang='lat' dir='ltr'><strong>Quod</strong></span> <span class='ocrx_word' id='word_1_478' title='bbox 1583 2074 1699 2107; x_wconf 90' lang='lat' dir='ltr'><strong>neque</strong></span> <span class='ocrx_word' id='word_1_479' title='bbox 1724 2068 1761 2096; x_wconf 84' lang='lat' dir='ltr'><strong>tu</strong></span> <span class='ocrx_word' id='word_1_480' title='bbox 1785 2063 1958 2097; x_wconf 82' lang='lat' dir='ltr'><strong>eiecturus</strong></span> <span class='ocrx_word' id='word_1_481' title='bbox 1976 2075 2033 2096; x_wconf 89' lang='lat' dir='ltr'><strong>me</strong></span> <span class='ocrx_word' id='word_1_482' title='bbox 2055 2062 2101 2097; x_wconf 86' lang='lat' dir='ltr'><strong>sis</strong></span> <span class='ocrx_word' id='word_1_483' title='bbox 2116 2075 2275 2108; x_wconf 84' lang='lat' dir='ltr'><strong>unquam</strong></span> 
     </span>
     <span class='ocr_line' id='line_1_92' title="bbox 1707 2119 1857 2153; baseline -0.007 -7"><span class='ocrx_word' id='word_1_484' title='bbox 1707 2125 1725 2146; x_wconf 88' lang='lat' dir='ltr'><strong>e</strong></span> <span class='ocrx_word' id='word_1_485' title='bbox 1749 2119 1857 2153; x_wconf 86' lang='lat' dir='ltr'><strong>terra,</strong></span> 
     </span>
     <span class='ocr_line' id='line_1_93' title="bbox 1296 2161 2274 2208; baseline 0.001 -12"><span class='ocrx_word' id='word_1_486' title='bbox 1296 2161 1370 2197; x_wconf 88' lang='lat'><strong>750</strong></span> <span class='ocrx_word' id='word_1_487' title='bbox 1390 2162 1513 2207; x_wconf 87' lang='lat' dir='ltr'><strong>Neque</strong></span> <span class='ocrx_word' id='word_1_488' title='bbox 1525 2188 1534 2201; x_wconf 93' lang='lat'><strong>,</strong></span> <span class='ocrx_word' id='word_1_489' title='bbox 1551 2162 1639 2196; x_wconf 88' lang='lat' dir='ltr'><strong>alius</strong></span> <span class='ocrx_word' id='word_1_490' title='bbox 1654 2163 1683 2197; x_wconf 90' lang='lat' dir='ltr'><strong>si</strong></span> <span class='ocrx_word' id='word_1_491' title='bbox 1700 2164 1778 2208; x_wconf 90' lang='lat' dir='ltr'><strong>quis</strong></span> <span class='ocrx_word' id='word_1_492' title='bbox 1795 2176 1957 2197; x_wconf 89' lang='lat' dir='ltr'><strong>meorum</strong></span> <span class='ocrx_word' id='word_1_493' title='bbox 1974 2164 2202 2198; x_wconf 85' lang='lat' dir='ltr'><strong>inimicorum</strong></span> <span class='ocrx_word' id='word_1_494' title='bbox 2218 2176 2274 2197; x_wconf 88' lang='lat' dir='ltr'><strong>me</strong></span> 
     </span>
     <span class='ocr_line' id='line_1_94' title="bbox 1706 2215 1879 2248; baseline 0.006 -2"><span class='ocrx_word' id='word_1_495' title='bbox 1706 2215 1879 2248; x_wconf 89' lang='lat' dir='ltr'><strong>abducere</strong></span> 
     </span>
    </p>
   </div>
   <div class='ocr_carea' id='block_1_11' title="bbox 1331 947 1623 982">
    <p class='ocr_par' dir='ltr' id='par_1_31' title="bbox 1331 947 1623 982">
     <span class='ocr_line' id='line_1_95' title="bbox 1331 947 1623 982; baseline -0.01 0"><span class='ocrx_word' id='word_1_496' title='bbox 1331 950 1425 982; x_wconf 80' lang='lat' dir='ltr'><strong>Med.</strong></span> <span class='ocrx_word' id='word_1_497' title='bbox 1463 947 1623 981; x_wconf 86' lang='lat' dir='ltr'><strong>Confido.</strong></span> 
     </span>
    </p>
   </div>
   <div class='ocr_carea' id='block_1_12' title="bbox 1299 2275 1499 2281">
    <p class='ocr_par' dir='ltr' id='par_1_32' title="bbox 1299 2275 1499 2281">
     <span class='ocr_line' id='line_1_96' title="bbox 1299 2275 1499 2281; baseline 0 0"><span class='ocrx_word' id='word_1_498' title='bbox 1299 2275 1499 2281; x_wconf 95' lang='lat' dir='ltr'><strong> </strong></span> 
     </span>
    </p>
   </div>
   <div class='ocr_carea' id='block_1_13' title="bbox 1329 2325 2277 2530">
    <p class='ocr_par' dir='ltr' id='par_1_33' title="bbox 1329 2325 2277 2530">
     <span class='ocr_line' id='line_1_97' title="bbox 1329 2325 2276 2362; baseline 0.001 -11"><span class='ocrx_word' id='word_1_499' title='bbox 1329 2326 1377 2358; x_wconf 78' lang='grc'><strong>66)</strong></span> <span class='ocrx_word' id='word_1_500' title='bbox 1396 2325 1438 2350; x_wconf 71' lang='lat' dir='ltr'><strong>his</strong></span> <span class='ocrx_word' id='word_1_501' title='bbox 1457 2325 1617 2350; x_wconf 86' lang='lat' dir='ltr'><strong>iuramentis</strong></span> <span class='ocrx_word' id='word_1_502' title='bbox 1640 2326 1782 2351; x_wconf 83' lang='lat' dir='ltr'><strong>devinctus</strong></span> <span class='ocrx_word' id='word_1_503' title='bbox 1794 2340 1829 2345; x_wconf 97' lang='lat'><strong>—</strong></span> <span class='ocrx_word' id='word_1_504' title='bbox 1842 2327 2020 2361; x_wconf 65' lang='lat' dir='ltr'><strong>auscultare]</strong></span> <span class='ocrx_word' id='word_1_505' title='bbox 2031 2328 2083 2362; x_wconf 48' lang='lat' dir='ltr'><strong>„hic</strong></span> <span class='ocrx_word' id='word_1_506' title='bbox 2100 2329 2179 2353; x_wconf 81' lang='lat' dir='ltr'><strong>locus</strong></span> <span class='ocrx_word' id='word_1_507' title='bbox 2192 2328 2276 2353; x_wconf 65' lang='lat' dir='ltr'><strong>fidite.</strong></span> 
     </span>
     <span class='ocr_line' id='line_1_98' title="bbox 1367 2360 2277 2394; baseline 0.002 -9"><span class='ocrx_word' id='word_1_508' title='bbox 1367 2361 1458 2390; x_wconf 82' lang='lat'><strong>1558.,</strong></span> <span class='ocrx_word' id='word_1_509' title='bbox 1480 2360 1553 2385; x_wconf 81' lang='lat'><strong>1562.</strong></span> <span class='ocrx_word' id='word_1_510' title='bbox 1572 2361 1663 2390; x_wconf 83' lang='lat' dir='ltr'><strong>aliqua</strong></span> <span class='ocrx_word' id='word_1_511' title='bbox 1682 2367 1715 2384; x_wconf 86' lang='lat' dir='ltr'><strong>ex</strong></span> <span class='ocrx_word' id='word_1_512' title='bbox 1729 2363 1808 2390; x_wconf 83' lang='lat' dir='ltr'><strong>parte</strong></span> <span class='ocrx_word' id='word_1_513' title='bbox 1826 2365 1971 2392; x_wconf 81' lang='lat' dir='ltr'><strong>corruptus</strong></span> <span class='ocrx_word' id='word_1_514' title='bbox 1988 2369 2052 2386; x_wconf 86' lang='lat' dir='ltr'><strong>esse</strong></span> <span class='ocrx_word' id='word_1_515' title='bbox 2064 2363 2189 2394; x_wconf 83' lang='lat' dir='ltr'><strong>videtur;</strong></span> <span class='ocrx_word' id='word_1_516' title='bbox 2208 2368 2277 2394; x_wconf 85' lang='lat' dir='ltr'><strong>qua-</strong></span> 
     </span>
     <span class='ocr_line' id='line_1_99' title="bbox 1365 2394 2276 2425; baseline 0.004 -8"><span class='ocrx_word' id='word_1_517' title='bbox 1365 2395 1477 2425; x_wconf 85' lang='lat' dir='ltr'><strong>propter</strong></span> <span class='ocrx_word' id='word_1_518' title='bbox 1495 2394 1571 2418; x_wconf 78' lang='lat' dir='ltr'><strong>iuvat</strong></span> <span class='ocrx_word' id='word_1_519' title='bbox 1585 2394 1656 2418; x_wconf 78' lang='lat' dir='ltr'><strong>Fixii</strong></span> <span class='ocrx_word' id='word_1_520' title='bbox 1674 2394 1928 2424; x_wconf 83' lang='lat' dir='ltr'><strong>interpretationem</strong></span> <span class='ocrx_word' id='word_1_521' title='bbox 1941 2396 2019 2420; x_wconf 78' lang='lat' dir='ltr'><strong>huius</strong></span> <span class='ocrx_word' id='word_1_522' title='bbox 2037 2397 2090 2421; x_wconf 85' lang='lat' dir='ltr'><strong>loci</strong></span> <span class='ocrx_word' id='word_1_523' title='bbox 2103 2397 2276 2421; x_wconf 79' lang='lat' dir='ltr'><strong>adscribere:</strong></span> 
     </span>
     <span class='ocr_line' id='line_1_100' title="bbox 1365 2428 2276 2460; baseline 0.007 -10"><span class='ocrx_word' id='word_1_524' title='bbox 1365 2429 1443 2460; x_wconf 76' lang='lat' dir='ltr'><strong>„uis</strong></span> <span class='ocrx_word' id='word_1_525' title='bbox 1461 2434 1544 2459; x_wconf 87' lang='lat' dir='ltr'><strong>vero,</strong></span> <span class='ocrx_word' id='word_1_526' title='bbox 1570 2428 1594 2452; x_wconf 83' lang='lat' dir='ltr'><strong>si</strong></span> <span class='ocrx_word' id='word_1_527' title='bbox 1613 2428 1788 2453; x_wconf 82' lang='lat' dir='ltr'><strong>iureiurando</strong></span> <span class='ocrx_word' id='word_1_528' title='bbox 1807 2431 1956 2454; x_wconf 84' lang='lat' dir='ltr'><strong>obstrictus</strong></span> <span class='ocrx_word' id='word_1_529' title='bbox 1975 2431 2062 2455; x_wconf 81' lang='lat' dir='ltr'><strong>fueris</strong></span> <span class='ocrx_word' id='word_1_530' title='bbox 2079 2431 2168 2460; x_wconf 73' lang='grc' dir='ltr'><strong>ηιίΙιί,</strong></span> <span class='ocrx_word' id='word_1_531' title='bbox 2189 2431 2276 2455; x_wconf 78' lang='lat' dir='ltr'><strong>abdu—</strong></span> 
     </span>
     <span class='ocr_line' id='line_1_101' title="bbox 1364 2462 2276 2495; baseline 0 -7"><span class='ocrx_word' id='word_1_532' title='bbox 1364 2468 1427 2488; x_wconf 86' lang='lat' dir='ltr'><strong>cere</strong></span> <span class='ocrx_word' id='word_1_533' title='bbox 1445 2469 1488 2486; x_wconf 87' lang='lat' dir='ltr'><strong>me</strong></span> <span class='ocrx_word' id='word_1_534' title='bbox 1505 2462 1660 2486; x_wconf 84' lang='lat' dir='ltr'><strong>volentibus</strong></span> <span class='ocrx_word' id='word_1_535' title='bbox 1681 2469 1696 2486; x_wconf 87' lang='lat' dir='ltr'><strong>e</strong></span> <span class='ocrx_word' id='word_1_536' title='bbox 1715 2464 1792 2487; x_wconf 82' lang='lat' dir='ltr'><strong>terra.</strong></span> <span class='ocrx_word' id='word_1_537' title='bbox 1816 2465 1863 2488; x_wconf 81' lang='lat' dir='ltr'><strong>tua</strong></span> <span class='ocrx_word' id='word_1_538' title='bbox 1881 2470 1933 2489; x_wconf 89' lang='lat' dir='ltr'><strong>non</strong></span> <span class='ocrx_word' id='word_1_539' title='bbox 1953 2465 2111 2495; x_wconf 79' lang='lat' dir='ltr'><strong>permittes:</strong></span> <span class='ocrx_word' id='word_1_540' title='bbox 2137 2466 2167 2489; x_wconf 84' lang='lat' dir='ltr'><strong>at</strong></span> <span class='ocrx_word' id='word_1_541' title='bbox 2184 2465 2276 2489; x_wconf 81' lang='lat' dir='ltr'><strong>verbis</strong></span> 
     </span>
     <span class='ocr_line' id='line_1_102' title="bbox 1364 2497 2277 2530; baseline 0.002 -9"><span class='ocrx_word' id='word_1_542' title='bbox 1364 2497 1448 2521; x_wconf 80' lang='lat' dir='ltr'><strong>meris</strong></span> <span class='ocrx_word' id='word_1_543' title='bbox 1468 2503 1572 2520; x_wconf 85' lang='lat' dir='ltr'><strong>mecum</strong></span> <span class='ocrx_word' id='word_1_544' title='bbox 1590 2497 1616 2520; x_wconf 83' lang='lat' dir='ltr'><strong>si</strong></span> <span class='ocrx_word' id='word_1_545' title='bbox 1633 2498 1815 2527; x_wconf 84' lang='lat' dir='ltr'><strong>conveneris,</strong></span> <span class='ocrx_word' id='word_1_546' title='bbox 1841 2505 1891 2523; x_wconf 88' lang='lat' dir='ltr'><strong>nec</strong></span> <span class='ocrx_word' id='word_1_547' title='bbox 1909 2505 1957 2529; x_wconf 81' lang='lat' dir='ltr'><strong>per</strong></span> <span class='ocrx_word' id='word_1_548' title='bbox 1975 2500 2041 2523; x_wconf 84' lang='lat' dir='ltr'><strong>deos</strong></span> <span class='ocrx_word' id='word_1_549' title='bbox 2062 2500 2187 2530; x_wconf 77' lang='lat' dir='ltr'><strong>iuratus,</strong></span> <span class='ocrx_word' id='word_1_550' title='bbox 2205 2499 2277 2523; x_wconf 83' lang='lat' dir='ltr'><strong>ami-</strong></span> 
     </span>
    </p>
   </div>
   <div class='ocr_carea' id='block_1_14' title="bbox 1359 2530 2277 2596">
    <p class='ocr_par' dir='ltr' id='par_1_34' title="bbox 1359 2530 2277 2596">
     <span class='ocr_line' id='line_1_103' title="bbox 1359 2530 2277 2564; baseline 0.002 -8"><span class='ocrx_word' id='word_1_551' title='bbox 1359 2538 1408 2556; x_wconf 87' lang='lat' dir='ltr'><strong>cus</strong></span> <span class='ocrx_word' id='word_1_552' title='bbox 1431 2530 1482 2554; x_wconf 82' lang='lat' dir='ltr'><strong>fias</strong></span> <span class='ocrx_word' id='word_1_553' title='bbox 1515 2531 1643 2555; x_wconf 77' lang='lat' dir='ltr'><strong>inimicis</strong></span> <span class='ocrx_word' id='word_1_554' title='bbox 1673 2533 1759 2563; x_wconf 70' lang='lat' dir='ltr'><strong>meis,</strong></span> <span class='ocrx_word' id='word_1_555' title='bbox 1790 2534 1818 2556; x_wconf 87' lang='lat' dir='ltr'><strong>et</strong></span> <span class='ocrx_word' id='word_1_556' title='bbox 1848 2533 2080 2563; x_wconf 78' lang='lat' dir='ltr'><strong>postulationibus</strong></span> <span class='ocrx_word' id='word_1_557' title='bbox 2111 2539 2277 2564; x_wconf 80' lang='lat' dir='ltr'><strong>praeconum</strong></span> 
     </span>
     <span class='ocr_line' id='line_1_104' title="bbox 1364 2563 1704 2596; baseline -0.003 -6"><span class='ocrx_word' id='word_1_558' title='bbox 1364 2566 1486 2590; x_wconf 74' lang='lat' dir='ltr'><strong>fortasse</strong></span> <span class='ocrx_word' id='word_1_559' title='bbox 1504 2563 1704 2596; x_wconf 85' lang='lat' dir='ltr'><strong>obtemperes.’&#39;</strong></span> 
     </span>
    </p>
   </div>
   <div class='ocr_carea' id='block_1_15' title="bbox 1330 2614 2275 2650">
    <p class='ocr_par' dir='ltr' id='par_1_35' title="bbox 1330 2614 2275 2650">
     <span class='ocr_line' id='line_1_105' title="bbox 1330 2614 2275 2650; baseline 0.005 -10"><span class='ocrx_word' id='word_1_560' title='bbox 1330 2618 1377 2646; x_wconf 80' lang='grc'><strong>67)</strong></span> <span class='ocrx_word' id='word_1_561' title='bbox 1395 2614 1475 2641; x_wconf 79' lang='lat' dir='ltr'><strong>Praei</strong></span> <span class='ocrx_word' id='word_1_562' title='bbox 1492 2616 1600 2646; x_wconf 83' lang='lat' dir='ltr'><strong>verbis]</strong></span> <span class='ocrx_word' id='word_1_563' title='bbox 1617 2616 1657 2640; x_wconf 82' lang='lat' dir='ltr'><strong>sic</strong></span> <span class='ocrx_word' id='word_1_564' title='bbox 1674 2617 1756 2642; x_wconf 83' lang='lat' dir='ltr'><strong>Editt.</strong></span> <span class='ocrx_word' id='word_1_565' title='bbox 1777 2618 1862 2649; x_wconf 60' lang='lat'>¹558„</span> <span class='ocrx_word' id='word_1_566' title='bbox 1881 2620 1974 2649; x_wconf 59' lang='lat' dir='ltr'><strong>Earn„</strong></span> <span class='ocrx_word' id='word_1_567' title='bbox 1992 2619 2097 2650; x_wconf 77' lang='lat' dir='ltr'><strong>musgr.</strong></span> <span class='ocrx_word' id='word_1_568' title='bbox 2115 2618 2275 2650; x_wconf 35' lang='lat' dir='ltr'><strong>(=·1turip.</strong></span> 
     </span>
    </p>
   </div>
   <div class='ocr_carea' id='block_1_16' title="bbox 1364 2649 2276 2710">
    <p class='ocr_par' dir='ltr' id='par_1_36' title="bbox 1364 2649 2276 2710">
     <span class='ocr_line' id='line_1_106' title="bbox 1364 2649 2276 2710; baseline -0.003 -30"><span class='ocrx_word' id='word_1_569' title='bbox 1364 2649 1478 2710; x_wconf 50' lang='grc' dir='ltr'><strong>ἔξᾏζςῦ,</strong></span> <span class='ocrx_word' id='word_1_570' title='bbox 1508 2650 1572 2676; x_wconf 77' lang='lat' dir='ltr'><strong>Fix:</strong></span> <span class='ocrx_word' id='word_1_571' title='bbox 1608 2650 1719 2683; x_wconf 82' lang='lat' dir='ltr'><strong>Praei);</strong></span> <span class='ocrx_word' id='word_1_572' title='bbox 1749 2653 1798 2678; x_wconf 85' lang='lat' dir='ltr'><strong>Ed.</strong></span> <span class='ocrx_word' id='word_1_573' title='bbox 1826 2653 1900 2678; x_wconf 77' lang='lat'>1562.</span> <span class='ocrx_word' id='word_1_574' title='bbox 1925 2658 2021 2678; x_wconf 87' lang='lat' dir='ltr'><strong>errore</strong></span> <span class='ocrx_word' id='word_1_575' title='bbox 2049 2653 2178 2685; x_wconf 78' lang='lat' dir='ltr'><strong>typogr.:</strong></span> <span class='ocrx_word' id='word_1_576' title='bbox 2210 2658 2276 2683; x_wconf 73' lang='lat' dir='ltr'><strong>prae</strong></span> 
     </span>
     <span class='ocr_line' id='line_1_107' title="bbox 1364 2693 1464 2710; baseline -0.01 -1"><span class='ocrx_word' id='word_1_577' title='bbox 1364 2693 1396 2710; x_wconf 74' lang='lat' dir='ltr'><strong>ve</strong></span> <span class='ocrx_word' id='word_1_578' title='bbox 1432 2693 1464 2710; x_wconf 85' lang='lat' dir='ltr'><strong>ls.</strong></span> 
     </span>
    </p>
   </div>
   <div class='ocr_carea' id='block_1_17' title="bbox 2318 393 2373 2980">
    <p class='ocr_par' dir='ltr' id='par_1_37' title="bbox 2318 393 2373 2980">
     <span class='ocr_line' id='line_1_108' title="bbox 2318 393 2373 2980; baseline 0 0"><span class='ocrx_word' id='word_1_579' title='bbox 2318 393 2373 2980; x_wconf 95' lang='lat' dir='ltr'><strong> </strong></span> 
     </span>
    </p>
   </div>
  </div>
 </body>
</html>
