2373 2980
111 64 208 99 1077
423 57 560 93 Lxxss.

158 149 282 193 Neque
307 145 457 180 Graecia
481 149 656 189 praestat;
681 144 727 177 ad
751 155 807 177 me
827 154 910 176 vero
940 142 1093 176 amicum

519 194 734 228 imbecillum

155 247 363 292 Respicitis,
406 246 468 291 qui
500 243 590 278 nihil
619 258 696 279 sum
734 251 874 289 praeter
903 243 1091 288 strepitum
1118 251 1122 284 ξ

513 297 563 329 lin
590 308 668 330 uae.

100 350 176 386 230
201 349 416 383 Defecerant
433 348 528 381 enirn
546 309 657 387 vires,
679 359 768 393 quas
789 347 887 392 prius
904 344 1025 385 habui,

149 400 336 434 Senectute
352 406 471 434 autem
488 399 638 432 tremula
655 399 828 439 membra,
845 405 879 432 et
896 397 1087 431 evanidum

509 450 631 484 robur.

148 502 254 546 Quod
282 503 309 535 si
334 514 443 535 essem
468 500 623 541 iuvenis,
644 507 678 533 et
702 499 816 534 adhuc
840 512 985 544 compos
1009 511 1085 532 cor-

503 564 613 595 poris,

147 601 300 646 Arrepta
318 601 417 636 hasta
440 603 572 636 flavum
589 601 694 636 huius
712 602 878 646 capillum

146 652 379 686 Cruentarem
392 681 400 693 ,
430 660 468 687 ut
485 653 577 687 ultra
593 653 790 687 Atlanticos

92 701 168 739 235
194 703 386 738 Terminos
404 711 500 738 metu
517 706 652 749 sugeret
667 716 781 737 meam
799 701 936 737 hastam
948 702 1005 748 22).

144 754 295 800 chor.2³)
319 757 377 790 An
395 768 469 789 non
488 755 690 789 occasiones
708 754 849 788 dicendi
865 753 952 787 boni

142 804 314 840 Homines
335 805 486 847 habent,
511 807 650 841 etiamsi
673 807 794 839 tardus
820 805 864 838 sit
888 803 1016 849 aliquis
1033 805 1078 837 ad

504 858 691 891 dicendum
704 857 719 889 ?
984 896 990 901 .

141 908 282 953 Lyc.‘·'‘⁴)
300 909 357 943 Tu
375 909 483 943 dicito
502 915 625 942 contra
641 920 707 942 nos
724 907 843 947 verba,
860 907 988 953 quibus
1000 919 1076 939 mu-

499 960 594 993 nitus
611 971 657 994 es.

138 1007 215 1053 Ego
235 1023 319 1043 vero
335 1011 399 1044 tibi
416 1022 483 1055 pro
499 1017 560 1044 tuo
577 1021 740 1044 sermone
756 1008 989 1041 malefaciam.

86 1058 163 1094 240
188 1062 263 1105 Age
283 1061 370 1096 alios
385 1063 430 1095 ad
446 1061 666 1102 Heliconem,
694 1061 782 1094 alios
802 1060 846 1092 ad
863 1059 970 1092 valles
987 1059 1073 1092 Par-

495 1113 590 1146 nassi

136 1159 190 1194 Ire
209 1168 244 1195 et
258 1174 377 1195 secare
393 1163 498 1196 iubeo
516 1164 702 1208 sylvestres
721 1173 916 1206 quercuum

135 1211 318 1251 Truncos;
338 1220 527 1259 postquam
547 1227 632 1247 vero
650 1214 688 1246 in
705 1213 830 1246 urbem
849 1211 1058 1251 intulerunt,

133 1261 234 1296 Circa
271 1275 370 1297 aram
406 1265 625 1299 cumulantes
659 1265 826 1309 utrinque
870 1269 1068 1296 constructa

492 1316 602 1360 ligna,

130 1362 313 1398 Incendite
332 1378 391 1406 ea,
415 1373 449 1399 et
468 1374 622 1400 cremate
639 1377 791 1409 corpora

80 1413 156 1449 245
185 1415 378 1455 Omnium;
404 1423 438 1450 et
454 1418 598 1451 videant
610 1444 619 1457 ‚
643 1416 741 1461 quod
759 1427 832 1448 non
850 1416 1067 1462 mortuus‘ffi)

111 1566 158 1595 ²2)
189 1566 267 1596 Quod
292 1566 317 1590 si
336 1579 369 1584 -
385 1568 500 1592 hastam.
533 1570 588 1597 (vs.
608 1566 795 1596 2¹3—235.)]
826 1566 866 1589 sic
899 1566 947 1590 Ed.
976 1566 1065 1593 1562:

145 1601 194 1625 Ed.
217 1601 309 1626 1558.:

181 1635 258 1665 Quod
277 1635 302 1658 si
321 1635 421 1659 babere
440 1636 518 1660 lunius
537 1636 647 1666 sceptra
667 1637 762 1659 terrae
780 1635 840 1664 ipse
860 1635 913 1664 vis,

180 1669 244 1693 Sine
262 1675 314 1693 nos
334 1671 430 1693 exules
450 1671 546 1701 egredi
565 1673 678 1694 terram.

179 1703 271 1733 „Vim
289 1710 355 1727 vero
374 1704 459 1728 facies
480 1710 650 1735 nequaquam
662 1721 669 1733 ,
688 1704 736 1727 aut
754 1703 869 1732 patieris
889 1703 1030 1729 maiorem,

177 1737 273 1767 „Cum
292 1738 419 1762 fortunae
438 1739 487 1763 tibi
507 1741 588 1762 flatus
607 1739 778 1768 permutatus
801 1737 892 1762 fuerit.

178 1772 245 1795 Heu.

176 1805 199 1829 0
217 1807 296 1829 terra
311 1805 424 1835 Cadmi,
444 1807 543 1830 etenim
561 1807 595 1830 ad
614 1808 642 1830 te
661 1806 786 1835 devenio,

176 1839 269 1863 Verba
288 1842 424 1870 probrosa
442 1841 613 1870 convicians,

176 1874 235 1897 Tali
252 1875 334 1898 modo
353 1875 434 1898 fertis
454 1881 530 1905 opem
550 1875 678 1903 Herculi,
700 1871 840 1904 filiisque?

176 1908 227 1937 Qui
245 1915 316 1932 unus
335 1909 439 1938 Minyis
459 1915 520 1932 cum
539 1909 664 1933 omnibus
682 1914 774 1938 pugna
792 1915 972 1939 congressus.

174 1943 274 1966 Thebis
292 1943 357 1965 fecit
376 1944 466 1969 lucem
486 1944 601 1966 liberam
621 1943 724 1966 videre.

173 1976 267 2006 Neque
285 1977 430 2001 Graeciam
449 1978 548 2003 laudo,
567 1983 654 2006 neque
672 1977 813 1999 sustinebo
832 1983 950 2006 unquam

173 2011 293 2041 Tacens,
313 2011 460 2040 pessimam
479 2011 629 2040 experiens
650 2016 717 2040 erga
735 2011 818 2033 filium
838 2017 935 2036 mcum.

175 2046 260 2073 Quam
279 2045 459 2069 conveniebat
477 2046 571 2075 pueris
590 2045 669 2075 istis,
689 2046 794 2074 ignem,
815 2046 928 2074 hastas,
947 2051 1025 2069 arma

172 2079 336 2109 Ferentem,
355 2080 450 2103 venire
470 2081 591 2103 marinas
611 2081 724 2109 propter
745 2080 838 2108 pestes

174 2114 330 2143 Terraeque
348 2113 375 2137 in
397 2115 618 2138 retributionem.
637 2120 750 2144 quarum
770 2114 908 2137 laboravit
926 2114 1026 2144 gratia.

172 2148 249 2171 Haec
267 2153 336 2171 vero
355 2154 425 2177 non,
446 2154 461 2171 o
480 2149 546 2177 filii,
565 2148 662 2177 vobis,
681 2154 767 2177 neque
787 2148 915 2171 Thebana
933 2148 1041 2172 civitas.

169 2182 262 2212 Neque
281 2183 402 2206 Graecia
420 2185 558 2212 praestat:
578 2183 627 2205 sed
646 2183 680 2206 ad
700 2189 742 2205 me
762 2182 923 2206 imbecillem
943 2183 1059 2205 amicum

167 2217 334 2246 Respicitis‚
355 2217 421 2240 nihil
439 2217 620 2247 existentem,
646 2217 699 2240 nisi
719 2216 830 2244 linguae
850 2217 1005 2246 strepitum.

170 2251 263 2274 Robur
282 2251 353 2274 enim
377 2252 493 2279 defecit,
514 2252 583 2281 quod
603 2253 666 2274 ante
686 2251 834 2275 habuimus.

170 2286 317 2309 Senectute
334 2292 402 2309 vero
422 2287 541 2309 tremula
560 2286 697 2315 membra,
717 2286 745 2309 et
765 2284 910 2309 evanidum
930 2286 1021 2309 robur.

170 2319 200 2342 si
219 2326 287 2343 vero
308 2326 400 2343 essem
420 2320 598 2351 iuvenisque,
619 2321 646 2343 et
664 2321 752 2344 adhuc
770 2320 896 2349 corporis
914 2322 1022 2350 potens,

171 2355 293 2384 Ari-epta
311 2355 390 2378 basta
409 2354 522 2378 huiusce
539 2355 626 2378 flavas
646 2361 740 2379 comas

170 2388 370 2412 cruentassem
382 2405 390 2419 ,
410 2388 450 2412 ita
467 2390 497 2412 ut
515 2389 673 2413 Atlanticos
692 2390 767 2413 ultra

168 2423 291 2453 Fugeret
298 2425 432 2446 terminos
441 2428 507 2452 prae
515 2424 662 2447 timiditate
671 2430 730 2448 mea
740 2422 806 2455 [pro
815 2430 820 2446 :
830 2420 930 2453 meam]
940 2423 1056 2446 hastam.

100 2471 148 2503 ²3)
171 2471 268 2504 Chen]
283 2473 325 2497 sic
340 2473 424 2497 Editt.
437 2474 558 2503 recent.·‚
575 2473 603 2496 in
620 2474 704 2498 Editt.
720 2473 806 2504 ¹558„
825 2472 898 2496 ¹562.
918 2477 1003 2502 aeque
1023 2478 1055 2495 ac

134 2508 162 2530 in
180 2507 230 2531 Ed.
250 2508 334 2532 Basil.
357 2508 432 2531 1551.
452 2507 541 2531 deest.

99 2556 147 2588 24)
169 2558 251 2588 Lym]
277 2558 319 2582 sic
341 2558 427 2582 Editt.
448 2559 522 2582 1558.
549 2560 576 2582 et
594 2560 710 2583 recentt.
734 2565 820 2589 aeque
845 2564 878 2582 ac
902 2558 951 2582 Ed.
972 2558 1054 2582 Basil.

136 2592 228 2623 1551.;
246 2593 273 2617 iu
292 2593 340 2616 Ed.
363 2593 436 2617 1562.
457 2593 545 2618 deest.

98 2642 146 2673 25)
167 2645 308 2673 mortuus]
331 2644 393 2667 huic
417 2643 477 2667 voci
502 2643 529 2667 in
554 2648 641 2674 marg.
663 2643 712 2667 Ed.
732 2644 806 2669 15⁶2.
834 2644 942 2667 additur
965 2644 1053 2666 inter-
1079 2643 1082 2674 ξ

134 2679 348 2707 pretamentum:
369 2678 468 2702 Creon.

613 55 1011 92 INTERPRETATIO
1038 52 1276 91 EURIPIDIS
1302 51 1545 87 HERCULIS
1581 51 1608 84 F
1611 51 1830 88 URENTIS.

2047 64 2142 97 1078

1203 140 1357 185 Imperat
1371 136 1454 173 huic
1473 145 1607 178 terrae,
1631 138 1692 172 sed
1709 150 1773 183 ego
1791 151 1897 175 nunc.

1119 183 1123 240 J
1200 191 1272 225 Vos
1288 197 1406 226 autem
1425 202 1545 229 senes,
1572 188 1633 235 qui
1654 190 1849 225 adversarii
1866 205 1965 227 meae

1198 243 1401 277 Sententiae
1421 242 1521 282 estis,
1546 252 1618 274 non
1633 241 1748 275 solum
1764 242 1880 287 lugete

1116 288 1120 341 J
1196 293 1344 329 Liberos
1361 294 1541 333 Herculis,
1558 304 1680 326 verum
1701 293 1807 327 etiam
1826 295 1983 329 familiae
2001 304 2135 332 vestrae

1116 348 1118 373 ἶ
1144 342 1218 379 250
1247 345 1474 379 Calamitates
1487 372 1495 385 ,
1514 345 1658 390 quando
1676 344 1811 390 aliquid
1829 348 2003 391 patietur,
2023 355 2061 382 ut
2084 362 2134 383 re-

1113 391 1117 435 ,³
1555 396 1751 428 cordemini

1112 437 1117 496 J
1193 446 1264 480 Vos
1281 459 1402 480 servos
1421 459 1491 480 esse
1509 458 1608 479 meae
1626 447 1827 492 tyrannidis
1837 450 1894 495 ¹³⁶).

1110 501 1114 564 ᾗ
1192 499 1287 531 Cher.
1331 497 1363 530 O
1389 504 1510 541 partus
1534 504 1668 538 terrae,
1704 512 1793 543 quos
1818 500 1916 536 Mars
1942 505 2129 539 seminavit

1110 569 1113 587 ς
1560 549 1658 588 olim,

1108 589 1113 652 ξ
1188 598 1336 633 Nudans
1356 601 1492 643 amplas
1510 612 1617 643 genas
1636 600 1824 641 Draconis,

1108 681 1111 696 Χ
1185 650 1267 683 lx‘on
1284 657 1421 695 sceptra
1438 651 1633 693 gestamina
1652 652 1795 685 dextrae
1809 664 1936 687 manus

1107 700 1110 715 ¹
1135 700 1209 735 255
1231 701 1380 735 Tolletis
1394 729 1402 741 ,
1426 708 1460 735 et
1476 701 1544 734 viri
1564 699 1668 735 huius
1685 702 1834 746 impium
1856 713 1961 749 caput

1187 752 1452 787 Cruentabitis?
1476 753 1536 798 qui
1555 765 1635 786 cum
1654 765 1727 785 non
1744 754 1788 786 sit
1808 752 2013 797 Thebanus,

1183 803 1359 838 Dominus
1379 811 1430 838 est
1447 804 1697 848 ignavissimus
1717 803 1885 838 iuvenum
1905 810 2053 843 advena.

1183 854 1315 889 Verum
1333 868 1407 889 non
1427 856 1618 900 imperabis
1634 852 1723 888 mihi
1743 868 1904 901 unquam
1924 859 2049 899 laetus,

1180 905 1303 952 Neque
1334 920 1424 953 quae
1451 920 1515 952 ego
1547 907 1659 940 multo
1692 907 1815 940 labore
1846 910 2010 944 manibus
2036 913 2120 946 meis

1547 969 1766 1002 comparavi,

1128 1009 1202 1044 260
1230 1008 1401 1047 Habebis;
1428 1010 1487 1043 sed
1506 1009 1647 1048 abiens,
1673 1010 1767 1041 unde
1785 1010 1929 1051 venisti,
1953 1012 1999 1045 ibi

1179 1059 1347 1094 Iniuriam
1377 1061 1497 1094 facias,
1560 1060 1653 1094 Nam
1679 1073 1735 1093 me
1768 1062 1908 1095 vivente
1931 1075 2115 1110 nunquam

1535 1111 1672 1145 occides

1177 1161 1325 1196 Liberos
1342 1162 1521 1196 Herculis:
1549 1175 1623 1196 non
1641 1169 1713 1195 tam
1729 1163 1854 1207 procul
1872 1170 2003 1198 terram

1175 1214 1303 1247 Subter
1320 1215 1405 1248 latet
1424 1215 1482 1247 ille
1503 1214 1635 1248 relictis
1652 1213 1783 1247 liberis.

1175 1264 1268 1299 Nam
1294 1272 1331 1300 tu
1356 1266 1499 1312 quidem
1525 1267 1562 1299 in
1584 1273 1717 1299 terram
1736 1266 1882 1300 veniens
1902 1279 1978 1300 eam
1998 1270 2115 1313 perdi-

1538 1317 1632 1351 disti.

1122 1365 1197 1401 265
1223 1366 1283 1400 Ille
1310 1380 1394 1401 vero
1416 1381 1495 1402 cum
1523 1367 1698 1414 profuerit
1715 1368 1766 1408 ei,
1791 1380 1864 1401 non
1884 1373 2114 1417 consequitur

1542 1431 1715 1464 praemla.

1171 1468 1309 1502 Deinde
1328 1471 1439 1504 multa
1455 1471 1546 1504 facio
1564 1483 1649 1515 eg0‚
1674 1470 1808 1503 amicos
1824 1482 1922 1504 meos

1170 1520 1356 1556 Beneficiis
1373 1522 1529 1557 afficiens
1545 1528 1726 1562 mortuos,
1743 1521 1805 1555 ubi
1821 1522 1943 1557 amicis
1960 1524 2111 1558 maxime

1535 1586 1623 1618 opus
1639 1579 1700 1606 est.

1172 1622 1205 1655 O
1224 1623 1346 1656 dextra
1365 1636 1512 1665 manus,
1536 1636 1643 1671 quam
1663 1623 1762 1668 cupis
1777 1636 1916 1658 sumere
1933 1623 2085 1665 hastam,

1169 1673 1235 1707 Sed
1253 1687 1317 1718 per
1332 1675 1612 1709 imbecillitatem
1623 1675 1772 1709 amisisti
1783 1678 2090 1720 opportunitatem
2104 1692 2110 1713 ;

1118 1725 1193 1759 270
1223 1725 1370 1772 Alioqui
1394 1734 1427 1760 te
1453 1727 1769 1773 compescuissem,
1801 1727 1862 1773 qui
1886 1741 1942 1761 me
1968 1741 2109 1763 servum

1531 1779 1702 1824 appellas,

1167 1827 1213 1860 Et
1232 1826 1375 1863 Thebas
1393 1827 1456 1863 has
1473 1830 1627 1873 gloriose
1643 1829 1894 1869 incoleremus,

1166 1877 1205 1911 In
1229 1880 1357 1924 quibus
1381 1886 1420 1914 tu
1444 1881 1609 1920 laetari53
1641 1893 1759 1927 neque
1783 1880 1877 1913 enim
1901 1889 1994 1915 recte
2018 1883 2109 1927 sapit

1531 1933 1656 1966 civitas

1147 2056 1195 2086 26)
1214 2058 1256 2080 An
1275 2063 1330 2080 non
1350 2068 1382 2073 —
1401 2056 1571 2086 tyrannidis,
1592 2056 1649 2088 (vs.
1669 2055 1861 2086 235—251.)]
1881 2057 1922 2080 sic
1943 2058 1990 2081 Ed.
2014 2059 2105 2087 1562.;

1184 2091 1231 2114 Ed.
1251 2091 1345 2115 ¹553:

1217 2127 1286 2153 „An
1306 2132 1359 2149 non
1380 2125 1553 2148 occasionem
1572 2124 1679 2147 dicendi
1700 2125 1875 2152 praestantes

1217 2160 1400 2190 „Mol-talium
1425 2160 1545 2187 habent,
1572 2159 1625 2216 θῑῖὶ
1652 2158 1748 2181 tardus
1767 2158 1828 2187 quis
1848 2159 1932 2182 fuerit
1957 2161 1990 2183 ad
2010 2162 2103 2186 dicen-

1528 2191 1605 2215 dum*

1218 2228 1284 2256 Lza'c.
1303 2228 1342 2251 Tu
1361 2227 1467 2258 quidem
1486 2226 1568 2250 dicito
1587 2226 1615 2249 in
1635 2232 1703 2253 nnS,
1722 2226 1819 2256 quibus
1838 2229 1960 2252 abundas
1980 2230 2082 2256 dietis.-

1216 2264 1276 2290 Ego
1295 2268 1362 2286 vero
1382 2262 1480 2285 faciam
1499 2261 1545 2284 tibi
1566 2266 1614 2289 pro
1634 2260 1716 2282 dictis
1735 2261 1813 2284 male.

1215 2299 1285 2325 Age,
1303 2297 1351 2320 alii
1372 2296 1479 2325 quidem
1500 2295 1534 2318 ad
1552 2294 1723 2323 Heliconem,
1741 2294 1789 2318 alii
1806 2294 1940 2319 Parnassi
1958 2298 1994 2321 ad
2012 2300 2100 2324 valles

1214 2331 1385 2354 Abscindant
1405 2330 1466 2353 iube
1484 2329 1599 2359 profecti
1618 2329 1778 2358 sylvestres
1796 2335 1914 2359 quercus

1215 2367 1355 2393 Truncos;
1374 2366 1517 2394 postquam
1537 2368 1604 2386 vero
1623 2363 1807 2392 attraxerint,
1826 2364 1860 2386 ad
1880 2366 1974 2390 urbem

1214 2402 1297 2423 Aram
1316 2399 1575 2427 circunistriieutes,
1594 2397 1722 2427 utrinque
1741 2399 1903 2423 constructa
1919 2400 1997 2431 ligna

1213 2434 1378 2462 Accendite,
1396 2433 1573 2462 ipsorumque
1591 2433 1742 2455 comburite
1760 2437 1878 2461 corpora

1212 2468 1354 2497 Omnium,
1372 2469 1401 2490 nt
1419 2467 1524 2494 sciant,
1544 2466 1615 2496 quod
1634 2472 1689 2489 non
1707 2467 1832 2489 mortuus

1211 2503 1329 2531 Imperet
1347 2503 1442 2525 terrae
1458 2501 1536 2528 hnic:
1555 2500 1605 2524 sed
1623 2506 1676 2530 ego
1694 2506 1766 2524 nunc
1783 2500 1810 2523 in
1830 2504 1998 2531 praesentia.

1080 2549 1082 2565 ¹.
1213 2537 1272 2560 Vos
1291 2542 1359 2559 vero
1377 2542 1472 2567 senes,
1492 2540 1569 2558 meae
1591 2534 1724 2558 contrarii

1080 2574 1083 2587 ³
1212 2572 1371 2595 Sententiae
1390 2571 1558 2597 existenteS,
1577 2575 1630 2592 non
1649 2570 1737 2593 solum
1755 2569 1857 2599 lugetis

1079 2600 1082 2641 l
1209 2606 1381 2629 Herculanos
1401 2605 1490 2634 filios,
1509 2609 1606 2627 verum
1624 2605 1652 2627 et
1669 2604 1775 2630 domos.

1209 2640 1399 2664 calamitatem
1416 2640 1461 2663 nbi
1478 2638 1636 2668 acceperint
1654 2638 1790 2668 aliquantu
1812 2639 1988 2664 memineritis
2011 2649 2086 2673 vero,

1211 2675 1292 2697 servi
1311 2675 1381 2704 quod
1400 2674 1464 2697 sitis
1484 2678 1561 2696 meae
1579 2672 1746 2702 tyrannidis.

1498 2704 1578 2740 68*

1091 1586 1095 1647 ἔ

1090 1683 1095 1735 ἱ

1087 1769 1094 1995 3

1083 2305 1087 2381 ξ

1080 2385 1085 2490 3
