2373 2980
231 97 304 132 319

272 186 391 226 Aqam.
422 181 612 226 Quomodo
639 177 769 221 igitur?
805 178 900 222 Quid
927 179 1057 213 facies?
1091 186 1210 214 utrum

636 228 793 271 gladium
813 241 921 262 mauu

271 283 455 326 Accipiens
474 293 560 313 auus
578 279 693 311 virum
714 280 907 313 barbarum
927 280 1140 314 interficies?

272 336 342 367 Aut
359 331 519 369 xenonis,
549 336 607 362 aut
626 342 691 373 ope
711 330 894 374 quanam?

271 386 370 428 Quae
388 382 449 414 tibi
469 381 581 414 aderit
598 393 724 414 manus
735 380 749 413 ἰ’
781 383 875 414 unde
891 379 1037 415 habebis
1054 382 1209 416 amicos?

219 435 292 468 880
318 436 398 467 llec.
427 433 536 465 'secta
558 432 736 464 occultant
760 429 846 465 liaec
865 432 1107 466 Troianarum
1134 446 1209 466 mu-

629 482 755 515 lierum
774 484 928 516 turbam.

267 538 388 579 Aqam.
416 533 583 577 Captivas
602 533 707 571 dicis,
736 533 956 567 Graecorum
974 533 1170 577 praedam?

267 588 345 620 Hec.
393 585 480 619 Cum
514 584 582 617 illis
616 581 709 617 hunc
747 597 865 617 meum
902 583 1116 617 homicidam
1158 584 1210 617 ul-

629 634 749 667 ciscar.

267 690 388 732 Aqum.
419 686 465 719 Et
499 686 680 731 quomodo
713 683 919 718 mulieribus
947 684 985 717 in
1014 684 1110 719 viros
1143 685 1209 718 erit

625 734 760 768 robur?

266 791 346 823 Hec.
373 787 435 822 Est
457 787 627 833 quiddam
652 792 778 830 potens
803 785 1016 826 multitudo,
1051 799 1130 820 cum
1156 787 1208 819 in-

630 837 798 882 sidiisque
817 837 1067 881 insuperabile.

217 890 291 925 885
319 892 437 934 Aqam.
466 889 617 922 Saevum
637 889 794 932 quidem,
817 889 876 921 sed
893 900 976 921 sanc
993 888 1205 921 femininum

630 937 854 982 reprehendo
878 951 1000 981 genus.

266 994 346 1026 Hec.
375 989 470 1035 Quid
494 988 601 1022 vero?
639 989 695 1021 An
722 1001 796 1021 non
828 989 993 1022 mulieres
1025 989 1207 1022 intersece-

626 1045 710 1072 runt
724 1039 878 1083 Aegypti
896 1039 986 1073 filios
997 1039 1013 1072 ?

264 1092 309 1124 Et
324 1091 499 1124 Lemnum
516 1090 674 1123 funditus
692 1090 778 1123 viris
794 1089 1016 1123 vacuarunt?

265 1143 332 1176 Sed
358 1149 397 1175 ut
420 1141 497 1175 fieri
523 1147 706 1185 oporteat,
740 1138 832 1173 hanc
855 1139 944 1173 mihi
966 1141 1126 1187 relinque
1151 1153 1207 1174 ra-

627 1192 760 1224 tionem
772 1218 781 1231 ,

266 1244 367 1276 Mitte
385 1255 469 1276 vero
488 1241 577 1275 mihi
593 1240 685 1275 hanc
702 1248 778 1275 tuto
802 1254 865 1286 per
888 1242 1079 1275 exercitum

214 1295 289 1330 890
316 1294 517 1328 Mulierem.
567 1293 613 1326 Et
630 1300 668 1326 tu
685 1291 842 1326 Thracio
859 1294 1027 1327 accedens
1048 1292 1182 1338 hospiti

264 1345 346 1378 Die:
374 1345 489 1378 Vocat
506 1351 538 1378 te
556 1345 676 1388 regina
697 1344 782 1377 olim
799 1356 883 1377 sane
901 1343 974 1384 Ilii,

264 1397 407 1430 Hecuba
422 1423 432 1436 ‚
470 1395 547 1440 (tua
578 1408 662 1429 vero
698 1407 772 1428 non
805 1395 924 1429 minus
961 1407 1068 1441 quam
1096 1395 1206 1440 ipsius

628 1447 750 1491 causa)

263 1497 309 1531 Et
331 1498 440 1538 filios,
482 1497 653 1542 quoniam
686 1502 829 1540 oportet
849 1502 883 1529 et
907 1496 998 1530 filios
1021 1497 1110 1530 scire
1135 1508 1206 1530 ser-

627 1560 751 1581 mones

265 1599 338 1632 Hos
356 1611 398 1632 ex
416 1599 488 1632 illa.
539 1598 675 1631 Recens
695 1610 779 1631 vero
796 1598 1001 1630 interfectae

213 1648 288 1684 895
314 1650 517 1694 Polyxenae
536 1649 639 1682 differ
655 1650 905 1693 Agamemnon
921 1648 1154 1692 sepulturam,

263 1701 313 1734 Ut
330 1700 386 1734 isti
404 1701 474 1733 duo
492 1701 601 1733 frater
621 1706 655 1733 et
669 1712 772 1734 soror
788 1712 900 1744 prope
916 1712 986 1733 una
1003 1699 1146 1732 flamma

263 1752 407 1796 Duplici
425 1764 509 1784 cura
532 1751 655 1784 matris
675 1751 895 1784 occultentur
912 1757 1019 1784 terra.

261 1807 383 1847 Ayam.
410 1802 527 1836 Erunt
541 1800 629 1835 haec
645 1802 710 1839 sic;
739 1802 869 1834 etenim
887 1801 915 1835 si
934 1807 1023 1835 esset
1039 1799 1206 1833 exercitui

263 1854 473 1898 Navigati0‚
514 1865 587 1886 non
611 1853 804 1897 potuissem
829 1851 921 1885 hanc
945 1852 1009 1885 tibi
1035 1852 1205 1896 praebere

627 1910 790 1947 gratiam.

213 1955 288 1991 900
314 1956 417 1990 Nunc
436 1966 541 1993 vero,
569 1966 643 1987 non
661 1954 756 1987 enim
774 1954 882 1987 mittit
906 1953 1079 1988 secundos
1102 1952 1206 1984 flatus
1231 1958 1233 1969 ⁴

623 2004 739 2044 Deus,

264 2057 412 2089 Manere
431 2068 571 2089 necesse
598 2062 667 2095 est,
694 2053 959 2097 navigationem
980 2060 1205 2098 expectantes

631 2106 874 2151 tranquillam.

263 2158 367 2190 Fient
383 2164 499 2191 autem
516 2157 676 2190 feliciter.
729 2155 906 2189 Omnibus
923 2155 1018 2187 enim
1035 2161 1086 2187 est
1110 2167 1205 2187 com-

629 2219 737 2241 mune
753 2205 839 2245 hoc,

263 2257 309 2291 Et
326 2259 550 2302 peculiariter
566 2258 757 2303 unicuique
782 2264 815 2290 et
834 2256 935 2296 urbi,
968 2255 1101 2289 malum
1129 2255 1207 2302 qui-

626 2310 706 2342 dem

265 2359 401 2392 Malum
439 2359 572 2404 aliquid
612 2360 705 2404 pati,

626 2422 742 2454 agere.

587 2490 750 2539 [Siroplze
776 2494 793 2526 1
800 2490 829 2540 .]

213 2560 288 2596 905
317 2562 414 2596 Chor.
442 2560 499 2594 Tu
517 2560 659 2605 quidem
672 2586 681 2599 ‚
709 2572 729 2592 o
748 2561 862 2604 patria
882 2560 992 2593 Troia
1006 2586 1014 2599 ,

261 2612 314 2646 Ex
340 2612 486 2646 urbibus
510 2611 842 2668 inexpugnabilibus
865 2623 939 2644 non
974 2609 1127 2654 amplius
1156 2608 1208 2642 di—

622 2673 729 2702 ceris,

758 2360 893 2391 bonum
935 2370 1018 2390 vero
1058 2357 1205 2390 feliciter

804 94 925 127 Pau..
959 94 1069 130 MEL,
1103 93 1305 129 SCRIPTA
1337 94 1672 129 PHILOLOGICA.

2183 96 2259 134 320

1317 179 1416 213 Talis
1432 180 1649 213 Graecorum
1669 179 1795 212 nebula
1817 180 2066 214 circumfundit
2082 187 2114 214 te
2125 181 2194 227 ῃ),

1316 230 1424 263 Hasta
1443 243 1526 264 sane
1543 229 1642 263 hasta
1661 230 1834 264 excidens.

1265 282 1340 317 910
1369 282 1549 314 Coronam
1567 293 1651 313 vero
1667 281 1791 314 abrasa
1813 293 1848 315 es

1317 332 1486 364 Turrium
1499 358 1508 371 ‚
1537 332 1666 364 circum
1685 344 1769 364 vero
1785 332 1965 375 fuliginosi

1313 382 1419 415 Fumi
1440 383 1575 415 macula
1597 382 1795 415 miserrima
1813 383 1995 427 denigrata
2016 396 2063 419 es.

1316 433 1464 466 Misera:
1494 445 1567 466 non
1585 433 1735 477 amplius
1754 433 1790 465 in
1807 440 1838 467 te
1857 434 2030 467 incedam.

1596 516 1837 565 [Antistrophe
1866 520 1883 552 1
1890 517 1919 566 .]

1315 583 1434 616 Media
1450 590 1554 617 nocte
1573 584 1684 628 perii,

1263 632 1337 668 915
1362 635 1518 678 Quando
1537 647 1556 667 a
1574 647 1684 668 coena
1702 648 1847 669 somnus
1861 634 2033 681 suavis‘ffi)

1312 684 1353 718 In
1370 686 1491 719 oculos
1510 686 1701 730 spargitur.

1311 737 1345 770 A
1361 743 1466 770 cantu
1483 749 1568 769 vero
1585 744 1619 770 et
1634 737 1743 770 sacris

1313 786 1495 821 Conviviis
1514 788 1678 821 desinens

1312 838 1465 872 Maritus
1481 839 1518 871 in
1535 836 1702 871 thalamis
1718 838 1866 878 iacebat,

1262 887 1336 924 920
1365 889 1517 933 (Hastile
1533 902 1617 922 vero
1635 889 1672 921 in
1690 890 1789 922 clavo
1807 890 1890 936 suo)

1312 940 1511 973 Nautarum
1528 953 1603 973 non
1620 940 1772 984 amplius
1790 940 1914 973 videns
1929 940 2195 974 multitudinem

1313 991 1383 1024 Per
1399 991 1547 1024 Troiam
1563 990 1706 1024 Iliacam
1723 991 1957 1025 incedentem.

1631 1072 1794 1122 [Strophe
1820 1072 1876 1121 2.]

1310 1140 1386 1184 Ego
1407 1153 1492 1174 vero
1509 1153 1647 1174 comam
1665 1142 1821 1185 religatis

1313 1192 1430 1225 Mitris
1449 1192 1708 1236 componebam

1261 1240 1335 1276 925
1362 1243 1565 1277 Aureorum
1581 1243 1809 1287 speculorum

1310 1294 1518 1338 Adspiciens
1536 1295 1710 1328 rotundos
1729 1293 1869 1333 radios,

1310 1344 1464 1378 Adstans
1482 1346 1524 1377 ad
1540 1345 1666 1378 lectum
1678 1371 1687 1384 ‚
1713 1351 1753 1377 ut
1770 1356 1910 1377 ruerem
1927 1343 1966 1376 in
1985 1349 2117 1378 torum.

1311 1396 1381 1428 Per
1399 1408 1482 1428 vero
1503 1396 1674 1429 tumultus
1690 1395 1852 1428 transivit
1870 1395 2015 1434 urbem,

1311 1446 1529 1479 Vociferatio
1546 1459 1630 1478 vero
1647 1452 1726 1479 erat
1737 1458 1800 1489 per
1818 1446 1943 1478 urbem
1959 1443 2158 1478 Troianam

1260 1497 1334 1531 930
1360 1497 1472 1530 Haec:
1500 1496 1533 1530 O
1548 1497 1611 1530 filii
1629 1496 1848 1530 Graecorum
1861 1521 1871 1536 ,
1899 1496 2043 1541 quando
2059 1506 2165 1536 sane,

1311 1548 1467 1592 Quando
1482 1546 1625 1580 Iliacam
1644 1547 1824 1591 speculam

1308 1599 1519 1632 Excidentes
1529 1599 1601 1644 ¹¹²³)
1620 1598 1715 1631 ibitis
1735 1599 1770 1630 in
1790 1596 1969 1641 patriam?

1599 1680 1838 1730 [Anti-§trophet
1863 1680 1921 1729 2.]

1310 1749 1456 1783 Lectum
1476 1747 1622 1784 charum
1643 1763 1713 1784 una
1732 1756 1826 1784 veste
1844 1751 1967 1784 induta

1309 1801 1550 1846 Relinquens‚
1577 1801 1709 1834 Dorica
1727 1807 1766 1834 ut
1782 1801 1898 1845 puella
1910 1827 1920 1841 ‚

1260 1851 1335 1886 935
1362 1852 1614 1884 Venerandam
1631 1852 1799 1885 accedens

1310 1900 1409 1937 Nihil
1427 1903 1524 1936 effeci
1541 1902 1695 1935 Dianam
1712 1902 1861 1934 infelixs

1310 1954 1479 1987 Abducor
1498 1966 1581 1986 vero
1598 1960 1780 1986 mortuum
1798 1952 1921 1986 videns
1939 1952 2109 1985 maritum

1311 2004 1432 2038 Meum
1450 2005 1629 2037 marinum
1648 2016 1711 2048 per
1727 2004 1871 2047 pelagus
1882 2030 1891 2043 ‚

1311 2056 1516 2100 Urbemque
1536 2056 1743 2099 adspectans
1759 2067 1777 2087 a
1794 2055 1919 2097 longe,
1947 2060 2137 2098 postquam

1230 2100 1233 2136 l
1259 2108 1335 2142 940
1363 2106 1584 2139 Redeuntem
1601 2106 1700 2139 navis
1718 2105 1831 2137 movit
1847 2106 1993 2149 pedem,

1310 2157 1357 2190 Et
1372 2169 1427 2189 me
1446 2168 1465 2188 a
1483 2162 1600 2189 terrae
1617 2156 1763 2190 abduxit
1780 2156 1907 2189 finibus
1922 2153 2060 2189 Iliacae.

1312 2207 1442 2241 Misera
1455 2233 1464 2247 ‚
1492 2208 1653 2240 exanima
1672 2207 1810 2240 concidi
1825 2218 1910 2250 prae
1930 2205 2054 2238 dolore
2069 2231 2080 2245 ,

1295 2365 1403 2405 41).12}x
1420 2365 1532 2404 urbibus
1551 2376 1586 2402 7—
1603 2362 1797 2387 circumfundit
1815 2361 1864 2394 te,]
1893 2362 1921 2386 hi
1943 2361 1960 2386 2
1979 2368 2022 2386 vs.
2046 2361 2074 2386 in
2099 2362 2148 2386 Ed.
2167 2363 2247 2387 Bai-u.

1330 2399 1909 2462 dnsiun2ct1{21nltlri'jnibllrlcstsiggisshgnammms

1413 2468 1431 2492 3
1466 2468 1525 2492 Nou
1543 2466 1660 2496 amptius
1679 2466 1788 2490 diceris.
1808 2467 1873 2489 talis
1893 2467 1983 2490 Grae-

1412 2504 1429 2526 4
1464 2508 1557 2526 corum
1576 2501 1674 2524 nebula
1692 2503 1719 2524 te
1737 2501 1944 2533 circumfundit,

1295 2552 1344 2585 42)
1363 2553 1476 2583 suavis]
1500 2552 1527 2576 iu
1554 2552 1601 2576 Ed.
1627 2553 1709 2575 Bai-n.
1733 2552 1799 2576 haec
1823 2557 1877 2575 vox
1904 2551 1933 2575 in
1957 2552 2116 2584 sequentem
2143 2556 2251 2575 versum

1329 2587 1501 2617 transposita
1518 2589 1571 2612 est.

1293 2637 1365 2669 42³)
1386 2637 1563 2666 Excidentes]
1596 2637 1637 2661 sic
1661 2637 1713 2668 (=
1737 2637 1830 2666 Eut-ip.
1856 2633 2020 2668 πέρσαντες)
2045 2634 2130 2661 Editt.
2154 2635 2250 2666 Bam„

1329 2674 1450 2703 musgr.;
1467 2672 1515 2696 Ed.
1531 2672 1604 2696 1562.
1623 2671 1815 2696 Exciudentes.
