2373 2980
158 102 231 139 193

154 187 369 232 compellare
387 185 581 217 videretur.
629 184 756 217 Postea
775 189 947 228 tanquam
966 181 1148 225 placatum

154 240 226 273 iarn
255 237 419 271 laudibus
446 235 633 269 Musarum
664 241 698 268 et
721 235 836 279 ipsum
874 233 1038 271 invocat,
1069 243 1149 275 pre-

154 297 347 333 caturque,
371 293 411 320 ut
435 287 602 331 respiciat
625 298 681 320 res
699 284 897 324 humanas,
921 290 954 317 et
972 285 1032 316 det
1049 294 1149 315 men-

153 348 224 375 tem
241 339 426 372 meliorem
442 338 556 372 fratri.
609 337 655 370 Et
678 337 856 370 familiare
882 342 933 369 est
956 334 1070 379 poetis
1096 334 1149 365 in-

153 390 335 425 vocationi
375 390 577 423 encomium
620 389 793 429 adiicere,
840 386 1147 434 quemadmodum

151 442 323 486 Virgilius
331 441 381 488 3);

192 501 301 539 Tuque
322 501 397 529 adeo
421 509 509 538 quem
531 508 600 526 mox
622 507 697 536 quae
720 499 757 526 sit
779 498 914 526 habitura
936 498 1077 525 Deorum.

149 552 276 586 BIusae
309 564 328 584 a
361 551 500 585 Graeco
531 550 641 582 verbo
658 549 689 594 ’1)
724 551 867 583 ΒΙῶσαι
903 548 1017 581 dictae
1051 553 1146 587 sunt,

151 604 249 650 quod
275 603 421 647 proprie
448 601 629 647 inquirere
653 607 723 640 est,
751 598 894 633 dicbten
907 599 950 645 5).
1004 598 1145 631 Deinde

150 667 216 700 per
251 653 554 698 prosopopoeiam
586 652 699 684 Deam
737 652 919 696 quandam
959 650 1146 694 significat.

148 706 237 750 θεν]
262 706 357 739 Nota
381 711 433 737 cst
459 703 712 736 adverbiorum
723 702 754 749 ⁶)
781 703 824 735 de
847 702 940 735 loco.

255 778 287 798 v.
312 767 348 800 2.
402 761 530 810 Ai'⁷)]
560 762 746 807 Expletiva
780 763 852 804 est.}
901 757 1144 807 ὑμνείουσαι]

149 815 188 850 Id
223 823 295 856 est,
333 816 574 854 celebrantes,
608 820 661 847 est
692 813 828 846 activae
861 811 1144 855 significationis,

149 880 371 914 quamquam
411 866 524 912 aliqui
564 865 776 899 neutraliter
813 869 1012 907 exponant:
1053 875 1144 908 quae

149 920 232 954 estis
265 920 418 952 celebres
441 924 502 951 aut
535 917 702 962 inclytae.
763 915 893 950 Graeci
921 927 1006 948 vero
1031 914 1144 947 active

149 977 345 1016 exponunt.
400 969 522 1003 Utitur
547 969 723 1002 Hesiodus
750 974 784 1000 et
805 967 891 1000 alibi
914 966 951 999 in
977 964 1144 1010 Theogo-

148 1022 272 1069 nias),
300 1028 334 1055 et
359 1022 537 1054 Homerus
565 1021 602 1053 in
629 1019 833 1065 Hymnisss‘).

251 1094 285 1115 v.
309 1082 344 1116 3.
389 1080 499 1117 “va
524 1078 587 1115 διὰ
609 1078 742 1126 βροτοὶ
767 1077 852 1126 etc.]
876 1077 1050 1122 Repititio
1081 1083 1143 1115 est,

149 1140 316 1167 constans
335 1132 586 1166 distributione
603 1131 792 1164 rhetorica.
830 1130 1029 1164 Enumerat
1046 1128 1141 1161 enim

148 1185 226 1230 pias
250 1186 424 1230 quasdam
453 1184 646 1217 sententias
671 1185 713 1216 de
736 1182 835 1221 Deo,
869 1193 960 1226 quae
985 1186 1143 1224 praeter-

149 1248 257 1282 quam
283 1236 379 1280 quod
398 1242 525 1267 natura
552 1235 678 1267 insitae
703 1240 786 1266 snut
811 1232 905 1266 sanis
923 1230 1143 1269 hominibus,

149 1293 270 1320 tamen
287 1292 413 1330 poetae
438 1285 663 1318 retinuerunt
689 1282 860 1317 honestos
886 1289 1046 1315 votorum
1071 1294 1143 1315 ser-

148 1350 294 1377 mones,
326 1350 416 1382 quos
446 1336 555 1369 dubio
590 1336 714 1380 procul
745 1348 763 1367 a
790 1334 870 1367 filiis
891 1334 968 1368 Noe·
1003 1339 1037 1365 et
1065 1333 1142 1366 aliis

148 1389 311 1433 patribus
335 1393 568 1431 acceperunt,
600 1387 681 1419 licet
712 1385 922 1429 religionem
957 1391 991 1416 et
1023 1396 1142 1417 mores

147 1452 222 1473 non
248 1440 332 1472 item
359 1438 593 1472 servaverint.
644 1437 688 1471 Et
720 1443 859 1470 constat
882 1435 1077 1469 Hesiodum
1101 1448 1142 1468 ex

145 1491 393 1525 vetustissimis
415 1483 539 1530 fuisse}
567 1501 638 1535 quo
663 1495 826 1533 tempore
846 1488 1007 1520 nondum
1026 1499 1044 1519 a
1064 1485 1143 1531 phi-

145 1540 307 1587 losophis
332 1540 401 1575 hae
420 1548 563 1586 patrum
587 1541 782 1574 sententiae
805 1540 947 1573 fuerant
967 1540 1142 1582 deprava-

147 1601 216 1628 tae.
268 1593 343 1627 Iam
363 1594 449 1639 quid
465 1594 507 1626 de
524 1593 600 1625 Deo
619 1593 734 1637 potuit
751 1592 907 1626 sanctius
926 1590 1014 1630 dici,
1032 1603 1139 1635 quam

148 1647 246 1691 qnod
273 1643 446 1679 hocloco
479 1645 612 1678 dictum
643 1650 695 1677 est
727 1644 770 1676 ab
793 1643 969 1682 Hesiodo,
1002 1642 1141 1675 etiamsi

146 1698 221 1730 vim
257 1697 440 1741 religionis
472 1709 547 1729 non
578 1694 753 1728 noverat?
814 1695 870 1728 Sic
898 1695 992 1727 enim
1017 1700 1050 1726 et
1073 1705 1140 1726 nos

147 1748 185 1782 in
219 1748 443 1791 Cantico¹⁰):
498 1747 674 1792 Deposuit
706 1753 869 1791 potentes
902 1748 944 1779 de
975 1747 1076 1785 sede,
1110 1751 1143 1777 et

216 1886 303 1910 usque
329 1879 364 1902 ad
389 1878 468 1901 huius
492 1877 628 1907 poematis
657 1877 737 1900 finem
765 1877 869 1900 duobus
889 1878 977 1899 minor
997 1880 1041 1900 est
1061 1884 1141 1906 quam

217 1915 245 1938 in
280 1914 336 1936 iilis
362 1914 477 1936 recentt.
505 1912 586 1935 Editt.
612 1912 698 1935 Multo
728 1912 817 1941 magis
845 1917 976 1934 versuum
1009 1917 1139 1934 numerus

218 1948 409 1972 Brunckianae
436 1946 565 1970 editionis
585 1945 689 1978 (Ηθικη
707 1948 821 1976 Hom-615
846 1946 907 1969 sive
926 1945 1050 1969 Gnomici
1068 1945 1140 1969 Poe-

218 1986 263 2006 tae
279 1981 389 2006 Graeci.
425 1981 466 2004 Ad
486 1982 650 2010 optimorum
670 1982 865 2010 exemplarium
886 1980 963 2003 fidem
984 1980 1141 2003 emendavit

216 2018 248 2042 R.
264 2017 310 2041 Fr.
326 2016 373 2040 Pii.
390 2016 506 2039 Brunck.
525 2017 706 2045 Argentorati
727 2017 800 2040 1784.
825 2016 850 2039 8.
865 2015 928 2038 min.
954 2022 978 2045 p.
997 2014 1140 2039 150—177.

216 2049 339 2074 Ησιοδου
358 2057 426 2082 εργα
445 2057 491 2073 και
509 2049 619 2082 ημεραι)
639 2052 673 2074 ab
693 2051 750 2074 inis
770 2052 884 2074 recentt.
907 2050 1017 2078 (Μῆτίς
1044 2049 1071 2072 in
1089 2049 1140 2072 hac

217 2086 288 2110 enim
307 2085 342 2109 55
368 2091 468 2108 versus
495 2085 589 2108 omissi
609 2087 681 2109 sunt.
726 2086 906 2114 Quamobrem
926 2085 976 2107 hoc
996 2089 1092 2113 poema
1112 2084 1139 2106 in

215 2121 300 2144 Editt.
321 2120 423 2143 Goetti.
443 2121 470 2142 et
489 2120 575 2142 Diiim.
593 2119 645 2143 8213
669 2126 786 2147 versus,
816 2120 842 2143 iu
870 2120 952 2143 Editt.
973 2118 1139 2148 antiquiori-

217 2156 265 2179 bus
283 2157 310 2178 et
320 2154 458 2178 Gaisi'ord.
473 2154 534 2185 826,
554 2154 579 2177 in
599 2154 645 2177 1⁴:11.
659 2155 833 2178 Brunckiaua
852 2160 919 2178 vero
939 2154 990 2178 773
1009 2153 1138 2176 continet.

180 2197 211 2228 3)
231 2198 311 2228 Virg.
332 2198 433 2227 Georg.
452 2197 474 2226 Ι,
493 2197 536 2222 24.

180 2240 211 2272 4)
232 2242 330 2269 verbo]
351 2240 378 2264 in
396 2240 480 2264 Editt.
502 2240 594 2269 1623„
616 2240 691 2264 1662.
712 2240 798 2265 deest.

181 2284 210 2315 5)
231 2283 354 2311 Mosvcm,
382 2283 481 2306 Dorice
499 2282 594 2306 Μῶστε
616 2288 632 2306 a
655 2284 738 2307 verbo
757 2281 838 2315 μύω,
857 2283 980 2313 inquiro,
1002 2283 1138 2313 excogito,

216 2319 360 2342 derivatur
380 2318 462 2341 etiam
481 2324 497 2341 a
513 2318 656 2341 Passovio.

181 2362 213 2389 6)
231 2361 441 2389 adverbiorum]
461 2361 511 2385 Ed.
531 2360 606 2384 1557.
626 2366 723 2383 errore
741 2362 870 2390 typogr.:
890 2360 1059 2384 adverbium.

180 2403 212 2436 7)
233 2400 297 2435 Δί’]
325 2404 365 2427 sic
389 2404 415 2427 in
436 2405 511 2427 textu
536 2403 650 2427 Hesiodi
674 2404 794 2434 Iegitur;
819 2404 902 2428 Editt.
931 2404 1025 2431 1532,
1053 2404 1138 2427 1541..

212 2438 409 2496 ,zifiz'Z-nttfflss.
434 2439 462 2462 in
489 2439 538 2462 hoc
563 2439 759 2462 commentario
786 2438 923 2469 integram
948 2439 1063 2462 sormam
1083 2439 1138 2462 Δία

183 2514 405 2554 8)‹Tlieogonia]
431 2515 514 2540 Editt.
542 2515 633 2543 1:232,
663 2516 737 2540 1541.
763 2517 928 2547 Tineogenia.
949 2530 982 2534 --
1015 2517 1138 2540 Verbum

217 2555 310 2581 υμνεω
329 2550 466 2573 invenitur
486 2551 512 2573 iu
532 2551 582 2574 hoc
602 2552 727 2580 poemate
746 2559 772 2574 v.
790 2552 829 2575 11.
847 2551 890 2575 ³3.

181 2592 214 2620 9)
233 2591 305 2615 llIud
328 2593 458 2623 vei-hum,
486 2593 556 2622 quod
583 2593 608 2616 iu
637 2594 715 2618 Hom.
735 2595 767 2619 II.
787 2596 814 2618 et
838 2595 888 2620 od.
907 2601 962 2618 non
988 2594 1138 2624 reperitur.

217 2626 245 2649 in
270 2626 345 2649 hisee
372 2628 542 2656 uymnorum
567 2628 638 2651 locis
663 2629 780 2658 legitur:
806 2629 839 2656 n,
861 2630 899 2654 19.
922 2629 979 2653 ¹58.
1001 2629 1059 2655 178.
1081 2629 1139 2651 190.

215 2660 278 2685 2⁰7.
297 2660 342 2690 III,
359 2662 381 2685 1.
400 2661 472 2692 VIII,
486 2663 508 2686 1.
526 2662 600 2692 XIII,
614 2663 639 2686 2.
659 2663 812 2691 xvm,27.
832 2664 939 2695 xxvi,
951 2664 990 2688 19.
1011 2663 1138 2691 XXX,1.

184 2704 230 2732 10)
249 2704 280 2727 In
299 2703 412 2728 Cantico
431 2704 551 2736 Mariae,
570 2706 635 2729 Lite.
655 2706 676 2735 Ι,
693 2707 737 2732 52.

147 2746 331 2777 MELANTH.
350 2745 455 2776 omn.
487 2747 572 2778 Vox..
591 2748 713 2778 xvm.

422 98 494 132 LII.
530 100 564 132 3.
592 95 876 132 ENARRATIO
904 95 1113 129 OPERUM
1139 94 1203 127 ET
1232 93 1422 127 DIERUM
1452 91 1657 126 HESIODI.
1695 104 1743 125 vs.
1765 93 1782 125 1
1799 115 1837 119 —
1856 94 1913 126 11.

2126 92 2198 127 194

1629 178 1675 211 iit
1697 179 1859 222 Aesopus
1891 190 1969 211 cnm
1996 185 2198 223 rogaretur,

1205 231 1291 276 qnid
1323 237 1442 273 ageret
1466 230 1579 264 Deus:
1628 230 1822 270 sublimes,
1855 229 1993 275 inquit,
2028 231 2197 270 detrudit,

1204 289 1238 314 et
1266 279 1419 314 humiles
1453 282 1578 315 elevat.
1652 282 1769 326 Atque
1801 279 1869 314 hoc
1891 281 1970 314 Deo
2007 281 2197 326 proprium

1203 338 1274 369 est;
1314 343 1430 376 neque
1465 333 1558 364 enim
1593 338 1709 375 potest
1742 333 1817 376 pati
1849 333 2022 377 superbos
2053 332 2198 380 φαντά-

1204 382 1338 426 ζεσθαι
1364 389 1397 415 et
1415 383 1535 415 omnia
1556 394 1621 425 pro
1640 383 1786 416 libidine
1808 397 1923 427 agere.

1304 446 1338 467 v.
1364 437 1399 467 4.
1453 431 1570 480 ἕκητι]
1596 434 1806 466 adverbium
1832 436 1874 467 ab
1900 434 1995 470 ἔχων
2022 436 2158 469 volens.

1305 497 1338 517 v.
1365 484 1400 517 3.
1426 484 1460 518 4.
1515 482 1630 530 (parvi
1651 495 1708 518 τε·
1737 483 1838 529 ῥητοί
1858 484 1965 533 τ’11)]
1990 486 2108 532 φατὸς
2132 485 2196 522 καὶ

1201 533 1309 580 ῥητὰς
1327 535 1498 568 differunt
1518 535 1667 579 perinde
1684 541 1723 568 ut
1738 534 1876 569 Latinis
1898 537 2028 582 loquor
2047 545 2081 571 et
2104 540 2196 573 dico.

1200 586 1264 620 Est
1289 586 1382 620 enim
1411 585 1545 633 φατόςε
1573 587 1616 619 de
1643 599 1714 631 quo
1740 599 1868 631 magna
1894 588 1988 620 sama
2014 596 2075 623 est.

1317 651 1350 672 v.
1375 636 1410 672 5.
1466 636 1527 683 ῥέα
1541 636 1607 685 11)]
1625 639 1670 683 ῥα
1687 644 1738 672 est
1762 640 2004 672 scandendum
2021 653 2086 683 pro
2106 643 2195 685 ῥεῖα.

1199 688 1292 722 Nam
1322 689 1441 723 brevis
1474 689 1641 722 absorbet
1672 690 1830 733 longam.
1884 690 1940 723 Sic
1967 691 2056 724 dixit
2078 692 2196 737 Virgi-

1199 740 1267 773 lius
1295 741 1429 773 alvaria
1455 753 1521 784 pro
1548 740 1703 774 alvearia
1715 741 1773 787 ¹3).

1303 805 1336 826 v.
1363 792 1397 826 6.
1453 790 1629 837 ἀρίζηλον
1648 804 1726 825 eum
1746 799 1896 832 vocant,
1921 793 1983 838 qui
1999 794 2127 838 dignus
2145 801 2197 829 est

1200 843 1442 877 aemulatione
1466 850 1572 889 atque
1584 843 1630 889 l4)
1660 844 1874 877 imitatione.

1304 907 1337 929 v.
1365 895 1399 929 7.
1453 892 1608 942 κάρφει]
1644 894 1797 939 Elegans
1832 893 2043 940 metaphora
2079 903 2129 931 est
2158 897 2196 931 in

1199 943 1268 978 hoc
1290 947 1401 980 verbo
1415 974 1423 987 ,
1448 948 1544 992 quod
1563 945 1744 992 ξηραίνει,
1768 947 1803 979 id
1823 954 1892 987 est,
1918 948 2069 981 desiccat
2088 948 2196 992 signi-

1197 998 1298 1038 ficat,
1331 1004 1364 1031 et
1392 995 1556 1045 κάρφος,
1591 999 1743 1031 siccum.
1778 999 1972 1032 arefactum
2004 1006 2038 1033 et
2074 1002 2194 1034 fissum

1198 1048 1356 1092 lignum,
1381 1049 1438 1082 ein
1463 1062 1564 1093 span.
1604 1049 1680 1081 Hac
1705 1062 1790 1082 voce
1814 1057 1919 1094 poeta
1943 1051 2096 1084 subitam
2121 1053 2195 1086 rui-

1199 1112 1282 1132 nam
1307 1100 1420 1133 elatae
1447 1101 1577 1133 mentis
1604 1100 1749 1134 indicat.

1302 1173 1334 1193 v.
1361 1161 1394 1194 8.
1422 1160 1456 1194 9.
1492 1157 1587 1199 Ζεὺς
1602 1158 2196 1210 ὖψιβρε,ιιε’της....κλύθι]Ἀπο-

1199 1209 1397 1257 στροφὴῙὸ)
1431 1218 1481 1245 est
1517 1213 1560 1244 ad
1592 1211 1732 1252 Iovem,
1768 1224 1836 1257 qua
1869 1220 2054 1257 precatur,
2086 1222 2126 1249 ut
2157 1229 2194 1249 se

1198 1262 1295 1295 iux-et
1313 1262 1349 1295 in
1367 1262 1530 1309 Persem)
1550 1265 1725 1296 docendo.
1780 1264 1871 1296 Sunt
1888 1265 1982 1297 enim
2003 1266 2094 1299 dnae
2112 1279 2194 1310 pre-

1198 1314 1355 1348 cationes
1380 1315 1417 1347 in
1443 1313 1510 1348 hoc
1539 1315 1708 1355 exordio,
1739 1327 1891 1359 quarum
1916 1316 2017 1360 prior
2041 1318 2086 1350 ad
2113 1318 2194 1352 Mu-

1197 1377 1272 1405 sas,
1310 1366 1489 1409 posterior
1523 1368 1565 1398 ad
1607 1365 1726 1399 Iovem
1761 1366 1921 1400 instituta
1954 1374 2016 1402 est.
2085 1369 2194 1414 θέμι-

1198 1415 1363 1463 στας11)]
1389 1423 1578 1461 praecepta
1606 1424 1689 1451 sunt
1700 1417 1762 1463 ¹⁷³)
1788 1419 1831 1450 de
1857 1419 2029 1453 moribus.

1301 1489 1335 1510 v.
1361 1477 1419 1510 10.
1456 1474 1553 1524 Ἐγώ
1564 1474 1656 1511 δέκε
1666 1475 1795 1522 Πέρσῃ
1808 1475 1874 1524 13)]
1895 1478 2102 1523 Propositio
2123 1487 2193 1514 est:

1196 1526 1273 1570 Ego
1309 1527 1440 1562 Persae
1471 1528 1653 1561 consulam
1688 1528 1836 1572 optima.
1907 1527 2084 1578 Tv'myffifl
2118 1530 2193 1565 Iam

1197 1575 1290 1624 τύνη
1314 1579 1521 1624 potentialis
1553 1580 1725 1624 particula
1759 1581 1803 1613 ad
1828 1580 2081 1628 μυθησαίμην
2104 1585 2195 1617 refe-

1196 1631 1308 1663 renda
1335 1638 1406 1672 est,
1439 1631 1540 1677 quasi
1567 1631 1679 1664 dicat:
1713 1631 1807 1664 Tum
1833 1644 1915 1665 vera
1943 1633 2065 1667 dixero
2089 1635 2194 1668 fratri

1196 1694 1298 1723 ineo,
1328 1683 1390 1717 ubi
1416 1690 1454 1716 tu
1477 1684 1570 1728 leges
1597 1683 1852 1727 gubernaveris
1876 1682 2030 1728 Iupiter,
2061 1693 2095 1719 et
2129 1689 2192 1721 ad-

1196 1733 1304 1767 sueris
1326 1733 1416 1767 mihi
1434 1734 1689 1779 praescribenti
1707 1742 1894 1779 praecepta
1921 1737 1963 1769 de
1982 1738 2155 1773 moribus.

1190 1782 1396 1833 Ἐ’τήτυλιια]
1430 1799 1496 1830 pro
1532 1785 1649 1830 ἔτυμα
1681 1786 1818 1830 posuit,
1857 1794 1971 1826 certa;
2017 1789 2192 1833 significat

1197 1837 1291 1869 enim
1319 1837 1457 1881 ἔτυμον
1481 1844 1617 1870 certum
1637 1838 1829 1883 quiddam,
1857 1838 1938 1872 inde
1955 1839 2191 1890 ἕτυμολογία,

1196 1900 1287 1932 quae
1312 1889 1434 1928 docet,
1460 1889 1544 1934 quid
1574 1889 1719 1933 quaevis
1747 1902 1815 1922 vox
1842 1897 1938 1923 certo
1966 1891 2150 1936 significet.

1300 1961 1332 1982 v.
1360 1949 1419 1982 11.
1477 1946 1892 1998 (szxc'iyagcoovovi'vl-w]
1909 1951 2092 1988 Narratio.
2122 1955 2191 1989 Or-

1194 1999 1291 2032 ditur
1315 2011 1332 2031 a
1359 2000 1518 2044 generali
1543 2000 1718 2033 sententia
1750 2002 1792 2034 ad
1817 2003 2005 2046 specialem
2033 2017 2097 2050 per
2120 2008 2190 2041 dis-

1205 180 1374 213 exaltavit
1407 178 1569 212 humiles.

1231 2116 1276 2143 11)
1298 2116 1370 2139 Haec
1391 2116 1502 2139 Hesiodi
1524 2117 1607 2138 verina
1628 2116 1687 2139 huic
1707 2118 1878 2140 annotationi
1899 2119 1956 2148 ipse
1976 2122 2100 2150 praefixi.

1230 2158 1276 2184 12)
1299 2159 1374 2181 Hane
1394 2159 1460 2181 fles.
1482 2165 1576 2181 vocem
1596 2159 1654 2181 huic
1675 2160 1776 2183 ‚si-hotto
1801 2160 1860 2190 ipse
1879 2163 2002 2191 praefixi.

1231 2201 1276 2228 33)
1297 2201 1375 2228 Vive,
1396 2203 1498 2230 Georg.
1520 2201 1568 2227 lv,
1587 2201 1629 2224 34.

1230 2244 1275 2270 1-1)
1295 2242 1388 2274 atque]
1411 2243 1450 2266 sic
1471 2250 1564 2266 otiincs
1585 2244 1648 2266 iliae
1668 2244 1762 2268 I-Lditt..
1784 2247 1896 2274 excepta
1911 2247 1964 2277 Ed.
1980 2248 2053 2273 1541.
2074 2249 2121 2278 B„
2142 2251 2188 2276 uhi

1263 2278 1380 2306 legitur:
1400 2280 1435 2300 et.

1230 2317 1485 2351 15)²A71001901J›}]
1508 2321 1546 2343 sic
1567 2321 1649 2343 Editt.
1672 2321 1762 2345 1532..

1262 2356 1445 2385 Apostrophe.

1230 2398 1274 2424 16)
1294 2398 1394 2426 Perse]
1415 2398 1463 2421 Ed.
1487 2398 1560 2421 1532.
1581 2404 1678 2420 errore
1698 2400 1828 2429 lj'pi'igi'.:
1848 2399 1960 2424 Persae,

1229 2441 1274 2467 17)
1295 2440 1442 2473 θέμιστας]
1463 2440 1505 2463 sic
1526 2440 1550 2462 in
1567 2441 1642 2462 textu
1657 2440 1772 2470 iegitur:
1792 2442 1875 2468 Editt.
1897 2444 1983 2475 1532,
2003 2446 2089 2472 1541..
2111 2448 2186 2472 1562,

1262 2476 1289 2499 in
1309 2476 1358 2498 hoc
1377 2481 1472 2498 comm.
1493 2474 1626 2505 θέμισης.

1229 2518 1294 2550 17ῦ)
1314 2520 1393 2546 sunt]
1416 2518 1444 2541 in
1464 2518 1546 2541 Editt.
1569 2518 1630 2540 1601
1646 2518 1760 2543 -1662,
1780 2519 1874 2543 omiss.

1229 2562 1276 2589 18)
1292 2557 1362 2592 Ἐγώ
1383 2558 1414 2582 δέ
1430 2566 1458 2582 κε
1480 2558 1586 2591 Πέρσῃ
1614 2559 1653 2581 sic
1680 2559 1743 2582 i!1ae
1763 2561 1845 2585 Editt.
1867 2568 1960 2586 omncs
1987 2563 2014 2587 in
2041 2566 2130 2593 textu.
2156 2567 2182 2590 in

1261 2596 1311 2619 hoc
1329 2596 1417 2618 autem
1438 2594 1632 2617 commentario
1653 2594 1736 2618 Editt.
1756 2595 1948 2620 1532—1591.
1968 2604 2017 2627 pro
2037 2597 2069 2623 δέ
2084 2607 2112 2623 κε
2131 2601 2183 2624 ha-

1263 2630 1325 2652 hent
1354 2626 1383 2651 δὲ
1409 2626 1470 2655 κιεί;
1502 2628 1585 2650 Editt.
1611 2629 1717 2654 Gaist‘..
1744 2630 1864 2657 Goettz..
1899 2632 1984 2657 Dubii.
2010 2632 2064 2657 ἔνιά
2089 2633 2120 2658 δέ
2143 2642 2171 2659 κε

1261 2663 1354 2694 Πέρση
1374 2661 1512 2694 (Vocat).
2025 2654 2034 2665 ‘
2174 2652 2182 2664 '

1229 2708 1273 2735 19)
1296 2707 1371 2729 nanc
1392 2707 1458 2730 Hes.
1480 2712 1571 2729 rocem
1593 2706 1651 2734 ipso
1668 2707 1812 2737 adscripsi.

1570 2742 1614 2774 13

1790 2323 1863 2345 1541.
1884 2324 1927 2352 B.;
1954 2326 2065 2349 ceterae
2084 2328 2185 2354 Editt.:
