2373 2980
121 113 193 148 701
425 110 547 146 LXIII.

172 199 257 233 Aah.
283 196 344 230 Ille
357 197 495 241 primus
513 205 590 232 erat
606 200 843 235 adversarius.

174 251 258 294 Clyt.
283 248 481 290 periimus,
508 250 593 284 filia.

170 303 254 334 Ach.
281 299 353 344 Qui
369 313 426 334 me
443 302 632 336 accusabat
648 302 855 337 inferiorem
878 304 1013 349 nuptiis
1032 317 1117 340 esse.

174 352 258 395 Clyt.
287 351 421 385 Verum
440 353 527 398 quid
549 354 790 398 respondisti?

123 400 220 436 1355
246 404 330 437 Aah.
358 403 412 437 Ne
437 404 678 438 interficerent
700 419 798 447 eam,
834 419 925 452 quae
951 414 1038 441 esset
1063 408 1116 442 fu-

203 473 211 477 ·
532 462 612 489 tura
627 469 704 490 mea
726 458 892 493 coniunx.

169 505 254 548 Clyt.
283 504 394 551 quue
410 513 505 540 recte
522 507 653 542 dixisti.

165 558 249 589 Ach.
279 556 397 601 Quam
417 556 507 590 mihi
524 566 765 603 nuncupasset
783 567 895 604 pater.

168 609 254 650 Clyt.
282 607 328 640 Et
346 609 498 643 misisset
515 622 557 642 ex
574 610 679 654 Argis
688 611 747 657 5³).

165 659 249 691 Aeh.
277 658 345 692 Sed
361 660 531 694 vincebar
548 662 716 696 clamore.

166 710 253 753 Clyt.
280 709 344 744 Est
359 710 551 746 vehemens
569 714 703 746 malum
724 713 931 747 multitudo.

162 762 247 794 Ach.
273 761 444 797 Attamen
461 763 593 797 iuvabo
613 771 658 798 te.

163 813 248 856 Clyt.
275 814 332 846 An
349 820 387 847 tu
405 828 497 849 unus
513 816 687 860 pugnabis
709 828 786 848 cum
805 814 950 848 multis?

159 866 244 897 Ach.
274 864 394 898 Hosne
413 866 512 900 vides
532 867 731 900 adserentes
749 865 874 899 arma?

163 916 248 958 Clyt.
277 915 393 949 Macte
408 915 476 950 hoc
493 918 628 950 animo.

112 966 210 1000 1360
238 968 322 1001 Ach.
348 967 476 1002 Fruar.
537 970 624 1013 Clyt.
652 967 734 1002 Non
761 968 914 1012 amplius
940 968 1111 1001 mactabi-

523 1026 581 1053 tur
601 1019 697 1052 filia?

156 1070 240 1103 Ach.
269 1069 352 1103 Non
379 1083 435 1103 me
460 1071 614 1104 volente.

157 1174 242 1206 Aeli.
268 1172 440 1211 Plurimi;
468 1174 613 1218 Ulysses
633 1175 738 1207 ducet
757 1186 848 1207 eam.

159 1226 244 1268 Clyt.
269 1223 364 1257 Num
382 1236 545 1269 propago
564 1223 732 1270 Sisyphi?

155 1277 240 1308 Aclz.
268 1273 329 1307 Ille
354 1276 440 1320 ipse.
620 1276 626 1280 ’

158 1328 243 1370 Clyt.
272 1326 494 1361 Privatimne
522 1327 558 1360 id
580 1328 731 1367 faciens,
771 1339 817 1360 an
841 1327 1037 1362 adornatus
1063 1328 1106 1361 ab

521 1378 702 1412 exercitu?

154 1432 236 1464 Ach.
262 1429 339 1473 Ipse
356 1430 508 1474 sumpsit
525 1430 591 1463 sihi
603 1430 648 1475 54)
667 1430 802 1462 volens.

154 1482 239 1524 Clyt.
267 1481 488 1514 Electionem
506 1482 651 1521 malam,
669 1488 708 1514 ut
724 1493 759 1515 se
776 1479 936 1526 caede55)
955 1481 1104 1525 polluat.

103 1530 203 1565 1365
230 1533 315 1566 Ach.
344 1532 413 1565 Sed
433 1545 497 1576 ego
516 1534 644 1566 arcebo
665 1545 759 1566 eum.
811 1533 897 1576 Clyt.
926 1532 983 1565 An
1000 1534 1105 1566 ducet

511 1595 589 1616 eam
608 1590 748 1628 raptam
767 1595 841 1616 non
859 1584 1066 1617 volentem?

150 1635 235 1669 Ach.
262 1634 403 1668 Scilicet
418 1634 510 1667 flava
529 1647 644 1668 coma.

151 1687 238 1730 Clyt.
267 1687 313 1719 At
331 1686 417 1732 quid
437 1698 492 1719 me
511 1692 595 1720 tunc
605 1685 653 1733 56)
671 1692 813 1730 oportet
828 1685 971 1719 facere?

149 1739 234 1772 Aeh.
262 1738 390 1771 Retine
410 1738 532 1772 filiam.

509 1788 750 1823 mactabitur?

147 1842 232 1875 Ach.
260 1841 329 1875 Sed
350 1839 480 1875 adhoc
498 1841 629 1875 veniet.
682 1842 756 1885 Iph.
784 1839 920 1880 Mater,
947 1841 1068 1875 audite

147 1892 228 1925 Mea
248 1894 375 1931 verba3
403 1894 534 1927 frustra
553 1893 648 1926 enim
665 1899 699 1925 te
715 1893 819 1925 video
838 1892 942 1925 irasci

98 1944 198 1978 1370
225 1944 360 1978 Marito
376 1951 458 1984 tuo;
487 1957 610 1990 „quae
629 1944 730 1978 uobis
748 1950 831 1978 suut
847 1943 1097 1988 impossibilia,
1123 1938 1125 1955 ⁵

601 111 1001 151 INTERPRETATIO
1027 117 1267 156 EURIPIDIS
1294 121 1570 159 IPHIGENIAE
1597 124 1645 159 Hx·
1674 126 1865 163 AULIDE.

677 1072 763 1115 Clyt.
792 1071 847 1103 Au
873 1071 1011 1111 veniet,
1049 1071 1110 1117 qui

517 1122 621 1156 nobis
638 1124 794 1166 puellam
814 1122 859 1156 sit
876 1123 1089 1167 erepturus?
1136 1124 1137 1137 ¹

585 1739 671 1783 Clyt.
699 1738 758 1770 An.
770 1744 920 1782 propter
936 1736 1003 1772 hoc
1025 1751 1101 1772 non
1126 1771 1128 1776 Α

2098 133 2172 168 702

1222 208 1336 250 Audi,
1364 216 1499 252 mater,
1528 223 1619 258 quae
1646 211 1736 246 mihi
1761 215 1931 260 cogitanti
1955 216 1991 249 in
2015 224 2171 251 mentem

1591 265 1773 298 venerint:

1176 310 1272 344 1375
1300 310 1451 345 Decrevi
1468 314 1580 353 mori;
1609 313 1677 349 hoc
1694 317 1776 350 volo

1222 362 1387 397 Gloriose
1402 364 1530 404 facere,
1551 367 1719 401 omittens
1736 369 1860 412 procul
1874 369 2171 414 indignationem.

1221 413 1415 447 Considera
1433 416 1634 457 nobiscum,
1656 425 1782 460 mater,
1808 432 1914 466 quam
1932 428 2025 455 recte
2042 423 2170 458 (licam.

1221 464 1316 498 Tota
1333 466 1483 499 Graecia
1503 467 1540 500 in
1555 481 1612 501 me
1627 481 1722 502 nunc
1740 471 1898 505 intuetur
1910 500 1919 512 ,

1220 515 1266 549 Et
1283 516 1319 549 in
1336 530 1392 550 me
1409 518 1573 552 traiectio
1594 521 1739 554 navium
1759 523 1822 555 sita
1845 531 1916 563 est,

1141 570 1143 594 ἱ
1219 566 1265 600 Et
1285 569 1421 602 eversio
1439 567 1638 615 Phrygum.

1141 631 1142 649 π
1172 618 1271 652 1380
1297 619 1335 652 Si
1352 620 1437 665 quid
1456 621 1590 655 faciant
1604 623 1749 656 barbari
1767 625 1925 659 venturis
1943 627 2167 661 mulieribus:

1140 680 1142 716 Ι*
1217 670 1301 705 Non
1318 671 1472 716 amplius
1490 673 1754 717 permitterem,
1782 681 1821 708 ut
1835 677 1981 720 rapiant
2001 690 2042 711 ex
2058 679 2168 712 Grae-

1585 725 1638 758 cia
1663 725 1781 766 selice,

1218 773 1414 819 Postquam
1433 774 1500 808 ulti
1516 783 1598 809 sunt
1613 777 1807 821 perniciem
1830 778 2005 820 Helenae,

1218 824 1337 869 Quam
1352 826 1473 870 rapuit
1487 826 1601 861 Paris.

1217 876 1314 910 Haec
1332 878 1453 910 omnia
1471 885 1588 912 morte
1607 891 1684 912 mea
1703 879 1876 919 liberabo,
1906 887 1939 913 et
1958 894 2035 915 mea
2052 883 2165 927 gloria

1215 928 1296 962 Erit
1314 929 1438 968 beata,
1467 931 1565 975 quod
1588 931 1815 963 liberaverim
1837 932 2037 967 Graeciam.

1136 1010 1138 1014 ,
1168 979 1265 1015 1385
1302 979 1445 1014 Etenim
1482 994 1556 1014 non
1584 982 1687 1015 valde
1717 995 1806 1027 opus
1841 990 1892 1017 est
1921 983 2010 1018 mihi
2043 998 2164 1020 amare

1580 1033 1704 1067 vitam.

1215 1083 1414 1128 „Peperisti
1433 1084 1527 1117 enim
1547 1096 1601 1118 me
1619 1084 1656 1117 in
1673 1097 1863 1118 commune
1878 1087 2043 1121 omnibus
2054 1088 2164 1122 Grae·

1135 1171 1137 1186 .
1573 1135 1642 1176 cis,
1670 1148 1744 1169 uon
1770 1137 1833 1169 tibi
1853 1139 1931 1173 soli.

1134 1187 1137 1221 l
1213 1186 1320 1220 Multi
1339 1186 1407 1219 viri
1423 1187 1553 1220 muniti
1572 1187 1723 1232 clypeis,

1134 1239 1136 1253 ¹
1213 1238 1320 1272 Multi
1353 1238 1460 1271 etiam
1490 1239 1642 1283 remiges
1671 1245 1819 1284 propter
1844 1240 1973 1274 iniuria
1999 1242 2161 1276 affectam

1572 1291 1728 1334 patriani

1132 1355 1134 1380 2
1210 1341 1406 1375 Audebunt
1425 1341 1561 1387 aliquid
1576 1343 1692 1375 facere
1710 1349 1833 1375 contra
1854 1341 1993 1384 hostes,

1132 1386 1134 1399 '
1210 1392 1255 1426 Et
1274 1399 1428 1426 mortem
1450 1400 1619 1438 oppetere
1639 1406 1705 1438 pro
1723 1394 1894 1433 Graeciam

1132 1457 1133 1468 ¹
1162 1443 1261 1479 1390
1288 1444 1364 1489 Ego
1395 1457 1467 1478 una
1504 1457 1649 1489 possum
1682 1444 1769 1478 liaec
1793 1459 1870 1478 mea
1896 1453 2011 1480 morte
2037 1447 2159 1480 omnIa

1573 1496 1760 1541 impedire.

1209 1546 1317 1592 Quod
1353 1547 1485 1580 iustum
1522 1555 1774 1591 argumentum
1809 1561 1998 1593 possumus
2034 1557 2158 1584 contra

1573 1596 1642 1632 hoc
1665 1600 1874 1644 opponere?

1207 1649 1404 1683 Veniamus
1429 1649 1536 1683 etiam
1563 1652 1607 1684 ad
1634 1651 1741 1685 illud:
1784 1652 1867 1686 Non
1894 1659 2037 1697 oportet
2062 1651 2158 1687 hunc

1577 1715 1739 1747 pugnare

1207 1752 1297 1786 Cum
1322 1753 1490 1787 omnibus
1508 1755 1655 1788 Graecis
1680 1761 1830 1800 propter
1854 1755 2061 1796 mulierem,
2095 1768 2156 1790 ne-

1566 1819 1635 1852 que
1659 1807 1766 1840 mori.

1205 1855 1338 1896 „Unus
1357 1857 1412 1890 vir
1429 1857 1573 1902 dignior
1588 1864 1639 1892 est
1662 1871 1769 1904 quam
1795 1857 2006 1891 innumerae
2030 1858 2154 1893 mulie-

1563 1921 1639 1950 res,
1664 1916 1703 1943 ut
1721 1910 1830 1943 vivat.

1154 1956 1252 1992 1395
1294 1959 1330 1992 Si
1366 1966 1487 1994 autem
1524 1960 1642 1994 Diana
1679 1962 1792 1994 voluit
1828 1960 1989 2005 accipere
2033 1974 2151 1995 meum

516 2008 592 2029 non
610 1996 712 2029 facile
737 2002 787 2029 est
807 1996 992 2029 sustinere.

146 2044 255 2080 Istum
281 2044 460 2091 hospitem
498 2059 651 2093 aequum
688 2053 738 2081 est
770 2047 918 2080 laudare
947 2053 1096 2092 propter
1122 2083 1123 2086 Ἰ

506 2105 714 2143 promptum
732 2098 891 2131 animum
911 2098 1075 2137 iuvandi3
1120 2116 1122 2135 ,ν

146 2147 213 2182 Sed
237 2154 270 2182 et
287 2155 319 2182 te
337 2149 425 2182 illud
443 2149 564 2183 videre
582 2156 744 2194 oportet,
772 2162 815 2182 ne
842 2151 934 2194 apud
964 2151 1094 2184 exerci-
1119 2166 1121 2177 ι

505 2208 580 2235 tum
601 2201 793 2241 accuseris,
1118 2209 1121 2251 l

145 2250 191 2284 Et
208 2249 297 2285 nihil
314 2258 434 2285 tamen
450 2253 529 2297 plus
552 2254 764 2291 efficiamus3
790 2249 947 2286 Achilles
972 2259 1090 2286 autem

502 2305 540 2338 in
558 2305 798 2338 calamitatem
817 2305 962 2338 incidat.
1117 2315 1119 2329 ³

124 2437 172 2469 53)
193 2445 225 2462 ex
251 2439 347 2469 Argis]
375 2439 415 2464 sic
444 2441 542 2471 scripsi
573 2442 672 2471 (Editt.
699 2444 817 2467 recent:
853 2441 970 2474 Argis);
1006 2443 1089 2468 Editt.

162 2473 235 2496 1558.
247 2489 254 2501 ,
275 2474 366 2499 1562:
385 2481 419 2498 ex
437 2476 523 2506 Argo.

123 2524 172 2549 54)
192 2524 254 2554 lpse
274 2526 390 2555 sumpsit
409 2526 475 2555 sibi]
496 2527 537 2551 sic
557 2527 743 2553 Editt.1558..
765 2529 856 2558 1562.;
878 2529 962 2552 Editt.
982 2530 1088 2554 recent.

158 2561 201 2587 (=
224 2560 317 2590 Eurip.
337 2559 483 2592 Αἰρεθεὶς)
503 2562 615 2585 Electus
635 2564 673 2587 ad
691 2564 752 2588 hoc.

121 2610 170 2638 55)
189 2611 287 2640 caede]
315 2611 354 2635 sio
380 2614 428 2641 (z
446 2614 514 2638 text.
540 2612 595 2645 gr.)
621 2614 706 2640 Editt.
732 2616 854 2645 recent.;

158 2645 232 2669 1562.
255 2648 396 2676 corrupte:
423 2648 515 2671 corde.

118 2695 166 2727 56)
186 2698 266 2725 tunc]
285 2697 325 2721 sic
346 2696 393 2728 (ε
411 2698 503 2728 Eun-ip.
523 2695 596 2730 τότε)
623 2699 707 2723 Editt.
725 2701 819 2729 1558„
845 2701 944 2731 Bam,
969 2702 1085 2730 Mamm

156 2731 233 2761 Fix.;
259 2732 308 2757 Ed.
326 2732 401 2757 1562.
421 2739 500 2758 nunc.

891 2615 974 2639 Editt.
1000 2615 1086 2645 1558„

1565 2025 1626 2046 cor
1654 2026 1714 2052 us,

1198 2061 1256 2094 An
1276 2074 1360 2105 ego,
1389 2074 1481 2108 quae
1498 2076 1575 2099 sum
1595 2026 1706 2098 hgmo
1720 2091 1729 2104 ,
1758 2063 1926 2097 obsistam
1944 2062 2068 2097 Deae?

1198 2112 1267 2145 Sed
1284 2113 1504 2158 impossibile
1524 2122 1590 2153 est;
1619 2117 1664 2150 do
1683 2128 1801 2149 meum
1820 2127 1949 2159 corpus
1966 2115 2149 2149 Graeciae.

1197 2163 1374 2205 Mactate,
1418 2167 1600 2201 devastate
1624 2167 1792 2204 Troiam;
1835 2166 1923 2200 haec
1948 2167 2042 2200 enim
2069 2178 2148 2199 mea

1559 2225 1795 2253 monumenta

1196 2265 1314 2301 Erunt
1328 2267 1436 2313 longo
1455 2276 1637 2315 tempore,
1671 2277 1705 2303 et
1728 2270 1849 2309 liberi,
1884 2275 1917 2302 et
1940 2268 2088 2313 nuptiae
2114 2275 2148 2302 et

1558 2334 1637 2355 mea
1658 2321 1784 2366 gloria.

1147 2368 1245 2404 1400
1273 2370 1453 2404 Convenit
1476 2371 1633 2407 Graecos
1663 2373 1840 2418 imperare
1869 2371 2058 2412 barbaris,
2093 2378 2146 2405 at-

1518 2448 1522 2450 -
1558 2425 1621 2470 qui
1636 2436 1710 2458 non
1726 2424 1899 2457 barbaros

1193 2472 1370 2511 „Graecis
1381 2473 1440 2518 ⁵⁷),
1469 2481 1596 2509 mater.
1631 2475 1786 2509 Barbari
1803 2475 1896 2508 euim
1916 2481 1998 2508 sunt
2013 2481 2140 2508 natura

1559 2527 1672 2568 servi,
1700 2527 1828 2561 Graeci
1845 2539 1930 2559 vero
1951 2526 2064 2560 liberi.

1171 2701 1219 2734 57)
1240 2703 1374 2726 barbaros
1388 2703 1519 2733 Graecis]
1537 2704 1577 2727 sic
1596 2706 1646 2734 (Ξ
1660 2707 1725 2730 text.
1742 2708 1799 2736 gr.)
1815 2706 1897 2730 Editt.
1913 2708 2032 2735 recent.;
2052 2705 2135 2729 Editt.

1211 2738 1302 2768 1558.,
1324 2737 1397 2762 1562.
1418 2738 1504 2762 malet
1532 2739 1657 2763 barbaris
1678 2741 1810 2765 Graecos.
