2373 2980
218 104 287 139 451

797 106 920 142 PHIL.
952 106 1067 143 MEL.
1099 100 1300 142 SCRIPTA
1331 107 1664 144 PHILOLOGICA.

2172 112 2246 149 452

1005 193 1236 227 Personae
1283 195 1478 228 fabulae.

629 258 758 291 Nutrix
784 258 952 291 Medeae⁴

632 309 866 352 Paedagogus

632 359 759 391 Medea

633 406 771 442 Chorus
799 409 988 442 mulierum

1448 261 1564 293 Creon

1443 311 1547 344 lason

1448 361 1585 404 Aegeus

1443 411 1597 444 Nuntius

1096 460 1176 492 Filii
1206 460 1362 496 Medeae.

1121 544 1350 575 MEDEA.

227 609 435 657 [Nuirix‚
475 613 769 654 Paedayoyus,
803 613 972 651 Medea,
1015 611 1209 659 Chorus]

508 682 684 715 Nutrix
708 680 939 726 praefatum.

277 738 425 772 Utinam
448 739 550 773 navis
575 738 672 783 Argo
696 751 770 772 non
794 740 948 774 volasset
973 751 1035 783 per

279 789 465 824 Caeruleas
508 790 762 835 Symplegadas
805 791 843 823 iu
895 797 1027 824 terram
1073 788 1212 824 Colchi-

634 840 770 886 caliis);

278 891 401 936 Neque
428 892 464 924 in
488 892 634 925 saltibus
661 892 750 925 Pelii
773 892 951 925 cecidisset

280 943 378 975 Secta
402 942 524 986 pi11us;
548 954 663 987 neque
688 954 814 975 manus
837 943 1067 986 remigassent

229 993 251 1025 5
274 993 443 1025 Virorum
459 993 856 1036 praestantissimorum,
874 994 935 1037 qui
945 1005 1092 1026 aureum
1103 994 1212 1027 vellus

277 1044 434 1076 Allatum
465 1043 584 1075 Peliae
620 1043 774 1076 iverunt.
842 1043 967 1087 Neque
1003 1044 1097 1076 enim
1134 1056 1212 1076 mea

639 1093 785 1126 domina

280 1145 405 1178 Medea
429 1146 630 1189 navigasset
652 1142 841 1188 Iolcum9),

280 1196 390 1240 Capta
420 1197 540 1230 animo
569 1207 689 1228 amore
712 1193 863 1227 Iasonis:

277 1247 400 1293 'Neque
418 1248 633 1292 persuadens
651 1245 739 1278 filias
758 1244 878 1278 Peliae
890 1271 898 1284 ,
922 1251 960 1277 ut
978 1244 1215 1278 interficerent

230 1300 277 1333 10
298 1298 464 1339 Patrem,
490 1296 708 1331 inhabitaret
732 1293 945 1329 Corinthum

277 1349 366 1383 Cum
387 1350 465 1382 viro
491 1356 525 1382 et
549 1348 686 1381 liberis:
715 1348 857 1391 placens

276 1400 316 1434 In
326 1399 393 1434 hoc
402 1407 545 1445 receptu
560 1399 689 1433 civium
699 1398 760 1446 ⁹³),
772 1399 815 1431 ad
827 1410 981 1443 quorum
992 1404 1123 1430 terram
1134 1410 1213 1442 per-

641 1456 750 1490 vemt,

277 1501 324 1535 Et
346 1502 421 1546 ipsa
446 1501 609 1535 Iasonem
636 1501 808 1533 adiuvans
833 1499 869 1532 in
895 1499 993 1532 omni
1019 1511 1074 1531 re:

278 1553 411 1597 „Quae
434 1553 589 1585 maxima
614 1552 705 1585 salus
731 1557 793 1591 est,

230 1602 275 1637 15
306 1603 427 1643 „Cum
450 1604 543 1636 inter
564 1603 729 1646 coniuges
746 1600 876 1647 noum)
904 1606 953 1633 est
971 1599 1141 1633 dissensio
1153 1599 1211 1644 ¹¹).

275 1655 379 1688 Nunc
404 1661 481 1687 orta
505 1660 555 1687 est
579 1653 775 1693 discordia,
801 1658 833 1685 et
860 1651 1092 1684 amicissimae
1115 1662 1212 1682 men-

645 1711 695 1737 tes
718 1704 786 1735 iam
812 1709 894 1736 sunt
920 1702 1153 1735 abalienatae.

277 1756 368 1789 Nam
385 1756 545 1800 prodens
557 1767 638 1789 suos
660 1755 791 1787 liberos
809 1765 996 1798 meamque
1015 1752 1211 1792 dominam,

276 1806 379 1840 Iason
406 1807 510 1840 cubat
537 1807 574 1839 in
597 1806 730 1850 nuptiis
753 1804 871 1848 regiis,

276 1857 471 1902 Postquam
508 1857 607 1891 duxit
630 1857 739 1889 filiam
766 1855 947 1893 Creontis,
980 1855 1042 1899 qui
1077 1861 1126 1887 est
1148 1855 1210 1886 do-

635 1907 753 1939 minus
778 1903 883 1937 huius
904 1910 1031 1936 terrae.

225 1960 274 1994 ΞΟ
298 1958 422 1991 Medea
447 1969 533 1990 vero
556 1957 696 1997 infelix,
720 1954 934 1989 contumelia
962 1954 1098 1991 affecta,

277 2009 417 2043 Clamat
440 2009 708 2047 iusiurandum,
732 2013 835 2040 vocat
859 2007 1054 2044 dexteram,

273 2060 469 2093 Maximam
492 2061 618 2100 fidem,
644 2065 678 2092 et
702 2064 852 2091 testatur
875 2056 983 2095 Deos,

275 2112 426 2156 Qualem
451 2111 601 2155 gratiam
627 2116 864 2154 consequatur
888 2121 929 2141 ex
950 2106 1086 2141 Iasone.

271 2162 364 2196 lacet
388 2162 584 2201 sine'cibo,
609 2161 796 2195 subiiciens
823 2171 950 2203 corpus
976 2158 1170 2196 doloribus,

254 2285 284 2318 7)
310 2285 466 2317 praefatur]
502 2283 543 2308 sic
573 2283 656 2308 Editt.
690 2283 782 2312 1558.,
815 2281 906 2311 1562.;
943 2280 970 2302 in
1001 2279 1085 2302 Editt.
1110 2279 1202 2307 Bam,

287 2322 394 2350 Musgr.
413 2321 463 2344 hoc
481 2318 587 2349 quidem
604 2318 664 2342 loco
683 2317 776 2345 deest,
805 2316 853 2339 sed
878 2319 1058 2344 personarum
1075 2314 1202 2343 catalogo

288 2353 463 2385 praecedeuti
476 2353 569 2377 addita
584 2353 647 2375 suut
661 2352 742 2375 haec:
762 2350 909 2380 Prologum
923 2351 1012 2372 autem
1027 2347 1084 2378 agit
1098 2348 1202 2370 Nutrix.

252 2397 282 2429 8)
305 2394 468 2427 colonicam]
495 2395 533 2418 sic
557 2394 641 2420 Editt.
662 2393 754 2421 1562,
777 2393 877 2423 Bam,
902 2392 1023 2420 Musgr.,
1047 2389 1123 2419 Fixa,
1152 2389 1199 2412 Ed.

289 2431 364 2456 1558.
387 2430 472 2454 male:
491 2429 672 2454 cholchIcam.

251 2475 280 2505 9)
299 2472 412 2504 Iolcum]
439 2472 480 2496 sic
504 2471 604 2500 scripsi
623 2469 721 2498 (Editt.
742 2470 858 2493 recent.:
879 2467 941 2498 agri
960 2466 1035 2490 Iolcii
1054 2476 1086 2487 ε
1105 2467 1199 2496 Eurip.

283 2507 332 2541 γῆς
345 2505 495 2536 Ἰωλκιάς);
512 2506 596 2529 Editt.
618 2505 690 2528 1558.
703 2521 711 2535 9
732 2503 806 2527 1562.
825 2503 954 2526 laolcum.

249 2551 297 2583 93)
317 2547 430 2580 etvium]
452 2549 492 2572 sic
511 2548 594 2571 Editt.
615 2547 703 2577 1558,
726 2546 815 2575 1562.;
837 2545 924 2569 Editt.
944 2544 1063 2568 recem:
1084 2543 1196 2568 civibus.

248 2593 294 2625 10)
314 2593 382 2622 non]
407 2591 448 2615 sic
471 2593 518 2620 (z
536 2589 630 2619 Eurip.
648 2586 704 2620 μή)
729 2588 813 2612 Editt.
835 2587 928 2619 1558„
953 2587 1053 2617 Banu„
1079 2587 1195 2617 Musgr..

281 2628 358 2658 b'ix.;
384 2627 410 2650 in
429 2625 478 2650 Ed.
500 2624 573 2648 1562.
594 2624 679 2647 deest.

248 2668 293 2699 11)
319 2668 358 2693 E.
374 2667 394 2691 i.
412 2665 557 2691 iriEditt.
585 2664 676 2694 ¹55e.‚
709 2663 782 2687 ¹562.
809 2664 876 2687 nota
908 2667 1010 2692 marg:
1042 2661 1193 2686 Concordia

278 2707 429 2733 coniugum.

1264 613 1312 649 25
1355 614 1464 647 Omni
1505 621 1666 658 tempore
1710 614 1993 648 contabefaciens
2033 627 2161 660 corpus
2191 617 2248 662 ia,-

1635 672 1637 674 “
1678 662 1846 709 chrymis,
2220 659 2222 662 y

1314 716 1509 762 Postquam
1541 715 1793 749 animadvertit
1819 728 1853 749 se
1889 715 2018 750 iniuria
2041 717 2210 751 affectam·
2229 730 2248 751 a

1678 779 1775 804 vu·0;
2061 778 2064 780 '

1315 817 1439 863 Neque
1464 817 1583 851 oculos
1607 817 1753 859 tollens,
1785 829 1900 863 neque
1923 824 2084 853 avertens
2110 831 2129 852 a
2151 825 2248 853 terra

1314 868 1474 909 Faciem,
1500 870 1559 901 sed
1584 875 1622 902 ut
1646 881 1768 902 saxum
1793 875 1855 902 aut
1877 869 2036 903 marinus

1315 919 1476 960 Fluctus,
1506 919 1605 952 audit
1631 921 1787 953 monitus
1813 920 2029 953 amicorum:

1266 969 1313 1001 30
1337 970 1414 1003 Nisi
1439 973 1583 1015 quando
1607 977 1748 1004 vertens
1775 971 1963 1003 candidam
1990 971 2172 1011 servicem,

1306 1019 1393 1064 *Ipsa
1403 1020 1449 1065 ¹2)
1475 1023 1569 1064 apud
1593 1033 1666 1055 sese
1690 1022 1896 1054 clamaverit
1919 1028 2057 1066 patrem
2083 1035 2199 1061 suum,

1314 1070 1359 1103 Et
1375 1078 1505 1104 terrani
1522 1078 1627 1117 atque
1647 1073 1764 1112 aedes,
1782 1073 1909 1117 quibus
1927 1072 2057 1106 relictis
2069 1073 2166 1106 venit
2181 1071 2250 1106 huc

1316 1121 1405 1154 Cum
1427 1122 1557 1155 marito
1571 1149 1579 1162 ,
1605 1123 1666 1167 qui
1681 1135 1775 1156 nunc
1794 1123 2008 1156 contumelia
2026 1123 2142 1157 affecit
2159 1135 2249 1157 earn.

1316 1171 1394 1212 „Et
1420 1173 1550 1205 misera
1573 1174 1719 1216 agnovit
1747 1174 1821 1217 ipsa
1847 1174 2059 1214 calamitate,

1265 1220 1313 1254 35
1336 1223 1482 1267 „Quale
1505 1224 1612 1257 fuerit
1635 1236 1709 1257 non
1731 1225 1891 1257 deserere
1914 1231 2045 1257 terram
2072 1224 2238 1269 patriam.

1317 1273 1405 1306 Odit
1434 1274 1585 1313 liberos,
1608 1287 1722 1319 neque
1748 1274 1901 1307 laetatur
1925 1275 2093 1318 adspectu
2112 1288 2249 1309 eorum.

1317 1325 1439 1358 Metuo
1464 1325 1598 1369 ipsam,
1622 1338 1666 1358 ne
1689 1325 1774 1370 quid
1802 1325 1885 1357 novi
1910 1326 2096 1364 moliatur;

1314 1375 1405 1409 Nam
1440 1376 1580 1410 animus
1614 1374 1802 1409 vehemens
1833 1387 1906 1408 non
1931 1376 2136 1417 sustinebit,
2169 1389 2247 1410 cum

1670 1427 1762 1459 male

1315 1477 1523 1514 Tractatur;
1552 1490 1615 1521 ego
1640 1478 1725 1510 novi
1751 1489 1848 1517 eam,
1873 1483 2006 1516 metuo,

1264 1527 1312 1561 40
1336 1528 1388 1561 Ne
1413 1528 1478 1561 sibi
1504 1528 1577 1572 ipsa
1603 1535 1706 1561 acuto
1731 1528 1848 1571 gladio
1876 1528 2029 1561 traiiciat
2053 1528 2161 1567 iecur,

1314 1579 1413 1612 Clam
1437 1579 1591 1622 ingressa
1615 1581 1783 1617 domum,
1807 1578 1869 1612 ubi
1893 1585 2024 1612 stratus
2047 1584 2099 1612 est
2121 1579 2247 1616 lectus;
2297 1620 2300 1623 ι

1313 1630 1385 1663 Aut
1411 1630 1548 1662 occidat
1570 1642 1707 1670 renem,
1734 1629 1789 1662 cui
1817 1636 1928 1672 nupta
1950 1629 2028 1669 fuit,

1314 1681 1359 1713 Et
1381 1681 1573 1714 constituat
1597 1681 1771 1714 maiorem
1797 1680 1955 1725 aliquam
1978 1679 2227 1713 calamitatem.

1313 1731 1376 1765 Est
1400 1732 1493 1764 enim
1520 1729 1726 1769 vehemens3
1749 1743 1824 1764 non
1848 1732 1949 1764 facile
1973 1730 2205 1764 committens.

1263 1780 1311 1815 45
1339 1782 1428 1816 Cum
1456 1794 1495 1815 ea
1522 1789 1700 1816 certamen
1725 1782 1853 1827 aliquis
1879 1777 2064 1815 victoriam
2089 1781 2236 1814 auferet.

1313 1834 1381 1867 Sed
1402 1834 1503 1877 pueri
1525 1841 1698 1867 cessantes
1721 1845 1738 1866 a
1764 1845 1867 1867 cursu

1311 1884 1488 1922 Veniunt,
1514 1881 1604 1916 nihil
1628 1883 1822 1926 cogitantes
1847 1885 1888 1915 de
1912 1883 2037 1915 matris

1311 1934 1433 1972 Malis;
1467 1945 1582 1974 „nam
1615 1933 1760 1978 puerilis
1791 1935 1931 1967 animus
1959 1945 2033 1966 non
2064 1932 2153 1966 solet
2182 1933 2245 1965 do-

1668 1985 1741 2017 lere
1752 1983 1809 2029 ¹3).

1308 2038 1410 2070 Paea.
1440 2035 1637 2081 Antiquum
1663 2035 1880 2079 mancipium
1905 2046 2005 2068 meae
2029 2033 2210 2074 dominae,

1258 2084 1306 2119 50
1329 2087 1424 2131 Quid
1449 2088 1492 2119 ad
1516 2093 1638 2131 portas
1664 2087 1737 2120 sola

1308 2137 1404 2177 Stas,
1430 2137 1504 2181 ipsa
1528 2137 1592 2170 tibi
1616 2138 1807 2182 deplorans
1834 2136 1952 2169 mala?

1307 2188 1427 2232 Quare
1454 2188 1617 2221 Medeam
1640 2189 1753 2222 solam
1778 2186 1972 2232 relinquis?

1305 2242 1406 2272 Ναΐν.
1433 2238 1466 2271 Ο
1489 2251 1612 2279 senex,
1640 2251 1757 2272 comes
1780 2238 1975 2271 liberorum
1999 2235 2146 2276 Iasonis,

1305 2289 1515 2329 „Fidelibus
1559 2290 1730 2324 ministris
1768 2289 1961 2322 calamitati
2006 2294 2087 2322 sunt
2123 2286 2236 2320 domi-

1662 2353 1793 2374 norum

1252 2389 1300 2424 55
1326 2390 1424 2431 „Res
1451 2392 1636 2432 adversae,
1665 2398 1698 2440 et
1722 2398 1858 2436 angunt
1879 2390 2029 2424 animos.

1299 2441 1375 2486 Ego
1405 2443 1548 2487 quidem
1573 2455 1613 2475 eo
1639 2443 1785 2487 perveni
1809 2441 1955 2481 doloris,

1260 2607 1268 2610 “
1282 2606 1327 2639 1'2)
1346 2606 1421 2639 ipsa]
1439 2608 1480 2632 sic
1500 2607 1546 2640 (=
1564 2609 1656 2640 Eurip.
1677 2606 1758 2642 αὐτὴ)
1779 2609 1863 2635 Editt.
1881 2590 1977 2642 ms„
1998 2609 2096 2639 narn..
2115 2608 2230 2639 Μυκη,

1313 2642 1390 2673 »πμ
1408 2643 1457 2666 Ed.
1481 2643 1554 2668 1562.
1575 2643 1643 2673 lpse.

1279 2692 1325 2722 1³)
1343 2693 1375 2718 Η.
1388 2693 1405 2718 1.
1425 2693 1452 2717 in
1474 2693 1558 2719 Editt.
1579 2694 1671 2726 1558„
1691 2694 1766 2720 ¹562.
1785 2696 1850 2720 nota
1868 2700 1971 2727 marg:
1995 2693 2126 2720 Pueritia-
