2373 2980
237 113 308 146 659
804 114 922 149 PHIL.
958 115 1068 150 MEL.

293 198 370 231 Mea
391 205 549 232 senectus
570 205 615 231 cst
638 198 804 242 perxigil‚

272 250 294 283 5
323 249 363 282 lit
384 262 530 281 acnuwn
550 251 647 282 adest
666 249 700 281 in
719 250 840 284 oculis.

296 303 413 344 Ayam.
443 300 542 343 Quae
561 300 657 333 stella
676 298 762 332 haec
777 299 916 334 vehitur
934 302 1056 335 coelo?

297 354 376 385 Seu.
404 351 516 384 Sirius
532 363 642 394 prope
663 353 923 396 septemplicem

294 402 438 434 Pleiada
460 402 641 440 incedens,
669 402 704 434 in
723 403 838 435 medio
859 404 1016 438 sublimis
1034 403 1157 438 adhuc.

296 455 415 495 Ayam.
442 452 522 486 Non
541 465 623 496 ergo
641 460 691 487 est
705 454 840 488 sonitus
859 467 972 501 neque
990 456 1130 495 avium,

252 505 295 537 10
323 503 444 547 Neque
466 503 591 543 maris,
620 511 652 537 ct
667 505 844 538 silentium
866 513 1052 539 ventorum

299 554 340 586 Se
357 551 463 586 habet
481 555 571 587 circa
589 553 680 588 hunc
699 556 885 601 Euripum.

298 608 376 639 Seu.
413 605 506 650 Quid
532 613 647 639 autem
674 613 710 640 tu
736 614 830 640 extra
858 608 1120 640 talwrnacnlum
1153 618 1231 650 pro—

657 658 768 697 cedis,

299 710 544 749 Agamemnon
563 720 621 740 rex
633 707 646 740 ἐ’

298 757 359 791 Est
375 756 488 791 adhuc
506 759 744 804 tranquillitas
762 758 851 791 circa
872 759 1034 792 Aulidem
1048 785 1056 798 ‚

250 807 295 842 15
322 808 365 841 Et
381 816 462 843 sunt
478 810 646 843 immotae
665 810 843 843 custodiae
861 810 965 843 etiam
983 811 1174 842 moenium.

297 860 474 893 Abeamus
494 860 599 894 iun-o.
654 863 772 904 Ayam.
801 861 959 905 Suspicio
978 867 1030 899 te,
1057 873 1179 899 seni-x,

299 910 374 950 „Et
391 912 601 955 magnifacio
623 925 662 944 ex
686 910 907 951 hominibus,
936 912 1135 957 qnicnnqm¹
1160 911 1233 943 sine

658 962 814 1005 periculo

300 1013 447 1051 „Vitam
467 1012 635 1056 transegit
654 1013 794 1056 ignotus
812 1019 845 1045 et
864 1012 1052 1055 inglorius;

298 1063 445 1100 „Minus
462 1064 612 1107 suspirio
633 1063 729 1103 illos,
757 1063 815 1108 qui
834 1063 968 1096 suntin
989 1061 1233 1107 honoribusss).

246 1116 294 1148 20
321 1116 400 1148 Seu.
430 1115 536 1160 Atqui
556 1115 636 1147 inde
661 1120 711 1147 est
725 1115 830 1147 decus
849 1114 953 1147 vitae.

297 1169 414 1208 Aqum.
444 1166 518 1198 Hoc
532 1167 636 1199 decus
657 1172 706 1199 est
726 1165 981 1210 periculosum:

297 1243 317 1255 „
329 1215 375 1248 Et
393 1216 524 1260 gloriae
542 1217 715 1261 cupiditas

298 1267 448 1307 „Dulcis
472 1268 636 1313 quidem,
677 1268 737 1301 sed
762 1268 884 1301 dolore
915 1267 1041 1307 aflicit,
1083 1279 1160 1299 cmn
1194 1277 1232 1298 ea

660 1320 768 1352 adest.

297 1368 518 1416 [Aliquando
538 1369 631 1402 enim
647 1369 804 1403 Deorum
825 1370 937 1403 cultus
955 1381 1027 1402 non
1045 1368 1110 1402 rite
1131 1379 1208 1411 per—

244 1421 292 1456 25
319 1427 416 1454 actus
433 1421 558 1454 evertit
574 1421 681 1454 vitam
694 1420 757 1469 4).]

294 1472 497 1516 Aliquando
515 1470 700 1505 hominum
719 1472 906 1517 opiniones
923 1471 1053 1504 multae

294 1522 339 1555 Et
356 1523 501 1556 infestae
520 1524 696 1556 mordent.

297 1576 378 1607 Seu.
406 1574 487 1608 Non
503 1574 609 1607 laudo
630 1574 693 1607 ista
713 1574 749 1606 in
767 1573 844 1605 viro
863 1570 1035 1616 principe.

297 1624 409 1663 „Non
426 1626 469 1657 ad
487 1624 606 1657 omnia
622 1625 715 1657 bona
733 1624 853 1668 genuit
868 1630 899 1656 te
911 1649 918 1663 ,

247 1676 294 1709 30
323 1675 668 1719 ,.0Againeinnon‚
694 1676 840 1712 Atreus;

298 1726 479 1770 „Oportet
495 1733 527 1760 te
547 1727 698 1771 gaudere
718 1732 750 1759 et
769 1726 891 1758 dolore
909 1722 1010 1756 affici.

298 1777 372 1815 „Es
390 1778 482 1810 enim
501 1778 678 1816 mortalis;
708 1783 741 1810 et
757 1776 892 1809 etiamsi
913 1787 949 1807 tn
967 1786 1038 1807 non
1058 1774 1170 1813 voles,

296 1829 465 1867 „Tamen
482 1829 602 1862 divina
621 1829 669 1862 sic
688 1827 858 1873 volent5).

297 1879 353 1912 Tu
371 1881 554 1924 proferens
573 1880 692 1914 lumen
708 1879 811 1919 facis,

244 1930 292 1965 35
319 1931 448 1965 Scribis
470 1932 635 1965 tabellam

294 1982 412 2022 Hanc,
440 1995 545 2028 quam
564 1980 677 2015 adhuc
696 1980 786 2024 geris
804 1979 840 2011 in
860 1976 1041 2015 manil›us;

291 2033 336 2066 Et
352 2034 489 2067 easdem
506 2034 640 2066 litteras
657 2043 778 2065 rursus
793 2029 999 2068 confundis,

292 2084 337 2117 Et
356 2085 537 2128 obsignas,
567 2090 599 2117 et
618 2083 725 2117 solvis
742 2087 874 2126 postea.

292 2136 423 2169 Abiicis
441 2137 578 2168 taedam
597 2135 633 2167 in
651 2134 763 2168 solum
775 2159 784 2173 ‚
810 2132 926 2174 largas

242 2187 289 2220 40
319 2185 532 2232 Lachrymas
547 2186 741 2219 effundens.

294 2238 335 2270 Et
354 2238 449 2270 nulla
470 2237 627 2281 angustia
638 2237 669 2282 6)
688 2234 822 2278 indiges
835 2259 844 2273 ,

275 2377 305 2409 3)
326 2378 358 2401 Η.
375 2378 392 2402 l.
412 2377 438 2400 in
459 2375 648 2405 Editt.1558.‚
670 2374 743 2398 1562.
769 2373 833 2396 nota
855 2375 956 2400 marg.:
989 2368 1055 2391 Vita
1073 2369 1229 2398 magnatum

326 2412 406 2435 ualis.

277 2419 383 2485 ⁴)qflos
403 2455 471 2477 dnos
491 2459 588 2476 versus
607 2453 632 2475 in
655 2451 737 2475 Editt.
756 2450 846 2478 1558„
876 2447 948 2485 1552,
977 2445 1096 2469 omissos
1120 2447 1230 2475 (quain-

309 2494 387 2519 quam
406 2488 433 2511 in
452 2487 500 2510 Ed.
521 2487 602 2511 Basil.
624 2487 697 2511 1551,
717 2490 815 2515 graece
835 2482 1075 2518 reperiunturtex
1087 2479 1134 2518 Ed.
1149 2480 1229 2505 Bai-n.

310 2521 447 2552 adscripsi
466 2526 578 2550 eamque
597 2522 629 2543 οΙ)
647 2526 758 2543 cansam
778 2519 851 2541 intra
869 2515 1008 2540 caucellos
1027 2514 1134 2538 inclusi.

273 2565 303 2596 5)
323 2566 354 2590 Η.
373 2565 390 2589 1.
415 2564 442 2587 in
467 2563 551 2587 Editt.
577 2563 669 2590 1558.,
703 2561 776 2585 1562.
801 2561 866 2583 nota
890 2563 992 2588 marg:
1028 2555 1153 2580 conditio
1178 2556 1228 2578 hu-
1251 2553 1255 2594 j

309 2604 397 2623 mana.

271 2641 300 2673 6)
320 2641 396 2665 nulla
414 2639 557 2670 angustia]
591 2639 631 2663 sic
662 2638 743 2662 Editt.
765 2637 855 2661 1558..
889 2633 980 2663 15623
1018 2633 1116 2671 Barna
1154 2631 1229 2670 nulla
1251 2598 1255 2661 l

306 2675 396 2705 inopia
416 2674 540 2704 consiliu]
567 2675 687 2705 Musgr„
707 2673 781 2698 Fixa
801 2671 876 2694 nulla
895 2668 1099 2699 perturbatione
1119 2667 1228 2695 (Eum).
1251 2662 1254 2707 l

304 2709 359 2734 τῶν
378 2707 492 2741 ἀπόρων
506 2706 639 2737 οὐδενὸς).

1110 115 1307 151 SCRIPTA
1343 116 1675 151 PHILOLOGICA.

2191 120 2264 155 660

1334 202 1384 235 Ne
1405 201 1576 235 insanias:
1606 201 1690 246 quid
1709 201 1872 235 laboras?

1335 253 1428 298 Quid
1446 252 1549 291 novi,
1578 251 1662 296 quid
1678 251 1763 284 novi
1780 252 1842 285 tibi
1860 254 1976 293 adest,
2005 266 2025 287 o
2043 254 2127 288 rex?

1335 305 1427 347 Age,
1453 302 1673 335 communica
1692 315 1891 336 sermonem
1913 305 2032 343 nobis;

1286 354 1332 389 45
1362 354 1462 387 Dices
1479 351 1618 385 homini
1634 353 1729 386 bono
1746 360 1779 387 et
1795 354 1900 389 fideli.

1336 405 1427 438 Nam
1447 411 1528 437 tuae
1545 404 1685 448 coniugi
1706 404 1897 450 aliquando
1917 405 2107 450 Tyndarus

1336 456 1433 488 Misit
1448 466 1502 487 me
1519 456 1636 488 dotem
1648 482 1657 495 ‚
1685 455 1814 489 iustum
1833 462 2033 490 curatorem
2053 469 2213 501 sponsae.

1335 510 1455 550 Ayum·
1482 505 1643 540 Fuerunt
1659 505 1776 540 Ledae
1793 504 2001 552 Thyestiadi
2024 514 2092 542 tres
2109 509 2273 552 virgines,

1286 557 1334 592 50
1361 555 1524 597 Phoebe,
1553 563 1586 590 et
1604 557 1882 602 Clytaemnestra
1903 571 1980 592 mea
1999 559 2172 600 coniunx,

1336 607 1378 640 Et
1399 607 1548 640 Helena:
1577 606 1680 642 huius
1698 615 1916 653 praestantes
1933 609 2059 654 opibus

1336 659 1439 691 Proci
1454 660 1616 698 suerunt,
1644 660 1882 694 adolescentes
1900 660 2081 696 Graeciae.

1336 710 1483 743 Atroces
1501 709 1619 742 minae
1631 736 1640 750 ,
1668 717 1701 743 et
1717 711 1809 743 inter
1827 723 1862 744 se
1879 713 2002 745 caedes

1337 761 1563 794 Parabantur
1579 761 1622 794 ab
1639 773 1679 794 eo
1692 787 1700 801 ‚
1728 761 1888 807 quisquis
1904 774 1976 795 non
1999 768 2274 809 consequeretur

1691 825 1878 856 Virginem.

1287 861 1334 896 55
1362 862 1431 895 Res
1447 860 1599 895 habebat
1614 863 1760 896 dubium
1778 870 1915 908 patrem
1934 864 2163 909 Tyndareum
2178 890 2186 903 ,

1338 914 1466 953 Daret,
1494 925 1540 946 an
1556 925 1630 946 non
1645 914 1766 954 daret,
1794 922 1828 947 et
1844 916 2024 960 quomodo
2043 916 2224 948 fortunam

1337 964 1480 1007 Optime
1497 964 1701 1008 attingeret3
1729 965 1801 1009 et7)
1817 965 1959 998 eivenit
1976 966 2013 998 in
2029 971 2183 999 mentem
2195 991 2204 1004 ‚

1339 1015 1385 1047 Ut
1402 1015 1648 1048 iusiurandum
1666 1016 1810 1055 darent,
1838 1023 1872 1049 et
1886 1017 2025 1050 dextras
2052 1016 2146 1061 apud
2170 1015 2276 1050 sacri-

1697 1065 1813 1113 ficiass)
1837 1067 2022 1112 iungerent

1337 1115 1442 1148 Proci
1459 1115 1550 1148 inter
1567 1128 1622 1155 se,
1650 1123 1683 1149 et
1699 1129 1761 1160 per
1778 1130 1876 1150 sacra

1288 1166 1335 1201 60
1362 1167 1535 1199 Facerent
1551 1167 1674 1200 foedus
1685 1193 1693 1206 ‚
1722 1173 1755 1200 et
1772 1167 1930 1201 iurarent
1943 1167 2046 1202 haee:

1339 1218 1404 1251 Cui
1422 1230 1512 1251 uxor
1530 1217 1750 1261 contingeret
1767 1218 1946 1263 Tyndaris
1961 1219 2077 1263 puella
2089 1244 2099 1258 ‚

1337 1269 1428 1302 Huic
1444 1268 1679 1312 opitulaturos
1697 1280 1788 1309 esse,
1814 1269 1843 1303 si
1860 1270 1937 1315 quis
1955 1282 1995 1303 ex
2013 1271 2121 1303 domo
2136 1267 2276 1312 capiens

1337 1320 1480 1359 Abiret‚
1507 1326 1541 1353 et
1558 1320 1766 1363 depulsuros
1784 1332 1802 1353 a
1821 1320 1910 1354 lecto
1927 1319 2135 1359 habentem,

1335 1371 1382 1404 Et
1421 1372 1587 1404 adversus
1624 1371 1723 1403 illum
1760 1371 1974 1405 militaturos
2009 1377 2043 1404 et
2076 1376 2275 1404 vastaturos

1697 1421 1819 1453 urbem
1831 1447 1841 1461 ‚

1286 1471 1334 1507 65
1361 1472 1532 1505 Graecam
1553 1470 1685 1514 pariter
1703 1477 1735 1503 et
1751 1472 1960 1511 barbaram,
1997 1482 2105 1504 manu
2125 1476 2273 1504 armata.

1335 1523 1530 1566 Postquam
1548 1522 1688 1554 foedere
1706 1521 1883 1555 coniuncti
1902 1528 2001 1561 sunt,
2028 1528 2120 1554 recte
2136 1532 2241 1554 senex

1336 1573 1526 1617 Tyndarus
1542 1585 1600 1605 eos
1616 1572 1739 1604 fefellit
1753 1573 1849 1605 bono
1869 1572 2035 1610 consili03

1336 1622 1517 1656 Concessit
1534 1623 1626 1655 filiae
1643 1622 1769 1665 eligere
1787 1635 1896 1656 unum
1918 1635 1958 1656 ex
1976 1621 2110 1666 procis,

1336 1674 1417 1718 Quo
1436 1685 1512 1706 eam
1531 1671 1628 1705 chari
1644 1673 1747 1706 ssatus
1766 1674 1899 1707 amoris
1915 1675 2060 1707 ferrent.

1286 1726 1333 1758 70
1358 1724 1419 1757 llla
1438 1724 1541 1767 elegit
1559 1723 1712 1769 (utinam
1730 1735 1914 1770 nunquam
1933 1724 2087 1757 duxisset
2102 1725 2198 1771 eam)

1336 1776 1551 1809 Menelaum.
1604 1774 1758 1808 Veniens
1775 1781 1892 1808 autem
1912 1788 1953 1809 ex
1968 1773 2169 1820 Phrygibus
2182 1775 2274 1809 Dea-

1696 1837 1776 1859 rum

1334 1876 1401 1911 Iste
1419 1876 1542 1917 iudex,
1569 1882 1608 1909 ut
1624 1873 1731 1909 habet
1746 1887 1861 1910 sermo
1877 1873 2065 1909 hominum
2077 1903 2086 1917 ‚

1333 1928 1602 1961 Lacedaemona
1615 1953 1624 1967 ‚
1651 1927 1782 1960 florens
1801 1933 1930 1959 ornatu
1950 1927 2122 1967 vestium,

1334 1979 1380 2012 Et
1396 1991 1483 2011 auro
1503 1978 1690 2022 splendens
1703 2004 1711 2017 ,
1737 1977 1923 2010 barbarico
1939 1984 2133 2022 apparatu,

1289 2029 1333 2064 75
1359 2030 1458 2063 Abiit
1477 2029 1618 2073 capiens
1635 2040 1758 2062 amans
1776 2034 1954 2061 amantem

1333 2081 1506 2114 Helenam
1519 2106 1528 2121 ,
1556 2082 1686 2113 ducens
1702 2079 1889 2112 abeuntem
1908 2080 1951 2111 ad
1968 2079 2104 2112 stabula
2121 2076 2216 2111 Idae.

1334 2132 1518 2165 Menelaus
1535 2143 1618 2175 ergo
1636 2131 1673 2163 in
1691 2130 1839 2164 Graecia
1859 2130 2023 2163 incitatus
2047 2135 2183 2169 oestro,
2211 2128 2271 2161 de—

1698 2187 1810 2214 sertus
1827 2192 1845 2213 a
1863 2192 2031 2223 comuge,

1333 2233 1501 2266 Testatur
1518 2237 1617 2264 vetus
1632 2231 1877 2264 iusiurandum
1895 2231 2087 2275 Tyndareo
2104 2230 2224 2262 datum
2235 2255 2245 2269 ‚

1332 2284 1438 2329 Quod
1455 2288 1619 2327 oporteat
1635 2294 1738 2326 opem
1754 2283 1844 2314 ferre
1860 2281 1989 2315 iniuria
2009 2281 2148 2315 affecto.

1253 2349 1257 2372 ι
1282 2336 1330 2370 80
1357 2334 1441 2368 Inde
1457 2339 1637 2377 surgentes
1654 2333 1782 2366 Graeci
1803 2333 1847 2365 ad
1863 2333 1994 2366 bellum
2007 2358 2016 2372 ‚

1331 2386 1515 2420 Sumentes
1533 2396 1630 2416 arma
1643 2410 1652 2424 ‚
1678 2385 1722 2417 ad
1740 2390 1924 2428 angustam
1949 2384 2064 2417 sedem
2081 2381 2218 2416 Aulidis

1331 2437 1444 2470 Huius
1461 2435 1626 2476 veniunt,
1652 2435 1802 2468 navibus
1820 2441 1853 2468 et
1871 2435 2000 2480 clypeis
2018 2433 2141 2473 simul,

1331 2489 1380 2521 Ac
1399 2487 1497 2533 equis
1514 2493 1547 2519 et
1564 2486 1683 2520 multis
1702 2486 1862 2519 curribus
1880 2485 2052 2519 instructi.

1311 2588 1342 2617 7)
1362 2588 1404 2615 et]
1422 2587 1461 2609 sic
1480 2587 1562 2611 Editt.
1577 2586 1662 2617 1558„
1682 2587 1773 2617 1562.;
1798 2586 1884 2610 Editt.
1902 2586 2020 2610 recent.:
2039 2585 2067 2609 et
2083 2584 2134 2608 hoo
2148 2584 2196 2613 (ει
2209 2582 2266 2606 Eu-

1349 2621 1398 2651 rip.
1421 2618 1467 2644 καὶ
1487 2639 1493 2644 .
1513 2639 1519 2645 .
1540 2618 1627 2648 τάδε),

1311 2664 1342 2692 8)
1361 2663 1431 2693 apud
1451 2662 1602 2691 sacrificia]
1623 2662 1663 2686 sic
1681 2663 1764 2686 Editt.
1784 2662 1875 2693 1558.‚
1898 2661 1990 2693 ¹562.;
2014 2661 2041 2686 in
2060 2660 2143 2686 Editt.
2161 2661 2265 2686 recent.

1347 2701 1393 2727 (=
1413 2700 1481 2723 text.
1500 2697 1557 2729 gr.)
1576 2698 1643 2721 haec
1662 2697 1769 2724 desunt.
