2373 2980
174 101 247 136 863

224 187 293 221 Per
309 184 418 220 furias
436 183 637 217 extulerunt
655 180 846 215 candidum
870 182 1011 227 pedem,

174 236 248 274 665
272 236 386 271 Venio
406 234 550 279 cupiens
569 232 736 267 nuntiare
755 232 819 266 tibi
837 239 872 267 et
888 234 981 275 urbi,

224 290 342 335 Quam
354 287 518 319 miranda
528 285 659 319 faciant
673 290 708 317 et
716 283 929 319 miraculum
946 286 1163 331 superantia.

221 341 290 375 Sed
307 338 412 383 cupio
433 336 575 377 audire,
601 341 721 370 utrum
740 334 806 368 tibi
823 336 932 370 libere

223 392 349 425 Dicere
365 388 498 435 possim
516 400 569 428 ea,
584 399 675 432 quae
692 387 774 420 inde
793 387 881 429 fero,
899 399 946 421 an
961 400 1161 423 sermonem

585 438 857 473 contineamus?

222 493 345 527 Metuo
365 491 460 526 enim
480 489 696 524 celeritatem
714 489 827 522 animi
843 489 907 531 tui,

173 545 245 580 670
267 543 312 578 Et
329 542 553 576 iracundiam
565 568 574 581 ,
592 547 626 574 et
642 553 760 575 mores
775 541 927 575 nimium
945 541 1162 588 tyrannicos.

223 599 305 630 Pen.
332 594 451 628 Dicito
465 621 473 635 ‚
500 593 582 639 quia
599 604 746 637 prorsus
763 592 832 627 eris
850 593 926 627 sine
943 605 1072 639 poena.

222 646 357 687 „Iustis
376 645 471 679 enim
493 656 568 678 non
583 649 633 678 est
654 644 892 678 irascendum.

221 699 303 743 Quo
324 697 454 731 dixeris
479 695 657 729 atrociora
675 696 717 728 de
733 693 895 735 Bacchis,

222 750 341 782 Tanto
361 748 474 792 magis
491 745 586 781 hunc
603 747 833 791 praebentem
851 753 944 781 artes

173 799 247 836 675
273 800 486 835 Mulieribus
503 798 710 832 obiiciemus
728 810 877 843 poenae.

221 855 315 887 Nun.
346 852 504 885 Pecudes
523 849 716 883 vitulorum
734 848 908 893 gregatim
929 848 1000 881 iam
1020 850 1065 882 ad
1084 860 1162 882 ver·

583 900 689 933 tieem

220 953 399 988 Paulatim
421 952 677 990 ascendebant,
704 950 850 996 quando
866 950 920 983 sol

220 1005 356 1038 Radios
374 1003 557 1037 emittebat
576 1001 783 1035 calefaciens
803 1007 957 1037 terram;

221 1056 334 1089 Video
353 1062 424 1089 tres
442 1060 560 1087 coetus
578 1052 808 1086 muliebrium
827 1049 1033 1089 chororum,

170 1108 244 1143 680
277 1107 415 1153 Quibus
448 1110 635 1151 praeerat,
665 1103 729 1137 uni
761 1103 906 1149 quidem
925 1100 1162 1148 Autonoe²⁹),

588 1154 692 1188 alteri

220 1209 342 1254 Agave
360 1214 474 1241 mater
493 1213 553 1240 tua
565 1232 574 1246 ,
602 1206 708 1240 tertio
726 1217 811 1238 vero
827 1203 905 1239 Ino.

220 1260 460 1294 Dormiebant
474 1270 558 1291 vero
578 1270 702 1292 omnes
717 1256 928 1301 corporibus
944 1254 1112 1294 remissis,

220 1313 321 1346 Aliae
347 1311 558 1344 inclinantes
576 1316 715 1354 tergum
732 1309 777 1341 ad
795 1308 939 1341 frondes
957 1306 1096 1345 abietis,

220 1364 321 1398 Aliae
339 1362 376 1396 in
392 1361 486 1396 foliis
504 1373 654 1407 quercus
670 1361 715 1394 ad
734 1360 850 1393 solum
866 1364 973 1403 caput

171 1414 246 1451 685
272 1415 366 1449 Casu
383 1420 557 1459 ponentes
574 1412 751 1445 modeste:
777 1423 872 1451 non,
895 1416 935 1444 ut
951 1415 990 1442 tu
1008 1407 1071 1448 ais,

219 1467 348 1501 Ebrias
365 1465 495 1510 poculo
513 1471 547 1498 et
563 1463 713 1507 strepitu
730 1462 838 1495 tibiae

220 1517 354 1552 Venari
392 1515 568 1550 Venerem
610 1515 647 1547 in
686 1513 792 1559 sylvis
834 1512 998 1545 incitatas
1038 1520 1162 1543 amore

582 1565 751 1599 marium.

221 1620 303 1654 Tua
319 1631 405 1653 vero
424 1625 539 1652 mater
556 1618 648 1651 inter
663 1616 798 1650 medias
813 1613 965 1649 ululavit

220 1672 326 1707 Stans
339 1669 498 1705 Bacchas
510 1697 520 1711 ‚
547 1682 588 1703 ex
606 1680 733 1703 somno
750 1678 899 1700 movens
916 1676 1058 1709 corpus,

170 1724 245 1759 690
269 1724 466 1769 Postquam
486 1720 623 1755 audivit
637 1719 813 1764 mugitum
830 1718 953 1751 boum.

222 1776 297 1809 Hae
330 1786 416 1808 vero
447 1774 687 1817 abstergentes
713 1776 854 1816 gratum
887 1769 931 1802 ab
964 1766 1075 1801 oculis
1107 1777 1162 1800 so-

586 1835 726 1863 mnum,

220 1877 460 1912 Surrexerunt
475 1881 612 1909 erectae
624 1901 634 1914 ‚
656 1873 795 1908 videres
811 1870 1023 1905 miraculum
1042 1870 1164 1902 mode-

582 1925 683 1965 stiae,

222 1979 388 2019 Iuvenes,
414 1990 522 2018 anus,
543 1976 698 2021 virgines
715 1981 750 2009 et
765 1974 949 2019 innuptae.

224 2031 269 2065 Et
285 2031 443 2076 primum
461 2029 605 2076 quidem
623 2028 843 2062 demiserunt
858 2035 977 2059 comas
994 2023 1031 2056 in
1040 2021 1164 2057 hume-

590 2092 685 2119 rum,

173 2132 248 2171 695
270 2133 316 2168 Et
333 2132 529 2166 induerunt
546 2132 654 2176 pelles
665 2157 674 2172 ‚
697 2129 825 2175 quibus
841 2128 1022 2161 nodorum

224 2185 417 2219 Vinculum
432 2184 588 2218 solutum
607 2188 702 2222 erat,
723 2187 756 2214 et
772 2180 888 2214 varias
903 2178 1012 2224 pelles

226 2236 457 2281 Serpentibus
475 2235 681 2274 cinxerunt,
705 2232 903 2266 lambentes
923 2227 1116 2275 genam‘w).

226 2289 328 2321 Aliae
345 2288 384 2321 in
402 2287 496 2321 ulnis
515 2298 680 2331 capream
701 2290 762 2318 aut
779 2283 915 2317 catulos
933 2283 1101 2325 luporum

226 2340 336 2373 Feros
353 2345 547 2383 gestantes,
569 2338 703 2371 dabant
719 2334 911 2369 candidum
927 2334 994 2373 lac,

177 2392 252 2426 700
277 2390 558 2436 Quibuscunque
576 2401 691 2434 nuper
707 2386 990 2433 parturientibus
1008 2393 1164 2416 mamma

590 2446 666 2474 erat
683 2439 838 2477 turbida,

212 2565 259 2596 39)
280 2563 417 2595 Autonoe]
440 2564 487 2587 Ed.
509 2563 582 2587 ¹558.
604 2563 699 2586 mendo
721 2564 847 2592 typogr.:
867 2562 1000 2584 Autonoe.

213 2607 260 2639 40)
282 2608 434 2631 lambentes
460 2604 571 2636 genam]
599 2606 638 2628 sic
663 2605 746 2629 Editt.
768 2604 860 2635 1558,
889 2603 980 2631 1562.;
1007 2603 1104 2627 Earn-z
1131 2602 1169 2626 ad

248 2643 414 2666 lambentem
439 2646 537 2671 genam
562 2642 608 2668 (Ξ
632 2640 722 2669 Eurip.
749 2640 831 2663 Editt.
856 2638 939 2662 Basil.
961 2638 1051 2667 ¹551„
1078 2638 1168 2665 Bam,

248 2673 636 2707 Musgr.1.12,uoiccc1¹7&va
656 2675 772 2704 Musgr.,
792 2674 861 2697 Fix.:
881 2671 1062 2696 lambentibus
1071 2677 1169 2703 genam

250 2710 295 2741 (=
320 2710 368 2734 Ed.
388 2711 448 2734 Fix.
469 2708 605 2740 λιχμῶσιν
623 2707 729 2741 γένυν).

753 94 875 131 PHIL.
912 95 1025 132 MEL.
1059 96 1261 132 SCRIPTA
1295 96 1631 132 PHILOLOGICA.

2137 99 2213 136 864

1267 182 1465 218 Infantibus
1496 181 1627 216 relictis
1649 181 1767 220 domi:
1807 189 1842 216 et
1867 183 2118 229 imposuerunt
2143 186 2211 220 sibi

1634 230 1849 268 hederaceas

1269 285 1430 319 Coronas
1440 311 1449 325 ,
1476 290 1511 317 et
1524 295 1679 331 quernas
1691 310 1700 325 ‚
1726 290 1761 318 et
1776 296 1819 318 ex
1832 285 1975 320 smilace
1992 287 2133 323 florida.

1266 336 1398 382 Aliqua
1444 347 1529 369 vero
1580 334 1744 381 thyrsum
1792 336 1967 381 accipiens
1978 363 1987 377 ‚
2036 338 2210 384 percussit

1633 392 1786 431 petram,

1267 437 1370 471 Unde
1389 437 1486 471 exilit
1501 435 1633 471 humor
1650 449 1764 484 aquae
1778 437 1935 474 roridus.

1217 487 1290 523 705
1315 488 1396 522 Alia
1414 489 1512 523 misit
1527 489 1679 522 ferulam
1696 489 1734 522 in
1751 496 1896 529 terram,

1266 539 1314 573 Et
1330 538 1398 573 hac
1414 547 1515 585 parte
1532 540 1650 574 emisit
1664 540 1760 575 Deus
1776 542 1914 574 sontem
1932 540 2018 575 vini.

1267 591 1407 637 Quibus
1423 604 1509 626 vero
1528 592 1744 626 desiderium
1762 592 1862 626 lactis
1878 593 2013 631 aderat,

1266 643 1435 677 Summus
1451 643 1570 688 digitis
1587 643 1785 677 dividentes
1801 649 1949 683 terram,

1266 694 1455 728 Habebant
1471 694 1612 739 copiam
1631 694 1750 733 lactis;
1779 707 1820 728 ex
1835 692 2039 729 hederaceis

1216 745 1290 779 710
1314 744 1464 792 Thyrsis
1483 746 1668 780 stillabant
1681 746 1765 779 flavi
1782 746 1894 780 mellis
1915 744 2102 780 humores:

1266 795 1317 830 lta
1342 804 1401 838 ut,
1432 797 1460 832 si
1485 797 1662 837 affuisses,
1693 797 1809 831 Deum
1824 823 1833 837 ,
1865 809 1971 843 quem
1993 808 2090 830 nunc
2113 795 2204 830 vitu-

1627 860 1742 893 peras,

1266 898 1368 933 Votis
1383 911 1567 943 aggressus
1588 912 1677 934 esses
1689 927 1697 939 ‚
1723 899 1921 943 adspiciens
1938 896 2037 932 haec.

1267 948 1509 985 Convenimus
1526 963 1611 984 vero
1630 951 1774 984 bubulci
1791 957 1825 983 et
1840 956 2000 994 pastores
2017 949 2153 989 ovium,

1266 1000 1401 1035 Mutuis
1417 1002 1640 1036 sermonibus
1656 1003 1780 1035 dantes
1796 1001 1947 1035 invicem
1964 1001 2092 1040 rixam,

1216 1049 1290 1085 715
1314 1052 1420 1097 Quod
1436 1050 1615 1086 horrenda
1634 1054 1791 1086 facerent
1807 1059 1842 1086 et
1856 1052 2038 1086 miraculis
2052 1051 2173 1096 digna.

1266 1102 1383 1148 Atque
1401 1103 1579 1148 quispiam
1597 1115 1678 1137 erro
1695 1116 1814 1138 serens
1833 1115 2015 1138 sermones
2031 1103 2069 1136 in
2085 1103 2172 1136 urbe

1266 1153 1366 1187 Dixit
1382 1155 1427 1187 ad
1445 1167 1586 1189 omnes:
1611 1153 1644 1188 O
1661 1166 1759 1188 sacra
1778 1155 1860 1199 iuga

1267 1205 1447 1239 Montium
1467 1203 1688 1246 habitantes,
1711 1205 1816 1239 vultis
1833 1206 2045 1239 venabimur

1267 1256 1414 1301 Agaven
1424 1257 1492 1303 4¹),
1514 1264 1667 1291 matrem
1692 1255 1863 1297 Penthei,
1889 1269 1930 1291 ex
1953 1254 2207 1290 bacchanatio-

1628 1308 1746 1347 nibus,

1216 1358 1290 1394 720
1322 1359 1485 1405 Remque
1510 1366 1649 1403 gratam
1667 1359 1743 1402 regi
1766 1358 1960 1392 faciemus?
1986 1359 2077 1392 bene
2102 1357 2206 1392 nobis

1632 1410 1749 1443 dicere

1266 1461 1371 1495 Visus
1389 1467 1456 1494 est:
1480 1460 1517 1493 in
1533 1460 1680 1494 insidias
1695 1460 1759 1494 sub
1776 1460 1919 1493 frondes
1933 1459 2102 1493 fruticum

1264 1511 1439 1545 Abdimus
1455 1523 1520 1545 nos
1540 1511 1654 1556 ipsos;
1674 1511 1755 1544 illae
1773 1523 1858 1543 vero
1875 1511 2066 1544 constituta

1268 1563 1365 1596 Hora
1384 1563 1632 1608 movebant‘ffl)
1651 1560 1812 1607 thyrsum
1832 1562 1876 1594 ad
1893 1560 2146 1600 Bacchanalia,

1267 1612 1431 1647 Iacchum
1449 1614 1555 1658 pleno
1575 1625 1636 1647 ore
1648 1639 1657 1653 ‚
1685 1612 1776 1647 lovis
1794 1612 1919 1652 filium,

1217 1663 1291 1701 725
1313 1665 1502 1699 Bromium
1519 1665 1743 1698 invocantes:
1770 1670 1865 1698 totus
1881 1675 1984 1698 mons
2000 1663 2126 1708 plenus
2141 1662 2208 1696 fuit

1628 1716 1798 1755 clamore,

1268 1767 1313 1801 Et
1330 1779 1453 1802 omnes
1468 1768 1563 1801 ferae
1575 1794 1584 1808 ‚
1606 1765 1698 1800 nihil
1713 1773 1790 1800 erat
1806 1767 1997 1799 immotum
2017 1776 2133 1799 cursu.

1267 1819 1388 1863 Agave
1407 1831 1493 1852 vero
1511 1819 1663 1853 saltabat
1679 1830 1790 1863 prope
1806 1830 1874 1852 me.

1266 1869 1317 1903 Ibi
1337 1882 1401 1915 ego
1419 1871 1514 1904 exilii
1532 1877 1704 1916 tanquam
1725 1876 1892 1915 capturus
1911 1880 2003 1908 eam,

1267 1922 1488 1956 Fruticetum
1513 1922 1738 1968 relinquens,
1764 1921 1827 1955 ubi
1852 1921 2113 1954 occultaveram
2131 1929 2208 1951 cor-

1629 1985 1707 2017 pus.

1220 2024 1293 2058 730
1322 2023 1383 2057 Illa
1402 2031 1521 2058 autem
1539 2023 1766 2058 exclamavit:
1786 2023 1819 2058 O
1837 2024 1964 2058 celeres
1983 2034 2083 2057 meae
2093 2034 2209 2063 canes,

1269 2074 1531 2120 Investigamur
1549 2089 1568 2109 a
1586 2076 1673 2110 viris
1690 2075 1784 2115 istis;
1803 2087 1914 2122 quare
1932 2075 2124 2121 sequimini
2140 2087 2209 2115 me,
2318 2106 2320 2124 ‹

1270 2127 1490 2173 Sequimini,
1505 2126 1636 2173 thyrsis
1652 2127 1818 2161 manibus
1835 2133 2006 2161 armatae.
2318 2131 2324 2175 f

1270 2178 1344 2212 Nos
1362 2178 1483 2224 itaque
1502 2179 1678 2224 fugientes
1697 2178 1953 2212 declinavimus
2318 2179 2320 2195 ¹

1271 2228 1545 2264 Lacerationem
1570 2228 1807 2264 Baccharum.
1862 2228 1960 2274 Ipsae
1986 2240 2070 2262 vero
2084 2228 2129 2275 43)
2148 2240 2209 2274 pa-

1633 2287 1769 2315 scentes
1787 2279 1937 2314 herbam

1222 2330 1295 2366 735
1329 2331 1467 2367 Vitulos
1493 2332 1701 2367 invaserunt
1723 2344 1803 2366 cum
1831 2344 1941 2366 manu
1969 2343 2043 2366 non
2072 2339 2208 2366 armata

1628 2384 1737 2418 ferro.

1256 2518 1302 2550 41)
1326 2516 1452 2550 Agaven]
1474 2517 1513 2541 sic
1532 2520 1578 2547 (Ξ
1594 2514 1725 2549 Ἀγαυὴν)
1746 2518 1829 2542 Editt.
1851 2518 1925 2543 ¹562.
1946 2519 1972 2541 et
1997 2519 2130 2547 recentt.;
2159 2519 2207 2542 Ed.

1291 2554 1365 2579 1558.
1385 2554 1516 2584 Agavem.
2314 2561 2321 2583 v¹

1253 2596 1301 2627 42)
1329 2594 1486 2626 movebant]
1514 2595 1555 2618 sic
1581 2596 1628 2618 Ed.
1651 2596 1724 2620 ¹553.
1753 2599 1798 2624 t:
1819 2595 1913 2625 Eur-ip.
1941 2593 2067 2624 ἔκιίὀυν;
2093 2596 2207 2627 Musgr.‚
2319 2586 2321 2596 ¹

1288 2631 1362 2654 Fix.:
1382 2631 1618 2660 commovebant);
1637 2631 1685 2653 Ed.
1707 2630 1780 2656 1562.
1799 2631 1952 2654 movebunt.

1253 2673 1300 2705 43)
1320 2674 1398 2703 ipsae
1417 2671 1496 2704 vei-o]
1517 2673 1556 2696 sic
1577 2674 1623 2703 (Ξ
1643 2672 1734 2703 Eurip.
1755 2672 1784 2696 αἱ
1804 2669 1845 2704 δὲ)
1873 2673 1956 2699 Editt.
1976 2675 2094 2701 recent.;
2122 2673 2206 2698 Editt.

1291 2708 1381 2737 1553.,
1404 2707 1477 2731 1562.
1497 2708 1558 2737 Ipse
1577 2714 1652 2731 vero.
