2373 2980
210 106 282 139 855
789 101 909 136 PHIL.
948 102 1059 138 MEL.

261 191 378 224 Solam
400 190 467 221 iam
488 200 542 220 me
559 185 686 220 Achivi

259 239 420 274 Avehent
435 251 452 272 a
477 239 544 272 tuis
568 238 677 272 oculis

260 292 428 326 Caerulea
448 290 484 323 in
500 289 585 322 navi

215 342 308 377 1095
336 341 485 375 Marinis
504 340 624 378 remis,

259 395 327 427 Aut
348 394 384 425 in
399 392 614 426 Salaminem
632 402 767 424 sacram
780 417 789 430 ‚

259 447 328 477 Aut
347 445 383 476 in
401 444 574 476 bimarem
594 441 761 474 verticem

260 494 382 529 Isthmi
396 521 404 534 ‚
433 494 493 527 ubi
508 493 545 525 in
562 492 675 537 portis

259 546 400 590 Pelopis
418 551 500 578 sunt
517 545 627 578 sedes.

503 627 817 677 [Antistropke
845 625 908 673 2,]

215 700 309 734 1100
338 698 408 731 Ubi
427 697 576 731 miserae
596 696 708 735 navis,

260 750 330 783 Per
345 749 501 782 medium
519 748 662 792 pelagus
686 745 800 779 euntis
812 772 820 784 ‚

261 801 415 835 Bifidum
440 799 633 833 sacrarium
646 824 655 837 ,

262 852 408 886 Utinam
427 851 463 883 in
480 850 632 883 mediam
648 847 769 880 navim
785 845 916 878 incidat

262 902 355 947 Ignis
371 902 561 936 fulmineus
577 900 612 932 iu
629 898 769 942 Aegaeo
785 896 896 936 mari,

215 952 312 989 1105
340 953 392 986 Ex
409 953 479 985 alto
496 951 560 984 Ilio
573 977 581 989 ‚
609 949 691 994 quia
709 961 765 981 me
782 945 1063 991 lachrymantem

261 1005 434 1038 Ancillam
454 1001 623 1036 Graeciae
642 1012 683 1032 ex
698 999 813 1043 patria
836 997 946 1031 effert.

259 1058 376 1090 Aurea
396 1066 480 1087 vero
498 1051 638 1096 specula
658 1050 835 1094 virginum

261 1106 412 1139 Delicias
435 1103 541 1138 habet

262 1157 352 1191 lovis
370 1156 458 1189 filia:
487 1154 625 1188 utinam
642 1163 827 1196 nunquam
848 1150 882 1182 in
903 1155 1035 1182 terram

214 1210 311 1244 1110
340 1207 499 1241 Patriam
517 1204 655 1243 veniat,

262 1260 307 1294 Et
326 1260 363 1292 in
383 1270 481 1292 suam
500 1258 646 1289 domum
660 1280 668 1294 ‚

261 1311 384 1355 Neque
402 1309 439 1341 in
455 1308 631 1341 civitatem
646 1305 773 1338 Pitane
785 1330 793 1342 ,

263 1362 308 1395 Et
327 1363 369 1394 ad
387 1360 564 1393 civitatem
580 1358 693 1400 Argos
704 1382 712 1395 ‚

264 1414 416 1446 Portans
434 1410 607 1455 probrum
626 1405 809 1449 coniugale

218 1463 314 1500 1115
342 1462 512 1497 Graeciae
529 1471 696 1504 magnae;

268 1514 435 1549 Troianis
455 1524 539 1545 vero

266 1567 415 1610 Magnas
432 1562 604 1597 miserias.

267 1618 345 1651 Heu
362 1616 449 1649 novi
465 1627 544 1648 cum
561 1611 663 1645 novis
679 1606 887 1642 commutati

267 1668 410 1702 Patriae
428 1677 539 1699 casus.

267 1720 413 1758 Videte,
441 1716 683 1750 Troianorum

221 1772 318 1807 1120
346 1769 497 1803 Miserae
515 1765 681 1808 coniuges
693 1789 701 1802 ‚
729 1759 823 1794 hunc
838 1757 1051 1801 Astyanacta

270 1823 456 1855 Mortuum
469 1845 478 1858 ‚
506 1830 612 1863 quem
630 1816 723 1848 iactu
741 1810 832 1845 tristi
851 1810 894 1842 de
915 1807 1070 1841 turribus

271 1872 534 1906 lntersecerunt.

325 1962 634 2010 [Talthybius,
669 1955 864 1993 Hecuba,
904 1947 1106 1996 Chorus]

276 2035 385 2068 Talth.
414 2031 446 2066 O
463 2030 627 2067 Hecuba,
655 2036 724 2059 una
744 2023 882 2068 reliqua
902 2028 953 2054 est
969 2020 1169 2064 navigatio,

273 2085 375 2130 Quae
392 2082 503 2127 spolia
518 2108 526 2120 ‚
555 2090 645 2125 quae
660 2080 849 2119 supersunt
858 2071 1005 2106 Achillei
1022 2070 1210 2116 sepulchri,

227 2135 322 2172 1125
350 2133 463 2167 Vehet
480 2133 522 2165 ad
541 2132 660 2163 littora
677 2123 893 2160 Phthiotica.

275 2187 350 2232 Ipse
366 2183 622 2229 Neoptolemus
639 2176 813 2215 discessit,
840 2187 951 2208 novas
967 2175 1136 2219 quasdam

275 2237 501 2272 Calamitates
518 2232 615 2266 Pelei
630 2242 709 2263 cum
729 2226 938 2264 audivisset,
973 2226 1068 2270 quod
1094 2226 1209 2269 ipsum

640 2293 680 2314 ex
697 2278 813 2324 patria

270 2339 421 2374 Eiecerit
433 2337 599 2384 Acastus,
626 2331 744 2366 Peliae
762 2329 864 2363 filius.

274 2391 382 2425 Cuius
417 2399 520 2421 causa
558 2384 677 2423 citius,
720 2392 828 2426 quam
857 2379 1005 2423 gratiam
1044 2376 1209 2409 manendi

627 2433 763 2468 habens
775 2458 783 2471 ‚

227 2493 323 2528 1130
350 2490 533 2527 Discessit;
565 2493 598 2520 et
620 2498 698 2519 cum
722 2484 799 2528 ipso
823 2477 1093 2518 Andromache,
1122 2490 1211 2524 quae

637 2535 830 2569 multarum
846 2529 935 2565 mihi

273 2591 553 2638 Lachrymarum
582 2599 683 2621 causa
710 2585 796 2624 fuit,
837 2584 981 2629 quando
1011 2581 1211 2615 discedebat

639 2650 680 2671 cx
698 2643 812 2674 terra,

272 2695 430 2728 Patriam
447 2693 588 2736 lugens,
617 2696 649 2722 et
667 2686 828 2721 Hectoris

1093 102 1291 137 SCRIPTA
1320 102 1654 137 PHILOLOGICA.

2166 104 2239 138 856

1302 189 1496 222 Tumulum
1517 188 1712 232 alloquens.
1768 186 1812 219 Et
1832 199 1870 221 ea
1891 188 1991 232 petiit
2008 200 2024 221 a
2046 195 2098 227 te,

1224 215 1227 284 l
1303 241 1351 273 Ut
1367 239 1514 283 sepelias
1530 236 1623 271 hunc
1641 243 1835 277 mortuum,
1857 239 1917 283 qui
1936 241 2062 273 cadens
2079 252 2119 273 ex
2135 252 2238 273 muro

1225 287 1228 331 l
1255 289 1351 326 1135
1379 289 1506 323 Amisit
1523 290 1677 322 animam
1690 315 1699 328 ‚
1726 289 1816 322 filius
1834 290 1885 322 tui
1900 289 2078 329 Hectoris;

1226 343 1228 380 !
1302 342 1347 374 Et
1371 341 1475 374 simul
1499 341 1646 384 sepelias
1673 340 1834 384 clypeum
1859 338 1952 373 hunc
1976 354 2144 382 aeneum,
2182 342 2242 387 qui

1226 387 1229 426 l
1662 391 1729 423 suit
1743 397 1858 424 terror
1874 389 2091 426 Achivorum
2105 420 2114 433 ,

1227 477 1229 483 ‚
1306 444 1386 486 Quo
1405 448 1505 485 pater
1523 440 1626 475 huius
1645 443 1734 475 circa
1757 442 1865 475 latera
1886 442 2030 477 indutus
2047 450 2113 477 est:

1227 488 1229 536 Ῑ
1306 495 1356 527 lNe
1375 499 1520 535 cogatur
1536 493 1648 536 ipsum
1668 494 1758 525 serre
1778 493 1814 525 in
1829 494 1925 526 Pelei
1945 495 2089 527 domum
2102 521 2110 533 ‚

1227 543 1229 588 f
1306 545 1428 588 Neque
1446 544 1481 576 in
1499 546 1650 577 eundem
1668 542 1877 585 thalamum,
1894 545 1930 577 in
1946 557 2017 590 quo
2035 545 2101 578 erit
2116 556 2244 589 sponsa

1258 595 1353 629 1140
1382 595 1498 627 Mater
1522 593 1626 628 huius
1651 596 1852 634 cadaveris,
1890 603 1929 629 ut
1952 596 2088 629 videret
2118 607 2246 629 monu-

1663 653 1823 679 mentum
1847 647 1992 681 doloris.

1305 697 1370 729 Sed
1400 709 1464 741 pro
1488 697 1632 729 cedrino
1657 698 1807 737 feretro,
1849 704 1882 730 et
1903 710 1968 742 pro
1991 709 2095 732 saxeo
2120 710 2246 731 monu-

1665 755 1785 781 mento

1306 799 1460 842 Sepelire
1477 811 1555 832 eum
1577 799 1612 831 in
1630 796 1697 832 hoc
1714 800 1837 844 clypeo
1849 826 1858 839 ‚
1887 806 1920 832 et
1938 799 1975 832 in
1993 807 2052 833 tua
2068 797 2214 833 brachia

1228 885 1230 893 ,
1307 849 1407 883 Iussit
1424 851 1526 889 dare,
1554 857 1593 883 ut
1609 851 1760 884 adornes
1776 851 1927 884 cadaver
1941 851 2054 896 peplis

1228 938 1230 952 y
1305 900 1351 933 Et
1370 913 1473 935 ornes
1493 901 1652 941 coronis,
1682 909 1851 946 quantam
1871 908 1988 946 potes,
2016 908 2055 935 ut
2073 908 2131 935 tua
2150 912 2244 934 nunc

1228 956 1230 996 l
1663 959 1713 985 est
1734 954 1890 987 fortuna.

1228 1009 1231 1062 *i
1260 1000 1354 1035 1145
1368 1002 1459 1036 Nam
1474 1003 1547 1046 ipsa
1562 1009 1676 1036 mater
1689 1004 1790 1042 abiit;
1808 1004 1988 1037 festinatio
2002 1004 2095 1037 enim
2110 1002 2248 1037 domini

1306 1053 1448 1096 Eripuit
1466 1054 1687 1087 occasionem
1705 1055 1896 1099 sepeliendi
1912 1055 2037 1089 filium.

1307 1104 1381 1137 Nos
1396 1103 1521 1147 igitur,
1549 1105 1633 1137 dum
1651 1111 1689 1138 tu
1706 1107 1859 1139 adornas
1877 1107 2044 1146 cadaver,

1307 1154 1459 1188 Terram
1503 1156 1637 1188 interea
1680 1156 2005 1190 circumscribentes
2023 1183 2032 1196 ‚
2085 1167 2248 1189 eruemus

1660 1203 1774 1241 hasta.

1308 1256 1365 1290 Tu
1387 1268 1493 1302 quam
1510 1256 1692 1290 celerrime
1707 1258 1761 1290 sac
1778 1258 1960 1292 mandata.

1261 1306 1357 1342 1150
1384 1308 1439 1340 Ab
1453 1319 1526 1340 uno
1544 1307 1667 1340 labore
1686 1314 1718 1341 te
1734 1308 1894 1342 liberavi.
2363 1301 2369 1315 ¹'

1309 1358 1516 1392 Scamandri
1534 1358 1627 1390 enim
1644 1357 1731 1391 haec
1749 1359 1923 1393 transiens
1939 1359 2070 1393 fluenta
2083 1385 2091 1398 ‚

1309 1409 1399 1442 Lavi
1415 1410 1585 1449 cadaver,
1613 1415 1647 1441 et
1664 1410 1793 1443 detersi
1812 1410 1972 1443 vulnera.

1310 1461 1378 1494 Sed
1394 1461 1486 1493 vado
1505 1460 1659 1493 facturus
1677 1458 1902 1504 sepulchrum
1913 1486 1923 1500 ‚

1311 1512 1359 1544 Ut
1375 1511 1565 1544 accelerata
1581 1511 1681 1544 vobis
1689 1511 1735 1557 ⁷⁰)
1752 1523 1829 1544 mea
1848 1509 1960 1544 officia
1973 1535 1982 1548 ‚
2010 1514 2043 1540 et
2058 1514 2117 1541 tua

1263 1561 1359 1597 1155
1389 1562 1644 1595 Concurrentia
1657 1588 1665 1601 5
1691 1562 1837 1595 domum
1856 1562 1987 1594 ducant
2003 1558 2136 1592 navim.

1311 1617 1390 1648 Hec.
1418 1613 1545 1646 Ponite
1565 1618 1746 1645 tornatum
1763 1613 1925 1657 clypeum
1943 1612 1980 1644 in
1996 1609 2091 1650 5010,

1312 1665 1429 1697 Triste
1451 1664 1688 1707 spectaculum
1700 1690 1708 1703 ,
1736 1670 1769 1696 et
1786 1675 1858 1696 non
1877 1669 2016 1707 gratum
2034 1658 2135 1694 mihi.

1312 1715 1344 1748 O
1361 1714 1529 1748 habentes
1544 1715 1718 1748 maiorem
1736 1721 1912 1748 tumorem
1927 1711 2119 1758 potentiae,
2144 1722 2250 1756 quam

1672 1766 1798 1798 animi:

1314 1818 1407 1862 Quid
1424 1815 1518 1850 hunc
1533 1815 1659 1851 Achivi
1676 1829 1823 1861 puerum
1841 1820 2056 1853 metuentes,
2084 1813 2224 1846 caedem

1264 1870 1362 1904 1160
1390 1869 1529 1903 Novam
1548 1868 1732 1912 patrastis,
1758 1880 1802 1901 ne
1821 1867 1984 1900 videlicet
1999 1864 2147 1897 Troiam

1314 1921 1514 1964 Collapsam
1532 1919 1755 1953 restitueret?
1782 1917 1885 1952 nihili
1903 1916 2009 1951 eratis
2026 1913 2201 1948 homines.

1315 1972 1403 2005 Cum
1423 1971 1573 2004 Hectore
1590 1971 1739 2003 florente

1313 2022 1448 2056 Perditi
1466 2022 1592 2062 simus,
1620 2028 1653 2054 et
1669 2034 1746 2054 cum
1764 2021 1926 2055 adessent
1943 2017 2121 2052 innumeri
2137 2015 2239 2050 socii:

1314 2074 1417 2108 Nunc
1436 2079 1537 2117 capta
1555 2074 1660 2112 urbe,
1689 2080 1723 2106 et
1737 2073 1858 2106 deletis
1876 2071 2095 2116 Phrygibus,

1265 2124 1362 2159 1165
1398 2124 1596 2158 Tantillum
1629 2136 1779 2168 puerum
1815 2122 1970 2156 timetis?
2030 2120 2111 2155 Non
2146 2118 2253 2151 laudO

1679 2182 1811 2208 metum
1823 2201 1832 2214 ‚

1316 2227 1350 2260 Si
1369 2227 1446 2272 quis
1463 2227 1605 2266 metuit,
1632 2239 1710 2260 cum
1730 2238 1801 2258 non
1823 2223 2000 2257 convenit.

1315 2278 1348 2311 O
1373 2276 1598 2318 charissime,
1632 2283 1671 2311 ut
1694 2277 1758 2309 tibi
1784 2276 1984 2309 miseranda
2012 2285 2108 2306 mors
2133 2282 2254 2316 super—

1674 2328 1782 2362 venit.

1315 2380 1349 2414 Si
1368 2380 1507 2413 adultus
1524 2392 1613 2413 esses
1629 2386 1789 2413 mortuus
1806 2390 1870 2423 pro
1894 2378 1980 2411 urbe
1992 2404 2001 2417 ‚
2354 2362 2361 2400 l?

1315 2431 1428 2464 Ducta
1446 2443 1555 2465 uxore
1572 2438 1606 2464 et
1620 2431 1656 2464 in
1674 2431 1825 2475 imperio
1837 2430 1901 2476 ⁷¹),
2354 2419 2361 2426 Μ

1299 2547 1346 2580 70)
1366 2548 1457 2576 vobis]
1483 2547 1522 2570 sic
1546 2546 1628 2571 Editt.
1652 2545 1741 2575 1558„
1774 2545 1848 2570 1562.
1875 2544 1952 2575 quasi
1976 2544 2089 2575 legisset
2116 2543 2251 2573 interpres

1333 2580 1416 2641 ᾐμοιιξζςς
1453 2582 1535 2605 Editt.
1555 2582 1656 2605 recent.
1678 2580 1778 2612 (aeque
1795 2586 1828 2604 ac
1846 2580 1894 2604 Ed.
1916 2579 1998 2603 Basil.
2020 2578 2108 2610 155¹.)
2134 2575 2201 2608 ἡμῖν
2219 2590 2253 2595 -

1298 2661 1346 2686 71)
1366 2659 1392 2682 in
1412 2658 1541 2688 imperio]
1568 2658 1609 2682 sic
1634 2658 1681 2682 Ed.
1699 2658 1789 2687 1558.;
1819 2658 1867 2681 Ed.
1884 2657 1956 2681 ¹562.
1977 2656 2105 2686 imperim
2137 2655 2252 2686 Musgr„

1330 2695 1390 2719 Fix.
1411 2693 1456 2724 (-=·
1475 2696 1542 2718 text.
1563 2695 1619 2722 gr.)
1637 2694 1734 2716 nactus
1755 2710 1760 2716 .
1780 2711 1785 2716 .
1807 2710 1812 2715 .
1831 2692 1970 2722 imperium
1991 2691 2042 2714 dits
2059 2690 2183 2720 aequale.
