2373 2980
189 119 261 154 147

288 215 320 236 v.
349 201 408 236 58.
447 199 617 246 θαύματ’
643 197 810 247 ἰδέσθαι]
847 199 1024 232 mirabilia
1048 198 1175 239 videri,

183 252 250 289 hoe
275 259 346 293 est,
380 264 469 297 quae
495 252 653 289 mireris,
680 251 708 284 si
731 250 862 284 videas.
914 250 1035 284 Latini
1052 249 1177 284 dicunt

184 305 273 339 visu.
340 302 467 337 Graeci
500 313 584 334 vero
619 302 770 335 libenter
795 301 927 335 crebris
949 301 987 335 in
1011 301 1174 335 oratione

182 360 332 389 utuntur
349 352 544 385 infinitivis.

284 425 318 445 v.
337 411 396 445 63.
423 409 559 456 μήποτ’
579 409 700 455 ὄληαι]
730 423 795 455 pro
815 410 900 457 ὅλη,
928 411 971 444 ab
989 410 1096 447 ὅλλω.

283 482 315 503 v,
334 468 394 503 64.
423 466 644 515 εἶςαφίκηαι]
672 467 824 509 Venias,
859 469 1104 503 subiunctivus
1119 467 1174 502 Io-

179 532 290 554 meus.

282 592 315 613 v.
336 578 396 613 66.
428 579 555 623 χεῖρας
579 577 690 623 ἔχων]
714 574 952 617 ὖποτύπωσις
978 579 1171 611 admodum

180 629 346 663 iucunda.
400 629 525 663 Monet
547 627 606 663 hic
632 629 737 662 etiam
762 635 887 673 pocta,
910 630 983 662 sere
1011 630 1173 661 incautos

181 693 253 715 esse
270 679 487 714 Thrasones.

277 753 310 774 v.
330 739 390 774 69.
417 738 557 783 κύμασι
582 735 821 784 πορφυρέοις]
849 735 998 782 αὔξησις
1024 743 1075 770 est
1098 749 1172 769 am-

178 791 349 837 plissima.
394 789 601 823 Aristoteles
620 789 655 821 in
673 788 792 820 libello
810 786 892 833 περὶ
905 784 1171 833 χρωμάτωνῧο)

177 844 295 876 reddit
319 841 494 874 rationem
508 867 517 881 ‚
550 852 659 885 quare
676 845 802 884 poetae
821 851 1021 883 purpureos
1045 838 1172 873 fluctus

180 894 400 939 appellitent.

282 966 315 987 v.
335 952 394 986 70.
427 951 613 996 ἄχρηστον
627 945 846 995 μετάνοιαν]
873 947 1010 982 Noema
1035 949 1172 993 pulcer-

181 1006 323 1037 rimum.
368 1002 519 1035 Liviana
537 1013 605 1033 vox
621 1006 688 1033 est:
712 999 872 1032 Eventus
889 999 1080 1033 stultorum
1098 1012 1172 1032 ma-

180 1056 286 1099 gister
296 1054 355 1100 ³¹).

280 1127 314 1148 v.
338 1113 399 1147 73.
449 1107 553 1146 δεινὰ
585 1108 621 1145 ‹5'
647 1105 985 1155 §neorovdxageffiss
1029 1107 1172 1141 Graeci-

180 1178 294 1206 smus,
323 1163 436 1210 qualis
452 1169 519 1196 est:
548 1159 768 1194 horrendum
790 1160 939 1199 clamat,
973 1170 1039 1203 pro
1057 1157 1172 1191 horri-

180 1217 310 1249 biliter.
363 1214 425 1247 Est
445 1225 529 1246 vero
554 1210 782 1256 amplificatio
808 1210 946 1253 egregia
976 1222 995 1242 a
1023 1209 1172 1243 circum-

181 1267 330 1301 stantiis.
409 1261 534 1310 φόβου
554 1260 768 1307 κρυόεντος]
796 1261 1010 1304 Perelegans
1032 1258 1174 1296 ὑποτύ-

181 1329 295 1356 πωσις
313 1322 346 1348 et
363 1315 429 1347 alin
449 1322 554 1359 :itque
575 1314 642 1345 alia
668 1312 945 1346 circumstantia.
1004 1311 1072 1345 Sed
1096 1324 1173 1345 ver-

181 1381 283 1403 suum
301 1368 389 1400 ordo
408 1365 496 1399 nlius
515 1371 564 1398 est
580 1362 648 1396 hoc
666 1364 744 1396 loco
762 1363 799 1395 in
814 1362 924 1396 veteri
943 1363 1146 1407 exemplari.

285 1440 317 1461 v.
336 1426 395 1459 77.
423 1423 495 1459 ἀπὸ
513 1420 711 1467 στόματος]
730 1421 779 1454 lta
798 1422 1014 1461 recensebat,
1035 1428 1074 1455 ut
1092 1435 1173 1456 nus-

183 1490 290 1524 quam
308 1476 538 1519 impingeret,
564 1475 659 1518 quod
678 1473 822 1506 Graecis
848 1479 899 1506 cst
923 1471 1175 1518 ἀποστοματί-

183 1529 276 1572 ζειν,
306 1528 513 1560 memoriter
531 1525 698 1563 recitare,
727 1535 1020 1556 commemorare.

288 1600 319 1620 v.
336 1587 396 1619 78.
433 1583 501 1629 οὐχ
528 1582 626 1618 οὕτω
650 1579 839 1626 νώτοισιν]
868 1582 1099 1626 Comparatio
1126 1589 1176 1616 est

185 1652 202 1671 a
221 1637 383 1672 dissimili
401 1643 434 1669 et
449 1637 492 1668 ab
511 1634 684 1678 exemplo.
739 1633 847 1666 Grata
866 1633 950 1665 item
970 1631 1175 1672 ἀντίθεσις;

184 1689 378 1735 pugnantia
397 1687 489 1720 enim
509 1685 655 1718 nomina
679 1690 956 1728 componuntur.
1035 1680 1177 1731 φόρτον

186 1740 335 1787 ἔρωτος]
364 1751 453 1772 onus
471 1736 622 1775 amoris,
650 1735 758 1768 veluti
777 1741 929 1779 gratum.

287 1812 319 1832 v.
341 1798 400 1832 79.
428 1795 483 1832 ὅτ’
513 1792 713 1841 Εὐρώπην]
740 1794 870 1827 Dixere
895 1793 1024 1828 Graeci
1047 1790 1177 1839 Εὐρώ-

186 1863 275 1895 πην,
305 1851 400 1895 quod
418 1849 462 1882 sit
479 1846 675 1880 fluviatilis:
705 1852 777 1878 tota
797 1845 928 1890 quippe
945 1844 1063 1878 Africa
1082 1846 1176 1878 hona

187 1914 268 1945 pars
286 1907 336 1934 cst
350 1900 455 1933 Asiae
471 1899 534 1931 sub
551 1897 687 1930 torrida
706 1908 808 1929 zona.

290 1974 320 1994 v.
340 1960 399 1994 80.
434 1954 642 2001 ἐπινώτιον]
677 1956 958 2000 propendentem
980 1967 1086 1999 super
1110 1961 1179 1988 ter-

187 2025 288 2056 gum,
313 2009 382 2044 hoc
399 2016 467 2050 est,
493 2014 693 2051 susceptum
711 2007 747 2038 in
767 2013 917 2051 tergum.

291 2084 322 2103 v.
345 2070 404 2104 87.
438 2067 546 2103 πέσεν
564 2065 708 2110 ὕπτιος]
734 2066 941 2109 perelegans
965 2071 1016 2098 est
1037 2060 1180 2098 ὑποτύ-

188 2132 320 2162 πωσις,
356 2133 411 2154 res
430 2121 477 2152 ita
500 2118 633 2164 quippe
659 2128 821 2160 expressa
847 2115 983 2154 verbis,
1018 2121 1058 2147 ut
1083 2114 1179 2148 cerni

189 2173 295 2205 veluti
316 2172 352 2204 in
371 2171 513 2216 speculo
534 2170 709 2201 videatur.

291 2245 323 2265 v.
341 2231 401 2265 93.
429 2229 472 2266 οὐ
490 2225 689 2274 λήσειςδῧ)]
718 2226 846 2260 Oratio
870 2226 1095 2269 perelegans,
1123 2236 1181 2258 cu-

192 2282 243 2315 ius
261 2283 445 2316 exordium
470 2294 488 2313 a
512 2279 618 2312 minis
640 2285 710 2317 est,
745 2284 779 2310 et
803 2283 875 2309 tota
901 2282 1042 2320 praeter
1067 2275 1182 2308 minas

191 2331 280 2365 nihil
300 2340 360 2366 est.
415 2331 617 2376 Amplificat
633 2335 749 2362 nutem
768 2341 842 2361 rem
861 2327 979 2361 statim
1003 2339 1021 2359 a
1040 2327 1130 2359 loco.

228 2482 275 2507 30)
295 2480 410 2503 Aristot.
431 2477 492 2509 ,Ἡρὶ
511 2476 666 2509 χρωμάτων
684 2476 781 2506 081).2.

228 2533 275 2560 31)
296 2531 353 2554 Liv.
372 2531 463 2560 xxu,
481 2530 522 2553 3⁹.

229 2583 276 2610 32)
296 2580 503 2612 ἐπεστονάχιζε]
528 2580 568 2603 sic
594 2579 676 2602 Editt.
699 2578 904 2607 1566—1622.;

265 2614 410 2648 στενάχιζε.

235 2669 282 2695 ³³]
302 2667 403 2698 λήσεις]
425 2667 464 2690 sic
483 2665 564 2689 Editt.
588 2664 679 2690 ¹566..
700 2662 773 2686 ¹570.
795 2663 820 2685 Ιι-
841 2663 859 2687 1.
879 2664 906 2685 et
926 2662 951 2685 in
971 2663 1064 2689 textu;
1099 2660 1182 2684 Editt.

270 2701 458 2726 2607-1622.
479 2700 504 2723 in
525 2701 573 2723 hoc
595 2698 698 2722 scholio
719 2695 802 2726 λέσις,
821 2697 846 2719 in
867 2699 941 2720 textu
962 2698 1051 2719 autem
1071 2693 1167 2724 λήσεις.

939 2577 988 2600 Ed.
1008 2577 1100 2600 Herm.
1120 2572 1183 2598 ἑπε-

764 115 887 150 PHlL.
922 113 1036 149 MEL.
1069 110 1271 148 SCRIPTA
1296 110 1633 149 PHILOLOGICA.

2146 112 2220 149 148

1328 210 1363 232 v,
1389 197 1450 232 96.
1484 195 1722 246 παγκρατίῳ]
1758 197 1844 231 Tria
1869 197 1974 242 ponit
1997 197 2219 232 Graecorum

1226 246 1284 281 hic
1303 248 1512 289 certamina,
1526 249 1765 294 pancratium,
1781 249 1911 282 luctam
1930 254 1964 281 et
1980 260 2134 283 cursum.
2164 248 2219 282 De

1228 298 1414 344 pancratio
1431 299 1510 332 vide
1527 299 1658 333 Aulum
1674 299 1829 333 Gellium
1845 299 1907 334 lib.
1923 300 1983 334 18.
2005 312 2083 345 cap.
2097 298 2219 347 269⁶).

1329 362 1364 384 v.
1387 349 1448 383 97.
1489 349 1561 395 ἔχει
1584 346 1688 396 θεὸς]
1721 350 1838 383 Habet
1859 349 1956 384 Deus
1978 350 2111 385 iustum
2137 362 2220 384 ocu-

1227 400 1299 433 lum
1311 425 1321 440 ,
1348 400 1449 445 quasi
1467 400 1578 433 dicat:
1614 400 1710 434 Deus
1728 400 1828 434 iustis
1847 401 1967 434 omnia
1983 401 2081 435 videt
2102 413 2123 435 o

1225 447 1358 498 γνώμη
1374 457 1445 490 est,
1473 463 1542 495 qua
1559 451 1638 484 finit
1654 451 1928 487 oratiunculam.

1328 513 1362 534 v.
1389 502 1473 534 100.
1511 500 1743 547 Λειχοπίναξ
1772 503 1910 547 lingens
1946 502 2105 543 tabulas,
2145 501 2220 540 ἄπο

1225 553 1293 586 τοῦ
1325 548 1457 595 λείχειν
1480 549 1548 590 ’τὰς
1577 550 1755 598 πίνακας,
1791 554 1962 599 quoniam
1987 552 2114 587 lambit
2138 565 2220 598 par-

1227 602 1368 646 opsides
1387 607 1421 634 et
1438 604 1604 647 quadras.
1652 603 2003 652 ΏεΠθτῘῴῐεᾶθτῃὸ).

1329 664 1363 685 v.
1383 652 1466 686 101.
1493 650 1618 688 δεινὸν
1638 651 1676 688 δ’
1700 653 1901 703 ἐξολόλυξε]
1929 655 2084 699 graviter
2105 654 2219 688 ulula-

1225 701 1288 736 vit.
1355 702 1465 735 Verbi
1494 701 1614 743 δεινὸς
1645 705 1743 737 varia
1773 706 1826 740 vis
1857 712 1891 738 et
1915 705 2126 750 significatio
2149 711 2220 745 est3

1225 766 1308 786 nam
1328 759 1473 797 potens,
1499 755 1640 795 valens,
1668 755 1808 796 efficax,
1835 756 1972 800 gravis,
1999 756 2169 790 terribilis
2185 761 2222 789 et

1226 804 1394 850 quicquid
1431 803 1621 839 vehemens
1655 812 1725 846 est,
1765 807 1948 851 significat.
2022 803 2221 852 ἔξολόλυξε,

1225 855 1375 889 ululavit
1386 881 1396 895 ,
1421 855 1457 888 in
1473 863 1626 902 utroque
1643 857 1752 890 verbo
1769 856 2038 902 ὄνοματοποιΐα
2053 864 2116 891 est.

1328 918 1361 939 v.
1382 907 1464 940 103.
1491 905 1554 941 καὶ
1569 904 1668 954 τότε]
1696 907 1802 952 Quod
1821 909 1885 942 sub
1903 908 2098 941 diluculum
2121 906 2221 940 iubet

1226 957 1416 989 convocari
1440 957 1668 998 concionem,
1695 958 1830 992 indicat
1847 971 2016 1003 praeceps
2031 957 2220 991 consilium

1226 1007 1485 1051 inauspicatum
1504 1021 1576 1042 esse
1594 1009 1725 1048 solere;
1752 1010 1812 1043 ubi
1837 1022 1922 1042 vero
1947 1020 2143 1053 parumper
2163 1020 2220 1042 res

1224 1058 1421 1098 refrixerit,
1456 1071 1525 1104 qua
1549 1060 1846 1101 molestabamur,
1889 1060 2045 1104 aptiores
2069 1060 2114 1092 ad
2137 1071 2221 1092 con—

1225 1109 1428 1141 sultandum
1446 1122 1511 1143 nos
1525 1111 1613 1144 fieri.
1653 1111 1744 1144 Vide
1762 1111 1926 1155 adagium
1948 1109 1987 1146 ἓν
2003 1107 2112 1146 νυκτὶ
2127 1108 2222 1156 βου-

1225 1157 1288 1204 λὴ,
1315 1159 1352 1191 in
1369 1166 1471 1193 nocte
1488 1161 1673 1194 consilium
1685 1161 1745 1207 85).

1327 1223 1360 1243 v.
1379 1208 1463 1244 105.
1491 1210 1630 1256 πατρὸς
1646 1209 1852 1257 δυστήνου]
1880 1211 2076 1245 Conversio
2098 1208 2220 1244 rheto-

1224 1260 1297 1292 rica
1325 1262 1369 1293 ad
1395 1258 1636 1310 Ψιχάρπαγα,
1673 1275 1764 1307 quae
1788 1269 1910 1296 movet
1931 1259 2056 1301 πάθος
2079 1274 2100 1295 a
2126 1274 2222 1295 com-

1225 1311 1467 1346 miseratione.

1328 1375 1361 1396 v.
1379 1363 1464 1397 110.
1491 1358 1522 1397 ὦ
1544 1361 1662 1411 φίλοι]
1690 1364 1754 1398 His
1775 1364 1869 1398 binis
1885 1363 2066 1398 versiculis
2082 1368 2223 1396 constat

1228 1413 1431 1451 exordium;
1457 1413 1634 1457 principio
1653 1414 1819 1447 conciliat
1835 1414 1902 1448 sibi
1919 1413 2100 1447 auditores
2121 1411 2223 1446 sche-

1227 1470 1321 1496 mate
1336 1461 1515 1497 rhetorico
1527 1492 1536 1505 ‚
1563 1463 1692 1499 scilicet
1708 1465 1941 1498 translatione
1952 1493 1962 1505 ‚
1996 1476 2075 1498 cum
2093 1475 2134 1496 ex
2150 1464 2224 1508 pri-

1228 1521 1308 1547 vata
1327 1527 1429 1548 causa
1449 1516 1627 1559 publicam
1645 1517 1748 1557 facit,
1774 1516 1863 1550 sicut
1878 1516 1928 1550 M.
1946 1515 2071 1550 Cicero
2089 1515 2126 1547 in
2143 1526 2223 1548 ora·

1229 1565 1326 1599 tione
1344 1578 1409 1610 pro
1425 1566 1608 1600 Marcello.
1660 1567 1705 1600 Et
1726 1579 1770 1600 ne
1794 1568 1889 1600 nude
1916 1572 2117 1612 proponat,
2146 1577 2224 1600 mo-

1230 1623 1288 1650 vet
1311 1614 1447 1655 πάθος.

1332 1680 1365 1701 v.
1384 1669 1468 1702 112.
1496 1666 1570 1713 εἰμὶ
1591 1665 1628 1702 δ’
1655 1666 1812 1716 e'yubffiss
1847 1667 2101 1702 Narrationem
2128 1667 2223 1700 ordi-

1230 1725 1288 1752 tur
1308 1719 1351 1751 ab
1367 1719 1510 1759 effectu,
1538 1726 1608 1753 tres
1624 1719 1714 1753 filios
1730 1719 1895 1763 periisse,
1923 1725 1957 1752 et
1972 1731 2081 1764 quam
2096 1718 2223 1751 imma-

1228 1770 1322 1803 niter
1346 1771 1508 1804 edocens.

1334 1834 1366 1854 v.
1391 1821 1474 1855 120.
1519 1819 1599 1854 ἀλλ’
1632 1819 1763 1867 ἄγεθ’]
1797 1819 1972 1853 Hortatur
2006 1821 2051 1853 ad
2081 1819 2223 1853 ultricia

1231 1884 1350 1912 arma,
1378 1879 1483 1917 atque
1501 1871 1617 1905 statim
1638 1871 1827 1905 concludit.
1880 1871 1990 1905 Ponit
2013 1877 2132 1904 autem
2154 1870 2224 1904 Fu-

1231 1930 1350 1957 turum
1371 1923 1601 1955 indicativum
1627 1935 1693 1966 pro
1719 1922 1965 1962 subiunctho,
2000 1934 2072 1967 quo
2096 1933 2223 1966 genere

1231 1974 1402 2020 loquendi
1418 1986 1523 2018 saepe
1540 1973 1663 2006 utitur.

1334 2038 1367 2059 v.
1385 2025 1469 2059 123.
1494 2021 1557 2058 καὶ
1571 2021 1673 2067 τούς]
1696 2023 1918 2056 Describitur
1935 2029 2128 2067 apparatus
2141 2022 2226 2055 belli

1233 2076 1426 2108 admodum
1455 2071 1633 2118 graphice.
1695 2074 1771 2105 Hoc
1795 2074 1927 2118 quippe
1952 2079 2061 2117 agunt
2085 2079 2225 2117 poetae,

1232 2132 1272 2160 ut
1287 2126 1373 2159 alias
1390 2126 1558 2163 doceant,
1587 2124 1674 2158 alias
1697 2125 1890 2164 delectent,
1924 2136 2038 2169 eoque
2055 2124 2224 2158 Horatius

1234 2177 1350 2222 inquit
1359 2176 1405 2222 ⁸⁷)
1418 2189 1423 2208 :

1320 2237 1376 2264 Aut
1399 2234 1538 2272 prodesse
1561 2234 1681 2269 volunt,
1709 2238 1758 2261 ant
1781 2233 1930 2261 delectare
1952 2239 2070 2271 poetae.

1270 2349 1318 2382 34)
1337 2355 1394 2379 cap.
1410 2349 1468 2377 26]
1492 2349 1531 2372 sic
1555 2349 1582 2371 in
1608 2347 1690 2371 Editt.
1715 2347 1861 2377 antiquior.
1887 2353 1909 2372 e.
1929 2354 1950 2371 c.
1970 2347 2020 2371 Ed.
2039 2347 2129 2377 bugd,
2150 2347 2225 2376 ¹56⁰.

1305 2385 1348 2412 8.;
1380 2384 1406 2406 in
1426 2383 1626 2406 recentioribus
1646 2388 1668 2406 c.
1689 2388 1711 2406 r.
1738 2382 1785 2405 Ed.
1807 2382 1926 2405 Gronov.
1953 2380 2053 2411 (bugd.
2071 2382 2130 2405 Bat.
2151 2381 2223 2405 17⁰6.

1304 2417 1363 2448 4⁰.)
1382 2423 1440 2447 cap.
1453 2417 1495 2441 27.

1271 2462 1341 2489 34¹)
1361 2458 1572 2490 Deflerfdytcder]
1594 2458 1633 2482 sic
1652 2459 1716 2482 illae
1733 2458 1832 2485 Editt..
1852 2458 1868 2481 i.
1890 2465 1913 2488 q.
1935 2456 2104 2483 Zenerlectet.

1271 2505 1319 2533 35]
1342 2503 1419 2528 conf.
1440 2503 1472 2525 de
1491 2503 1540 2525 hoc
1565 2502 1710 2531 proverbio
1731 2501 1839 2524 Erasmi
1858 2500 1944 2526 Adae.
1969 2500 2030 2524 chit.
2045 2500 2077 2523 ΙΙ.
2102 2501 2172 2525 cent.
2192 2500 2225 2524 u.

1304 2544 1384 2600 gli-og.
1399 2537 1440 2560 43.
1461 2538 1486 2559 ct
1506 2537 1630 2560 nostrum
1651 2536 1841 2564 proverbium:
1862 2536 1945 2560 &utet
1963 2533 2033 2565 matt)
2053 2533 2145 2559 fumun
2163 2531 2225 2559 iiber

1334 2578 1348 2596 α
1376 2572 1394 2596 t.

1270 2616 1319 2644 36)
1341 2611 1370 2638 δ’
1390 2610 1459 2646 ἰγώ]
1479 2613 1518 2636 sic
1544 2612 1571 2636 in
1595 2613 1646 2636 hoc
1670 2612 1776 2642 quidem
1800 2613 1902 2636 scholio
1922 2611 2006 2637 Editt.
2026 2609 2227 2635 1566-1622.2

1304 2650 1331 2673 in
1351 2650 1427 2672 textu
1446 2650 1535 2671 autem
1553 2653 1638 2677 aeque
1657 2652 1690 2670 ac
1708 2647 1756 2670 Ed.
1775 2647 1865 2670 Herm.
1884 2647 1999 2671 habeut:
2026 2642 2054 2670 δὲ
2073 2644 2131 2669 νῦν.

1270 2692 1319 2721 37)
1337 2692 1432 2716 norat.
1450 2692 1505 2714 Ars
1524 2691 1595 2720 poet.
1613 2689 1672 2714 ³33.
