2373 2980
128 55 226 91 1009
638 56 760 91 LXXI.

177 141 392 175 Oraculum:
428 153 539 175 unum
567 148 707 176 tantum
734 144 842 184 dixit,
865 156 922 177 me
943 157 1017 178 non
1047 145 1122 180 sine

542 194 662 228 liberis

175 243 334 277 Domum
352 244 551 277 rediturum
570 257 663 285 esse,
687 258 803 292 neque
820 247 926 281 etiam
947 255 992 282 te.

125 294 199 329 410
243 297 316 329 Gre.
357 294 390 327 O
414 298 616 329 veneranda
640 295 778 331 Phoebi
806 305 921 332 mater
933 326 941 340 ‚
981 299 1119 333 utinam

542 349 692 381 feliciter

174 396 386 432 Vener-imus
400 396 480 438 huc,
503 400 641 433 utinam
662 402 889 442 commercia,
906 414 997 448 quae
1015 408 1118 435 antea

544 452 700 492 fuerunt,

176 500 316 533 Cadnnt
331 501 481 534 meliora
498 504 594 547 apud
612 504 724 537 filium
742 511 843 537 tuum
853 504 912 551 5Ὶί).
947 520 954 523 -

174 553 284 586 chrle.
310 552 415 586 Fient
432 551 530 587 haec.
572 556 650 600 quis
667 562 717 589 est
733 553 791 589 hic
807 556 971 590 minister
988 555 1080 589 Dei?

175 603 304 650 Ion.⁵5)
338 603 415 649 Ego
438 617 516 638 sum
540 607 627 640 soris
653 607 912 645 internuntius3
945 608 1117 641 interiora

539 658 599 690 alii
619 665 757 699 curant,

124 704 198 740 415
225 706 297 751 Qui
314 708 439 741 sedent
457 709 502 741 ad
520 709 714 754 tripodem,

173 758 376 802 Optimates
394 758 617 804 Delphorum
631 789 639 802 ,
666 774 755 808 quos
772 762 855 806 legit
874 774 962 795 sors.

172 810 340 857 Xuth.5⁶)
367 811 489 845 Teneo
506 814 647 854 omnia,
672 825 764 859 quae
783 813 961 846 volebam.

172 860 378 905 Ingredior;
407 863 559 905 etenim,
585 871 625 898 ut
643 865 765 904 audio,

171 912 241 946 Per
257 920 389 947 sortem
408 915 533 948 cecidit
549 916 696 949 advenis
715 916 900 949 oraculum

120 962 196 999 420
224 965 425 999 Commune
442 973 524 1000 ante
539 968 734 1012 templum;
759 968 926 1000 volumus
941 966 997 999 die

174 1016 249 1049 Hac
263 1017 379 1063 (sacra
398 1018 493 1051 enim
511 1019 578 1065 est)
595 1018 663 1052 Dei
680 1031 806 1064 capere
823 1018 981 1051 oracula.

169 1067 228 1101 Tu
245 1081 331 1101 vero
350 1069 441 1102 circa
460 1082 559 1111 aras,
589 1084 609 1103 o
626 1071 756 1104 mulier
768 1098 776 1110 ‚
801 1071 943 1103 laureos

169 1120 357 1164 Accipiens
374 1133 494 1155 ramos
511 1134 659 1166 precare
675 1135 693 1155 a
713 1122 791 1156 Diis
806 1123 849 1155 de
867 1120 988 1154 liberis

168 1170 269 1204 Felix
285 1173 469 1205 oraculum
488 1186 545 1205 me
562 1175 695 1208 referre
711 1187 752 1208 ex
771 1174 906 1217 templo
926 1170 1114 1215 Apollinis-

119 1220 194 1258 425
221 1224 294 1257 Cre.
320 1223 437 1256 Erunt
454 1222 560 1263 haec,
585 1231 711 1264 erunt,
735 1225 764 1258 si
779 1224 865 1257 velit
880 1223 1010 1268 Apollo

169 1274 273 1308 Nunc
288 1274 426 1318 priores
443 1274 592 1320 iniurias
611 1288 749 1310 sanare.

170 1326 253 1359 Non
271 1327 415 1371 quidem
434 1327 582 1359 omnino
600 1327 668 1360 suit
688 1327 823 1361 amicus
844 1326 960 1365 nobis,

170 1377 239 1410 Sed
257 1378 351 1422 quod
373 1377 487 1417 volet,
514 1378 709 1422 accipiam;
736 1378 833 1412 Deus
853 1378 949 1411 enim
965 1375 1082 1422 est57).

153 1527 200 1559 5⁴)
221 1527 325 1552 utinam
345 1541 378 1547 —
398 1530 483 1553 filium
502 1531 603 1559 tuum]
622 1531 664 1554 his
684 1530 711 1554 in
731 1536 818 1560 marg.
840 1529 891 1553 Ed.
912 1527 987 1553 1562.
1004 1527 1114 1551 additur

186 1563 333 1593 explicatio
349 1572 355 1588 :
377 1566 406 1587 ut
425 1565 582 1588 inveniatur
602 1572 679 1589 meus
699 1572 732 1588 ex
751 1564 880 1594 Apolline
899 1563 989 1591 filius,
1010 1563 1043 1586 de
1062 1568 1114 1592 quo

187 1604 247 1621 cum
266 1598 331 1622 lone
351 1600 412 1622 erat
432 1599 532 1624 lot-uta.

151 1631 199 1663 55)
222 1633 299 1662 lom]
337 1633 377 1657 sic
395 1634 480 1658 Editt.
502 1634 577 1658 1558.
598 1635 624 1657 et
645 1634 776 1663 recentt.;
796 1633 823 1656 in
842 1633 892 1657 Ed.
908 1632 983 1656 1562.
1006 1632 1094 1655 deest.

151 1674 198 1705 56)
219 1675 322 1708 xum]
342 1676 383 1700 sic
401 1676 485 1700 Editt.
510 1676 585 1701 1553.
606 1679 633 1700 et
652 1677 784 1706 recentt.;
809 1676 836 1699 in
854 1675 903 1698 Ed.
926 1675 1000 1699 1562.
1020 1674 1113 1698 omiss.
1139 1661 1142 1673 ¹

152 1718 199 1747 57)
227 1719 317 1743 ΧιιίΙι.
344 1720 464 1743 Primum
482 1731 515 1736 —
534 1720 606 1743 enim
625 1721 677 1744 est.
705 1719 761 1750 (vs.
782 1715 971 1749 401—428.)]
997 1717 1037 1741 sic
1064 1717 1112 1741 Ed.

188 1754 281 1783 &623
305 1755 352 1778 Ed.
373 1755 466 1779 155e.:

224 1789 313 1813 Xuth.
334 1789 454 1812 Primum
475 1789 580 1819 quidem
602 1789 674 1812 Deus
693 1794 814 1811 mearum
835 1787 1076 1816 compellationum

223 1823 344 1850 capiens
364 1824 522 1849 esordium,
541 1824 666 1849 salvent,
687 1823 786 1849 tuque,
807 1826 822 1843 o
846 1826 923 1843 uxor.

222 1856 291 1879 Num
310 1862 374 1879 sero
395 1855 510 1879 veniens
530 1857 557 1878 te
578 1855 696 1884 perculit
717 1850 824 1883 pavor?

224 1891 288 1915 Cre.
320 1890 411 1920 Nihil3
445 1890 597 1920 pervenisti
621 1890 693 1913 enim
718 1889 752 1912 ad
784 1887 1006 1912 sollicitudinem.

537 1925 600 1947 nuni

222 1959 290 1990 Dic,
310 1959 445 1989 quodnam
465 1960 605 1982 oraculum
625 1965 658 1981 ex
677 1957 824 1987 Trophonii
843 1953 923 1980 fers?

223 1994 388 2018 Liberorum
408 1994 542 2023 quomodo
566 1993 644 2016 nohis
663 1998 756 2015 semen
776 1988 977 2015 submittatur?

224 2029 316 2053 Xuth.
336 2028 429 2051 Noluit
448 2028 499 2051 Dei
518 2028 672 2056 anticipare

224 2063 382 2087 oraculum.
420 2063 507 2086 Unum
528 2066 601 2085 certe
622 2062 704 2089 dixit,
726 2067 780 2084 non
801 2060 861 2084 sine
880 2060 974 2083 liber1s

224 2098 339 2121 Domum
363 2100 523 2124 venturum,
544 2103 631 2126 neque
650 2098 677 2119 te
698 2103 730 2120 ex
751 2096 879 2119 oraculis

222 2132 285 2156 Cre.
308 2132 329 2155 0
352 2132 512 2155 veneranda
533 2132 631 2155 Phoebi
651 2133 756 2157 mater,
777 2130 880 2153 utinam
901 2130 997 2152 sancte

223 2167 406 2196 Venerimus3
426 2172 548 2196 quaeque
568 2168 645 2189 nolus
666 2164 830 2189 commercia
848 2164 914 2187 ante
933 2165 1021 2187 erant.

221 2203 327 2224 Autore
345 2201 401 2224 tilio
421 2202 467 2224 tuo
488 2201 515 2224 in
534 2201 631 2224 melius
651 2202 797 2223 mutentur.

223 2236 314 2260 Xuth.
344 2236 433 2259 Erunt
460 2235 535 2259 haec.
586 2235 687 2258 Verum
718 2234 779 2264 quis
811 2232 938 2256 minister
970 2236 1113 2254 sacrorum

535 2266 607 2293 Dei?

222 2304 286 2328 Ion.
311 2305 368 2328 Nos
388 2310 435 2332 ea,
455 2311 525 2334 quae
545 2305 630 2333 foris;
660 2309 730 2334 quae
749 2308 816 2326 vero
836 2301 926 2330 intus,
947 2300 1010 2324 aliis
1031 2305 1113 2323 curae

530 2340 603 2367 sunt,

223 2373 274 2403 Qui
292 2379 379 2402 prope
398 2372 495 2396 sedent
513 2374 665 2403 tripodem,
685 2378 700 2395 o
719 2373 829 2401 hospes,

222 2408 389 2437 Delphorum
408 2407 569 2438 optimates,
589 2414 659 2437 quos
680 2407 765 2437 elegit
783 2411 856 2429 sors.

223 2443 315 2467 Xuth.
336 2444 406 2465 Bene
425 2443 510 2465 haheo
530 2442 581 2465 iam
604 2443 710 2469 omnia,
730 2440 826 2470 quihus
846 2439 1008 2469 indigemus.

223 2478 326 2501 Eamus
345 2476 437 2506 intr03
457 2476 574 2507 etenim,
594 2478 624 2499 ut
642 2482 692 2504 ego
713 2475 803 2502 audio,

223 2511 390 2535 vaticinium
408 2510 505 2533 cecidit
525 2517 574 2540 per
593 2512 696 2534 sortem
716 2510 833 2533 advenis

223 2546 372 2570 Commune
391 2546 456 2568 ante
475 2545 613 2574 templum.
650 2544 796 2568 voluimus
815 2544 843 2566 in
862 2542 906 2565 die

225 2582 282 2605 flac
300 2581 418 2608 (utinam
438 2579 544 2606 fausta]
568 2579 616 2602 Dei
635 2584 733 2608 capere
752 2578 873 2602 oracula.

225 2616 264 2639 'l'u
284 2621 351 2638 vero
370 2615 444 2638 circa
463 2619 528 2636 aras
549 2611 721 2642 laurigeros,
742 2618 757 2635 o
777 2618 858 2637 uxor..
1034 2643 1048 2646 ..

223 2649 368 2679 Accipiens
387 2654 481 2672 ramos
493 2665 500 2674 ,
521 2647 635 2670 idoneos
656 2646 691 2669 ad
709 2648 847 2675 sobolem,
868 2645 992 2674 supplica
1007 2644 1066 2665 Dus

224 2684 344 2707 oracula
362 2690 405 2706 me
424 2683 525 2706 otterre
544 2688 578 2705 ex
597 2681 734 2709 Apollinis
754 2681 870 2709 templis.

120 2727 303 2757 Mummii.
326 2724 432 2754 open.
457 2725 540 2755 Von.
565 2722 687 2752 xvm.

6 2900 7 2904 „
5 2783 7 2877 -„--
5 2727 7 2751 -.
0 2682 8 2695 .-
6 2572 9 2650 ⁴-„-

818 57 1218 94 INTERPRETATIO
1251 57 1376 93 IONIS
1412 59 1661 96 EURIPIDIS.

1061 1888 1114 1912 Sed
1140 1900 1142 1922 1

2072 74 2170 109 1010

1229 147 1302 179 Ion.
1330 145 1512 190 Quidnam
1529 145 1670 193 hospita
1686 149 1802 184 Deum
1820 156 2045 192 sermonibus

1177 196 1252 232 430
1279 196 1449 232 Obscuris
1467 199 1671 234 convicians
1688 201 1886 245 significat?

1225 248 1282 281 An
1301 249 1398 293 cupit
1412 262 1584 295 quaerere
1599 252 1734 298 aliquid
1752 266 1818 298 pro
1836 257 1965 300 putria,

1226 297 1273 331 Et
1289 306 1410 332 tamen
1429 308 1537 341 tacet,
1561 305 1655 347 quod
1677 306 1784 342 taceri
1802 308 1967 351 oportet?

1226 350 1292 382 Sed
1314 351 1384 384 filia
1408 350 1493 386 haec
1506 352 1697 388 Erechthei
1716 357 1802 401 quid
1819 357 1908 391 mihi

1225 399 1340 434 Curae
1359 402 1434 436 est?
1459 410 1492 437 et
1511 406 1595 450 quid
1614 418 1671 439 me
1694 408 1837 452 attingit
1853 410 1969 443 solum
1986 411 2168 448 Atticum?

1589 457 1675 502 quin
1694 460 1810 493 aureis

1174 501 1248 536 435
1273 503 1476 539 Gutturniis
1493 508 1673 549 profectus
1689 511 1732 542 ad
1752 512 1952 555 aspersoria

1223 555 1459 599 Asperginem
1477 558 1650 592 emittam.
1705 561 1772 593 Sed
1795 563 2019 605 castigandus
2036 565 2123 600 mihi

1224 603 1409 640 Phoebus:
1436 608 1521 653 qnid
1539 610 1623 642 facit
1640 610 1793 655 virgines
1811 620 1990 658 stuprans‚

1223 656 1268 689 Et
1284 658 1402 702 perdit
1420 659 1567 701 deinde,
1592 661 1680 693 clani
1702 676 1778 696 euni
1797 666 1971 707 genuerit,

1224 708 1445 743 Morientes?
1469 712 1529 744 sed
1546 723 1591 744 ne
1608 714 1745 758 neglige
1766 713 1872 756 haec,
1887 719 1949 751 sed
1968 731 2047 752 cum
2066 721 2165 753 domi

1583 776 1663 803 er1s,

1172 810 1247 844 440
1272 811 1387 851 „Cole
1405 813 1573 847 virtutem
1588 828 1595 853 3
1620 815 1823 862 quicunque
1842 818 1937 852 enim
1955 818 2143 856 hominum

1223 861 1443 907 „Improbus
1461 873 1531 905 est,
1555 866 1656 899 illuni
1673 867 1732 899 Dii
1750 869 1916 912 puniunt.

1222 914 1449 959 „Quomodo
1472 917 1581 961 igitur
1598 929 1751 964 aequum
1771 927 1822 954 est
1838 933 1900 955 vos
1921 922 2014 967 leges
2032 930 2165 957 morta-

1583 969 1676 1003 libus

1222 1016 1472 1058 ‚‚Scribentes‚
1496 1019 1592 1063 ipsos
1608 1020 1759 1055 iniustos
1775 1034 1848 1056 esse
1860 1023 1875 1055 ⁷?

1221 1067 1289 1100 Sed
1307 1068 1336 1101 si
1350 1069 1478 1103 falsum
1499 1077 1569 1110 est,
1587 1071 1630 1104 sit
1650 1085 1734 1105 sane
1753 1074 1819 1112 ita;
1845 1075 1888 1108 de
1905 1075 2018 1109 altero
2035 1077 2162 1113 dicam.

1140 1079 1144 1154 Ι
1171 1118 1244 1152 445
1260 1119 1400 1154 Poenas
1415 1122 1546 1156 dabitis
1562 1120 1768 1158 hominibus
1784 1125 1932 1159 violenti
1952 1125 2061 1169 thori,

1221 1170 1278 1204 Tu
1297 1178 1331 1204 et
1348 1171 1536 1216 'Neptunus
1562 1180 1596 1207 et
1612 1173 1766 1219 Iupiter,
1797 1178 1857 1222 qui
1877 1178 1914 1210 in
1933 1179 2030 1212 coelo
2048 1181 2164 1213 domi-

1576 1232 1698 1267 natur,

1220 1273 1372 1308 Facietis
1414 1287 1523 1309 vacua
1565 1279 1696 1322 templa
1709 1305 1718 1317 ‚

1588 1330 1725 1363 dantes.

1220 1375 1462 1420 „Voluptates
1481 1378 1576 1412 enim
1594 1392 1680 1424 prae
1698 1381 1873 1415 modestia

1220 1427 1426 1471 „Urgentes
1438 1456 1446 1468 ‚
1479 1430 1609 1464 iniuste
1641 1432 1774 1470 facitis;
1804 1445 1878 1465 non
1913 1434 2066 1478 amplius
2100 1433 2163 1469 ho-

1581 1482 1695 1516 mines

1170 1525 1244 1561 450
1262 1527 1439 1563 Accusare
1456 1531 1588 1566 iustum
1609 1540 1671 1574 est,
1688 1534 1716 1568 si
1734 1532 1881 1578 pulchra
1900 1535 1991 1568 facta
2002 1535 2162 1572 Deorum

1220 1577 1430 1622 Imitemur,
1453 1585 1513 1616 sed
1532 1597 1612 1626 eos,
1632 1586 1692 1631 qui
1710 1587 1841 1619 docent
1856 1584 2010 1633 haec58).

1772 1291 1926 1323 poenam
1968 1281 2163 1315 iniustitiae

1275 1680 1339 1706 Cre.
1359 1683 1449 1706 Erunt
1468 1683 1551 1713 haec,
1572 1685 1662 1708 erunt.
1699 1685 1798 1715 Apollo
1817 1690 1884 1708 vero
1904 1684 1928 1708 si
1942 1686 2010 1709 velit

1272 1717 1348 1739 Nunc
1368 1723 1461 1740 verum
1481 1719 1574 1747 priora
1594 1720 1706 1748 peccata
1726 1720 1881 1748 emendare,

1275 1751 1358 1774 Totus
1379 1752 1486 1781 quidem
1507 1759 1561 1776 non
1580 1754 1663 1776 suerit
1683 1754 1710 1777 in
1730 1760 1781 1777 nos
1801 1754 1915 1778 amicus.

1275 1786 1410 1814 Quantum
1431 1793 1498 1810 vero
1518 1788 1592 1817 vult,
1613 1788 1686 1811 Dens
1707 1788 1777 1811 enim
1797 1790 1856 1820 est,
1875 1788 2016 1818 accipiam,

1140 1827 1144 1869 ι
1204 1818 1250 1847 58)
1272 1820 1324 1843 lon
1354 1820 1488 1849 Quidnam
1508 1834 1538 1839 ·-
1559 1823 1634 1846 haec.
1656 1827 1713 1851 (vs,
1731 1821 1921 1854 429—45l.]]
1943 1823 1983 1847 sie
2001 1824 2050 1847 Ed.
2071 1825 2163 1855 1562.;

1239 1853 1287 1875 Ed.
1309 1854 1400 1877 1555:

1273 1888 1335 1911 Ion.
1358 1888 1491 1916 Quidnam
1513 1890 1687 1913 sermonibus
1706 1890 1815 1920 hospita
1834 1890 1891 1915 Deo

1274 1922 1397 1946 occultis
1417 1929 1527 1953 semper
1546 1925 1704 1948 convicians
1724 1922 1835 1949 innuit?

1273 1957 1328 1980 Aut
1347 1958 1423 1980 certe
1442 1958 1514 1981 solet
1528 1965 1578 1988 pro
1597 1960 1674 1982 terra
1694 1960 1852 1991 vaticinari,

1272 1992 1327 2014 Aut
1345 1991 1448 2021 aliquid
1469 1993 1587 2021 obticet,
1607 2000 1676 2024 quae
1695 1995 1773 2017 sileri
1792 1994 1931 2018 convenit.

1273 2025 1327 2049 Sed
1347 2026 1403 2049 filia
1423 2027 1488 2050 haec
1506 2028 1670 2059 Erechthei,
1690 2029 1753 2058 quid
1773 2029 1836 2052 mihi

1273 2060 1363 2083 Curae
1381 2058 1447 2085 est?
1469 2063 1495 2084 et
1515 2063 1578 2092 qnid
1597 2063 1631 2086 ad
1651 2069 1692 2086 me
1711 2064 1831 2093 pertinet
1849 2061 1962 2093 patria?
1986 2065 2050 2096 quin
2068 2068 2163 2092 aureis

1140 2103 1142 2125 ξ
1273 2095 1430 2118 Gutturniis
1448 2097 1587 2125 profectus
1609 2097 1643 2120 ad
1662 2098 1831 2127 aspersoria,

1272 2129 1453 2160 Asperginem
1473 2131 1624 2156 dimittim:
1644 2133 1692 2154 sed
1713 2132 1891 2162 castigandus
1912 2133 1976 2156 mihi

1273 2163 1415 2194 Phoebus,
1435 2165 1496 2194 quid
1517 2166 1583 2189 facit
1602 2166 1725 2196 virgines
1745 2172 1794 2195 per
1814 2166 1868 2190 vim
1888 2167 2006 2195 violans,

1272 2197 1368 2220 Prodit
1388 2199 1489 2222 liberos
1509 2205 1609 2223 creans
1629 2200 1723 2223 furtim

1273 2232 1442 2264 morientes,
1475 2234 1602 2265 negligas
1634 2241 1669 2258 ne
1698 2236 1725 2257 tu
1758 2233 1881 2264 quidem,
1909 2241 2004 2259 verum
2034 2239 2161 2267 quoniam

1581 2274 1713 2297 intimas,

1274 2299 1403 2324 Virtutes
1423 2307 1600 2332 consequere.
1619 2276 1772 2332 l„Etonim
1794 2302 1947 2332 quicunque
1968 2306 2122 2330 mortalium

1272 2351 1290 2365 „
1300 2334 1443 2363 improbus
1464 2338 1524 2364 est,
1544 2336 1660 2365 puniunt
1678 2335 1732 2358 Dii.

1272 2369 1441 2397 „Quomodo
1460 2369 1545 2399 igitur
1563 2375 1679 2399 aequum
1699 2370 1741 2391 cst
1761 2370 1838 2399 leges
1858 2376 1908 2393 vos
1927 2374 2089 2398 mortalibus

1273 2418 1291 2429 .,,
1303 2403 1477 2433 scribentes,
1495 2403 1571 2432 ipsos
1591 2403 1838 2432 praevaricationis
1858 2411 1922 2428 reos
1943 2405 2029 2431 esse?

1272 2437 1349 2465 Quod
1368 2437 1408 2466 si,
1428 2438 1554 2466 quamvis
1574 2444 1628 2460 non
1646 2437 1700 2465 sit,
1719 2439 1845 2468 sequenti
1865 2446 1932 2464 vero
1953 2443 2025 2471 utar,

1271 2470 1379 2494 Poenas
1396 2474 1509 2501 propter
1527 2472 1666 2495 violentas
1685 2472 1784 2495 dabitis
1801 2473 1954 2498 hominibus
1979 2478 2100 2507 nuptias,

1272 2504 1310 2527 Tu
1332 2507 1359 2528 et
1378 2506 1537 2535 Neptunus,
1558 2508 1585 2529 et
1602 2506 1705 2535 Iupiter
1718 2523 1726 2535 ,
1746 2507 1790 2536 qui
1809 2507 1836 2530 in
1856 2509 1934 2532 coelo
1953 2509 2077 2540 imperat.

1271 2554 1288 2565 .,
1301 2539 1412 2569 Templa
1431 2540 1576 2569 punientes
1596 2542 1686 2564 tamen
1708 2542 1816 2564 scelera
1836 2542 1961 2567 desolata
1980 2545 2103 2569 redditis,

1269 2573 1464 2603 „Voluptates
1484 2575 1556 2598 enim
1576 2575 1666 2604 potius
1688 2580 1766 2605 quani
1786 2577 1994 2606 temperantiam

1272 2609 1468 2637 „sequentes,
1489 2609 1580 2632 iniurii
1600 2610 1676 2632 estis.
1714 2610 1773 2633 Non
1792 2611 1910 2640 amplius
1932 2613 2054 2636 homines

1270 2643 1440 2671 „Accusare
1459 2643 1577 2673 iustum,
1597 2643 1637 2672 si,
1657 2649 1726 2673 quae
1746 2644 1806 2667 Diis
1825 2646 1940 2669 honesta
1961 2649 2033 2675 sunt,

1271 2676 1454 2708 „imitantium
1474 2678 1523 2701 sed
1543 2684 1608 2707 eos,
1628 2678 1674 2708 qui
1693 2679 1789 2701 docent
1809 2679 1881 2702 haee.

1596 2713 1645 2745 64
