2373 2980
203 102 279 140 755

253 189 486 233 Ceciderunt,
505 195 650 239 quando
667 198 825 234 turribus

251 241 393 277 Eversis
409 243 569 278 inscendi
583 258 703 288 naves,

203 294 302 328 1110
323 293 487 339 Remigio
505 294 661 332 bostium
683 306 717 333 et
733 297 844 335 hastis

250 344 294 378 Et
311 357 375 390 per
389 347 632 382 venditionem
644 377 654 390 ‚
677 363 769 397 quae
788 353 827 386 fit
842 364 944 395 auro,

250 395 341 429 Veni
358 397 396 430 in
414 396 508 433 hanc
525 406 657 434 terram
678 402 884 445 barbaram,

248 446 320 481 Ubi
337 450 453 483 servio
470 452 622 496 puellae,

248 498 350 544 Quae
369 507 422 535 est
438 503 600 537 ministra
618 504 716 539 Deae
734 506 926 542 occidentis
943 519 1077 550 cervas,

197 549 297 585 1115
317 551 418 597 Quae
435 555 553 599 puella
571 562 623 590 est
640 557 711 590 filia
730 559 1026 602 Agamemnonis.

243 602 342 636 Alias
359 615 439 639 aras
452 632 461 646 ,
487 606 549 640 ubi
565 609 718 652 pecudes
734 616 950 651 mactantur,

244 652 436 695 Desidero;
461 657 544 692 vivo
562 660 711 693 omnino

245 704 415 740 Miseram
433 708 557 745 vitam.
609 710 649 744 In
670 712 877 747 necessitate
896 718 1019 746 nostra

244 756 328 792 Non
351 758 515 802 laboras,
551 774 630 796 cum
659 761 792 798 habeas
815 764 1003 798 nobiscum
1035 765 1184 798 eandem

604 814 772 859 patriam.

195 861 294 897 1120
314 861 434 895 Mutat
452 869 485 896 te
503 870 563 897 tua
579 865 783 906 calamitas.',

243 912 331 947 Post
345 925 400 947 res
418 916 590 950 secundas
608 917 848 951 infortunium

241 963 361 998 Vitam
379 965 507 999 duram
524 967 609 1001 facit
625 966 901 1014 hominibusffl).

534 1068 746 1118 [strophe
775 1068 835 1118 2.]

240 1135 294 1169 Te
311 1148 416 1177 vero,
443 1149 463 1170 o
486 1137 619 1184 inclyta
639 1138 786 1184 Argiva,

238 1186 350 1222 Navis
369 1186 474 1222 vehet
488 1190 650 1226 domum.

190 1237 290 1274 1125
309 1238 440 1274 Inflans
458 1253 536 1274 cera
552 1242 664 1276 factos

239 1290 405 1326 calamos
421 1292 598 1338 Sylvanus
613 1294 694 1328 Pan

238 1340 401 1386 Impellet
416 1356 553 1384 remos;

291 1508 376 1533 Chor.
397 1510 419 1534 0
434 1509 513 1540 avis,
533 1516 602 1541 quae
620 1510 696 1534 iuxta
713 1515 819 1535 saxosa.

290 1543 370 1567 Ponti
390 1544 454 1573 iuga
471 1545 581 1575 Alc-yon

290 1578 450 1602 Miserabile
469 1580 554 1603 fatum
574 1581 684 1607 cantas,

290 1613 404 1636 Doctam
424 1614 511 1637 doctis
530 1615 752 1643 modulationem,

291 1647 368 1675 Quod
388 1648 513 1672 maritum
534 1649 695 1672 lamentaris
715 1649 856 1680 perpetuis
873 1648 1032 1673 cantilenis.

290 1682 349 1711 Ego
368 1682 416 1705 tibi
432 1688 577 1711 comparor

291 1715 547 1740 Lamentationibns
568 1717 703 1746 implumis
723 1718 796 1745 avis,

290 1750 460 1773 Desiderans
479 1752 646 1775 Graecorum
667 1753 857 1781 celebritates,

288 1784 458 1808 Desiderans
479 1786 592 1809 Dianam
611 1786 767 1816 praesidem
786 1785 936 1816 puerperii,

289 1819 366 1847 Quae
385 1819 419 1842 ad
439 1819 585 1849 Cynthium
604 1821 701 1843 collem
721 1821 835 1844 habitat.

287 1853 322 1875 Et
341 1853 416 1876 iuxta
435 1854 552 1882 palmam
574 1855 757 1878 luxuriantem
776 1855 861 1885 foliis,

286 1887 322 1910 Et
341 1887 445 1911 laurum
460 1894 613 1918 ramosam,
633 1890 661 1912 et

290 1920 443 1944 viridantis
464 1922 538 1946 iuxta
557 1923 692 1946 termitem
711 1929 822 1947 sacrum
841 1923 930 1955 oleae,

287 1955 411 1979 Latonae
430 1957 567 1986 puerperii
586 1958 675 1980 locum
691 1959 810 1988 gratum,

286 1990 322 2013 Et
340 1990 415 2013 iuxta
433 1991 520 2015 lacum
541 1992 696 2015 volventem
717 1998 815 2022 aquam

287 2024 392 2054 Gyen-'s
411 2025 519 2055 plenam
532 2043 540 2055 ,
559 2026 603 2049 ubi
621 2033 726 2057 cycnus
746 2028 874 2050 cantator

286 2059 382 2082 Musas
402 2060 476 2084 colit.

215 2107 263 2140 69)
285 2109 307 2134 Ο
327 2110 422 2133 stillae
435 2122 470 2128 —-
484 2111 646 2136 hominibus.
668 2111 707 2143 (v.
723 2110 944 2144 ilos—nnn
963 2112 1065 2142 siclEd.
1083 2113 1175 2145 1562.;

250 2144 301 2168 Ed.
319 2145 408 2168 1558:

287 2178 309 2202 O
329 2180 429 2202 multae
448 2180 652 2209 lachrymarum
670 2181 884 2211 destillationes,

287 2213 364 2241 Quae
381 2219 468 2243 genas
486 2214 514 2237 in
531 2220 607 2238 meas

286 2247 466 2273 Ceciderunt.
487 2249 593 2278 quando
613 2249 736 2272 turribus

283 2280 464 2305 Pereuntibus
489 2284 637 2306 conscendi
657 2289 743 2307 naves

287 2317 411 2340 Hostium
432 2318 515 2340 remis
536 2319 562 2340 et
582 2318 678 2341 hastis.

284 2349 438 2374 Pretiosam
458 2358 526 2374 vero
546 2358 595 2381 per
614 2352 799 2375 venditionem

283 2385 326 2408 Ad
348 2387 449 2409 terram
469 2387 613 2410 barbaram
632 2387 705 2417 veni,

284 2419 335 2442 Ubi
358 2420 509 2444 venatricis

284 2453 359 2476 Deae
378 2455 548 2478 sacerdotem
567 2454 714 2485 virginem,

282 2487 380 2510 Filiam
398 2490 611 2519 Agamemnonis
630 2490 700 2520 colo,

284 2522 319 2545 Et
337 2527 402 2546 aras
422 2524 578 2546 celebratas
595 2524 740 2547 sacrificiis

285 2555 402 2583 coiens,
422 2559 604 2581 calamitatem
622 2561 755 2588 perpetuo

283 2589 438 2619 Infelicem;
459 2592 485 2614 iu
506 2593 717 2616 necessitatibus
737 2592 806 2616 enim
825 2593 974 2617 servilibus

283 2624 342 2647 Non
362 2625 472 2648 laboras
484 2643 491 2653 ‚
510 2632 578 2655 quae
597 2633 650 2650 una
668 2627 806 2659 educaris,

282 2658 397 2682 Transis
417 2666 487 2682 nune
506 2667 538 2682 ex
556 2661 724 2685 infelicitate.

281 2693 428 2722 „Namque
447 2696 509 2723 post
528 2696 623 2718 bonam
646 2697 782 2720 fortunam
802 2697 903 2721 misere
921 2697 1006 2727 affici,

280 2728 470 2758 „mortalibus
490 2728 584 2760 gravis
603 2729 661 2754 vita
681 2732 731 2755 est.

753 111 876 148 PfflL.
912 113 1026 150 MEL.
1062 113 1265 151 SCRIPTA
1297 114 1638 153 PHILOLOGICA.

2165 124 2240 161 756

1297 201 1343 237 Et
1361 201 1529 237 Phoebus
1544 208 1661 248 vates,
1685 200 1821 240 habens

1297 254 1494 288 Sonantem
1509 255 1639 300 lyram,

1248 305 1347 342 1130
1371 305 1511 340 Canens
1529 306 1634 340 ducet
1651 311 1685 340 te
1698 305 1738 340 in
1754 307 1924 353 pinguem

1295 354 1569 391 Atheniensium
1589 363 1721 392 terram
1738 372 1746 398 ;

1295 407 1355 441 Me
1372 406 1429 442 hic
1450 408 1588 450 relicta,

1293 457 1363 491 Ibit
1379 459 1417 493 in
1434 460 1586 494 navibus
1604 460 1801 496 concitatis.

1294 509 1380 543 Vela
1403 512 1534 545 dentur
1550 511 1685 553 ventis,
1709 513 1813 548 funes

1247 559 1345 595 1135
1369 562 1485 607 Super
1501 575 1650 607 proram
1668 564 1789 599 classis

1293 612 1502 647 Extendant
1517 615 1646 659 pedem

1293 664 1405 699 Navis
1421 666 1553 699 velocis
1561 665 1621 713 ⁷⁰).

1535 722 1853 773 [Antisti-ephe
1883 725 1941 775 2.]

1292 782 1442 816 Utinam
1458 784 1619 818 venirem
1636 783 1674 817 in
1691 783 1882 829 pulchrum
1899 787 2046 830 circum,

1291 834 1365 868 Ubi
1383 835 1510 870 solaris
1528 835 1620 880 ignis
1636 836 1738 869 ardet

1247 884 1344 920 1140
1369 886 1484 932 Super
1502 887 1716 922 domesticos
1736 885 1926 930 thalamos,

1293 937 1378 971 Alas
1395 938 1434 971 in
1450 938 1538 973 meis
1553 937 1712 973 humeris

1294 987 1504 1022 Desinerem
1521 1002 1679 1031 movere,

1292 1038 1339 1072 Et
1354 1046 1484 1074 starem
1503 1041 1540 1074 in
1557 1039 1675 1075 choris
1687 1068 1697 1082 ‚
1721 1040 1785 1074 ubi

1291 1090 1403 1135 Virgo
1424 1092 1638 1136 desponsata
1655 1092 1836 1126 connubio

1244 1140 1344 1177 1145
1368 1141 1557 1187 Impellens
1573 1141 1702 1177 choros
1720 1143 1925 1189 aequalium

1291 1193 1348 1226 Ad
1363 1196 1488 1238 pedem
1507 1193 1635 1228 charae
1653 1195 1808 1235 matris‚;

1289 1246 1346 1279 Ad
1362 1252 1542 1279 certamen
1558 1246 1768 1280 Gratiarum

1292 1295 1403 1329 Coma
1422 1303 1607 1338 exornata,

1288 1347 1345 1380 Ad
1359 1354 1539 1382 certamen
1556 1348 1764 1382 divitiarum
1776 1375 1786 1390 ,
1809 1347 1919 1381 variis

1242 1396 1339 1432 1150
1359 1399 1467 1434 stolis
1485 1406 1520 1433 et
1538 1399 1711 1433 cincinnis

1289 1449 1428 1484 Ornata

1289 1501 1554 1536 Obumbrarem
1571 1514 1680 1547 genas
1691 1501 1752 1548 ⁷¹).

1270 1602 1317 1634 70)
1337 1605 1374 1627 Te
1393 1609 1460 1627 vero
1479 1614 1513 1620 —
1532 1601 1646 1626 veloci-«³.
1674 1599 1731 1632 (vs.
1753 1599 1859 1624 1123-
1872 1596 1978 1630 1137.)]
2003 1597 2045 1623 sic
2066 1598 2116 1623 Ed.
2137 1599 2229 1631 1562.;

1303 1638 1353 1661 Ed.
1376 1638 1466 1662 ¹558.:
2040 1642 2043 1643 ⁷

1338 1673 1373 1695 Et
1393 1675 1419 1695 te
1439 1671 1561 1701 quidem,
1582 1676 1596 1694 o
1617 1669 1775 1693 veneranda
1794 1668 1910 1699 Argiva,

1339 1706 1547 1736 Quinqueremis
1568 1705 1677 1728 domum
1697 1703 1786 1727 ducet.

1338 1741 1481 1764 Fistulaus
1502 1745 1568 1762 vero
1588 1744 1653 1762 cera
1671 1738 1814 1767 compacta

1336 1775 1447 1798 Fistula
1467 1774 1589 1797 montani
1608 1772 1691 1795 Panis

1338 1809 1468 1839 Remiges
1485 1807 1618 1833 incitabit,

1336 1844 1372 1866 Et
1391 1849 1479 1873 augur
1497 1842 1597 1871 Apollo
1618 1841 1701 1864 edens

1337 1878 1461 1900 sonitum
1482 1875 1717 1906 septemsonantis
1736 1875 1818 1905 lyrae

1337 1912 1460 1936 Cantans
1481 1911 1560 1934 ducet
1579 1911 1698 1933 fertilem

1334 1946 1542 1969 Atheniensium
1561 1945 1595 1968 ad
1615 1946 1727 1967 terram.

1334 1981 1379 2003 Me
1398 1986 1466 2004 vero
1485 1980 1527 2003 hic
1546 1979 1654 2009 relicta,

1334 2014 1389 2037 Ibis
1406 2014 1491 2038 celeri
1509 2013 1694 2043 navigatione.

1334 2049 1365 2072 ln
1385 2054 1449 2072 acre
1469 2049 1531 2071 vela
1549 2048 1680 2071 rudentes

1334 2085 1358 2106 A
1380 2089 1464 2113 prora
1483 2088 1569 2112 supra
1588 2088 1686 2105 navem

1334 2118 1489 2141 Extendent
1508 2118 1600 2140 funem
1619 2117 1756 2140 nauticum

1333 2152 1419 2175 Navis
1440 2152 1554 2176 velocis,

1261 2184 1310 2215 71)
1334 2186 1444 2209 Utinam
1464 2198 1497 2202 —
1516 2191 1612 2216 genas.
1643 2183 1700 2216 (vs.
1721 2184 1833 2208 11³8—
1846 2182 1954 2216 1¹52„
1985 2183 2026 2208 sic
2055 2184 2106 2208 Ed.
2127 2185 2219 2215 1562.;

1332 2254 1507 2283 Splendidam
1526 2254 1655 2283 equestre
1673 2253 1726 2276 iter
1743 2252 1845 2276 utinam
1862 2252 1967 2284 possim
1986 2254 2182 2286 conscendere,

1331 2289 1381 2311 Ubi
1400 2289 1503 2311 solaris
1522 2294 1634 2311 cursum
1653 2289 1728 2310 tenet
1745 2287 1818 2318 iguis

1331 2325 1421 2352 Supra
1439 2322 1566 2352 proprios
1586 2322 1722 2345 thalamos

1328 2357 1396 2381 Aias
1416 2357 1443 2380 in
1463 2356 1584 2380 humeris
1603 2356 1671 2379 meis

1330 2391 1491 2415 Desiveram
1510 2392 1627 2421 agitare.

1329 2426 1370 2449 Ad
1390 2426 1491 2449 choros
1509 2431 1576 2448 vcro
1596 2425 1765 2454 consistam,
1782 2426 1826 2450 ubi
1845 2427 1927 2451 etiam

1328 2461 1386 2490 Ego
1406 2460 1486 2490 virgo
1505 2460 1531 2482 in
1551 2459 1682 2489 legitimis
1701 2461 1803 2490 nuptiis

1327 2495 1368 2518 Ad
1388 2495 1481 2524 pedem
1500 2494 1602 2517 ducens
1621 2497 1718 2524 gratos

1327 2529 1426 2552 Matris
1443 2528 1596 2558 aequalium
1615 2530 1726 2559 choroS,

1326 2563 1367 2586 Ad
1386 2565 1526 2587 certamen
1547 2563 1705 2587 Gratiarum

1326 2597 1419 2621 cornis
1436 2597 1577 2621 delicatis:

1325 2632 1366 2654 Ad
1386 2632 1589 2655 contentionem
1612 2633 1744 2665 veniens,
1765 2633 1859 2657 varias

1323 2666 1427 2689 Vestes
1447 2668 1474 2689 et
1492 2667 1633 2691 cincinnos

1322 2701 1430 2726 lnduta.

1323 2736 1416 2758 Genas
1436 2735 1606 2761 obvelabam.
