2373 2980
20 725 29 809 ..u—*-
22 662 30 699 Q.

96 121 143 154 77
259 117 396 152 XLVII.

95 203 310 249 principium
324 202 533 246 Capricorni
553 202 724 235 obsideat.
777 200 823 233 Et
840 200 946 233 distet
964 211 982 231 a
999 198 1087 231 coeli

95 255 248 289 culmine
290 253 507 298 principium
548 253 783 287 Geminorum
803 278 812 292 ,
865 250 1087 294 temporibus

95 305 302 352 aequalibus
324 311 462 337 centum
490 304 724 350 quadraginta
749 309 905 360 septem,
941 313 1088 344 scrupu—

92 357 135 390 lis
164 355 399 402 quadraginta
438 362 529 388 octo.
603 355 783 400 Quoniam
821 353 928 397 igitur
957 351 1088 384 Aiietis

92 407 308 452 principium
329 419 347 439 a
368 407 456 439 coeli
474 419 642 450 supremo
664 405 804 449 fistigio
827 417 886 438 sex
912 402 1010 436 horis
1035 402 1087 434 in-

93 458 302 504 aequalibus
333 457 497 496 dissidet,
538 458 669 489 idcirco
702 455 764 490 has
792 457 820 490 si
851 457 1022 488 ducamus
1049 453 1087 485 in

94 509 333 554 septendecim
353 515 514 552 tempora
534 507 815 553 Aequinoctialis
831 513 864 540 et
888 513 967 539 octo
991 516 1087 538 scru-

95 561 200 605 pula,
229 559 299 604 (tot
323 559 416 592 enim
442 558 505 591 uni
532 556 643 592 borae
668 558 849 603 inaequali
874 561 1087 600 congruunt,

96 611 280 645 aestimata
298 610 368 642 diei
384 609 582 654 quantitate
600 610 643 642 ab
661 609 763 641 initio
776 609 1026 645 Geminorum,
1054 612 1088 638 et

95 662 246 696 sumitur
279 660 444 693 distantia
478 660 644 704 principii
678 660 912 693 Geminorum
947 670 965 690 a
999 656 1088 690 coeli

95 711 265 757 culmine)
291 710 518 744 conficiemus
541 718 574 743 et
597 710 702 744 huius
725 710 914 744 distantiae
945 714 1086 741 centum

95 768 129 794 et
146 763 217 795 duo
236 768 398 805 tempora
412 788 420 801 ‚
449 762 614 806 scrupula
632 762 866 807 quadraginta
886 766 977 793 octo.
1019 758 1087 791 Ex-

94 825 227 853 cessus,
270 825 342 857 quo
375 813 432 844 illa
466 819 636 857 superant
664 811 767 851 haec,
806 819 1009 856 temporum
1038 816 1089 842 est

94 863 330 909 quadraginta
363 863 540 908 quinque,
582 863 710 909 quibus
742 863 889 902 exactis,
938 873 1089 906 sequens

92 915 192 948 locus
209 914 419 947 devolvetur
436 916 479 947 ad
497 916 781 958 praecedentem.
819 914 891 946 Tot
905 925 990 945 vero
1007 918 1089 945 sunt

95 966 201 998 etiam
246 971 407 1009 tempora
445 966 690 999 ascensionum
728 965 860 999 Arietis
896 971 929 997 et
963 963 1088 1002 Tauri,

95 1023 329 1062 posteaquam
347 1016 444 1049 locus
462 1023 678 1060 prorogator
703 1017 897 1049 collocatur
920 1016 956 1047 in
982 1012 1089 1047 boro-

95 1079 214 1111 scop0.
268 1067 439 1100 Similiter
455 1067 622 1101 consistat
644 1068 679 1099 in
701 1067 789 1100 coeli
813 1066 966 1100 culmine
991 1065 1090 1109 prin-

95 1118 227 1163 cipium
250 1118 401 1157 Arietis,
442 1124 481 1151 ut
514 1120 708 1152 secundum
739 1118 896 1162 primum
929 1117 1036 1150 situm
1069 1128 1086 1147 a

93 1169 294 1202 meridiano
325 1181 432 1213 supra
463 1176 593 1202 terram
626 1169 716 1202 absit
746 1169 887 1201 initium
919 1167 1089 1200 Gemino-

94 1233 175 1254 rum
193 1220 451 1265 quinquaginta
470 1226 550 1252 octo
567 1220 787 1263 temporibus
798 1217 1089 1264 Aequinoctialis.

95 1271 278 1316 Quoniam
314 1271 439 1314 igitur,
487 1277 526 1303 ut
555 1271 709 1303 secundo
740 1270 943 1314 posuimus,
994 1269 1090 1300 locus

95 1327 312 1366 prorogator
327 1321 416 1354 coeli
430 1320 609 1364 fastigium
631 1321 778 1359 obtinet,
808 1319 978 1353 habemus
994 1319 1090 1363 prio-

96 1372 144 1405 ris
168 1372 356 1405 distantiae
379 1383 459 1404 eum
484 1371 599 1414 ipsum
626 1383 802 1404 excessum
829 1370 1088 1416 quinquaginta

95 1429 175 1455 octo
190 1428 412 1466 temporum:
449 1421 658 1466 quibuscum
669 1421 733 1467 ²¹¹),
770 1434 811 1454 eo
831 1422 927 1466 quod
945 1421 981 1452 in
1000 1419 1089 1452 coeli

95 1473 214 1506 medio
234 1473 279 1506 sit
295 1473 392 1506 locus
407 1479 644 1516 prorogator,
672 1472 910 1506 meridianum
931 1478 1089 1516 praeter-

95 1522 275 1557 vehuntur
289 1523 390 1558 Aries
408 1530 441 1556 et
457 1524 612 1558 Taurus.

196 1574 335 1609 Rursus
367 1576 602 1609 transferatur
636 1574 852 1618 principium
884 1573 1016 1607 Arietis
1053 1573 1089 1605 in

96 1637 280 1665 occasum,
323 1632 364 1659 ut
387 1626 423 1658 in
449 1626 605 1659 medium
629 1626 718 1659 coeli
740 1625 922 1669 redigatur
947 1625 1088 1658 initium

95 1677 236 1711 Cancri.
302 1677 482 1711 Dissideat
505 1689 589 1709 vero
607 1689 624 1709 a
654 1677 741 1709 coeli
767 1677 920 1710 culmine
945 1676 1088 1709 initium

94 1728 352 1767 Geminorum,
387 1728 423 1760 in
448 1727 696 1772 praecedentia
720 1728 940 1772 temporibus
958 1727 1090 1772 Aequi-

93 1779 256 1813 noctialis
292 1779 436 1823 triginta
473 1779 630 1817 duobus,
677 1779 851 1822 scrupulis
888 1779 1089 1811 duodecim.

94 1830 276 1875 Quoniam
296 1831 405 1874 igitur
422 1842 544 1863 rursus
560 1830 787 1862 intervallum
806 1829 972 1874 principii
990 1830 1091 1861 Arie-

94 1882 139 1915 tis
174 1881 211 1913 in
243 1882 387 1915 cardine
418 1881 565 1914 occiduo
598 1880 821 1914 consistentis
857 1887 889 1913 et
926 1881 1090 1914 culminis

95 1932 205 1971 coeli,
247 1939 298 1965 est
319 1931 490 1965 horarum
516 1944 575 1965 sex
599 1931 862 1976 inaequalium,
905 1933 932 1966 si
961 1932 1090 1964 decies-

95 1983 223 2027 septies
255 1981 318 2016 has
351 1983 571 2022 auxerimus,
614 1983 902 2026 comparabimus
927 1990 1089 2026 tempora

94 2034 375 2079 Aequinoctialis
394 2040 533 2066 centum
552 2035 622 2067 duo
636 2061 644 2073 ,
671 2034 835 2077 scrupula
853 2034 1088 2078 quadraginta

96 2091 197 2124 octo,
225 2085 353 2130 quibus
379 2084 493 2117 aberit
518 2097 535 2116 a
563 2085 762 2117 meridiano
788 2085 1004 2130 principium
1023 2085 1091 2118 Ge-

95 2136 299 2176 minorum,
327 2137 471 2182 quando
492 2136 671 2169 occiderit.
731 2136 799 2168 Sed
817 2136 887 2169 situ
908 2136 1026 2180 primo
1046 2137 1090 2168 ab

96 2188 221 2220 eodem
247 2188 284 2219 in
309 2188 456 2220 eandem
481 2193 619 2230 partem
645 2187 757 2219 abfuit
784 2188 1005 2231 temporibus
1029 2187 1091 2219 tri-

95 2238 191 2282 ginta
209 2239 366 2278 duobus,
394 2238 568 2281 scrupulis
594 2239 795 2271 duodecim.
858 2239 896 2271 ln
920 2238 1091 2283 tempori-

94 2290 159 2323 bus
173 2289 281 2333 igitur
295 2289 530 2333 septuaginta,
557 2290 731 2334 scrupulis
746 2289 889 2333 triginta
907 2303 967 2324 sex
983 2301 1090 2333 supra

95 2348 226 2374 terrain
246 2340 282 2373 in
300 2353 461 2374 occasum
477 2341 621 2380 seretur,
650 2341 777 2386 quibus
796 2342 1017 2386 temporibus
1033 2341 1091 2373 de-

96 2392 268 2426 cumbunt
295 2392 359 2426 sub
382 2404 542 2425 occasum
560 2393 662 2426 Aries
687 2399 720 2426 et
745 2393 903 2431 Taurus;
938 2399 973 2425 et
995 2404 1013 2425 e
1038 2404 1091 2424 re-

96 2443 200 2487 gione
217 2443 413 2477 efferuntur
428 2444 590 2487 opposita
608 2445 706 2487 signa
722 2443 853 2477 Librae
871 2451 905 2477 et
919 2443 1069 2487 Scor-pii.

199 2494 302 2528 Nunc
332 2501 560 2528 removeatur
591 2507 608 2527 a
644 2495 848 2529 cardinibus
873 2495 1089 2540 principium

96 2545 246 2585 Arietis,
295 2552 544 2591 statuaturque
581 2546 617 2578 in
652 2547 770 2579 medio
807 2547 928 2592 aliquo
962 2545 1090 2590 spatio.

96 2596 259 2640 Exempli
289 2597 422 2640 gratia,
466 2598 571 2631 distet
601 2597 636 2630 in
667 2599 913 2642 praecedentia
943 2610 961 2630 a
987 2596 1090 2630 ineri-

132 2715 180 2744 21)
200 2714 374 2744 quibuscum]
393 2715 440 2739 Ed.
463 2715 535 2740 155³.
556 2715 653 2745 quibus
670 2722 729 2740 cum
748 2715 835 2745 (Ptol.
854 2712 885 2739 ἐν
902 2709 965 2745 οἷς).

445 114 843 151 INTERPRETATIO
870 113 1042 148 OPERIS
1070 113 1455 158 QUADRIPARTITI
1482 112 1766 149 PTOLEMAEI
1801 112 1888 146 Llss.
1912 111 1970 146 Ill.
2085 111 2132 146 78

1140 200 1248 232 diano
1264 198 1363 235 horis
1378 201 1625 246 inaequalibus
1650 199 1779 238 tribus,
1812 204 1852 231 ut
1878 197 1967 230 coeli
1994 197 2133 229 culmen

1141 257 1289 294 occupet
1305 252 1417 284 Tauri
1439 264 1520 295 pars
1543 251 1678 284 decima
1707 256 1844 283 octava.
1907 248 2023 281 Distet
2049 258 2135 280 vero

1140 301 1257 345 primo
1273 301 1341 334 situ
1358 302 1498 334 initium
1515 302 1751 335 Geminorum
1770 313 1788 333 a
1807 300 1895 333 coeli
1912 298 2074 341 fastigio,
2098 297 2137 329 in

1141 353 1392 397 consequentia
1418 353 1638 396 temporibus
1654 350 1937 397 AequinoctialiS
1955 348 2138 382 tredecim.

1140 403 1178 436 Si
1221 403 1330 447 igitur
1368 415 1491 436 rursus
1537 401 1644 436 horas
1682 410 1753 436 tres
1799 400 2136 446 amplificaverimus

1140 454 1392 498 septemdecim
1418 453 1660 497 temporibus,
1696 460 1775 485 octo
1799 452 1994 497 scrupulis,
2029 451 2137 484 dista-

1140 505 1192 538 bit
1211 506 1364 538 secundo
1382 504 1501 549 positu
1520 503 1735 547 principium
1755 504 1990 536 Geminorum
2019 514 2038 534 a
2063 512 2138 534 me-

1140 557 1283 589 ridiano
1300 557 1337 589 in
1355 555 1605 600 praecedentia
1625 554 1847 598 temporibus
1876 552 2137 599 quinquaginta

1141 614 1175 640 et
1197 620 1268 640 uno
1282 634 1291 647 ,
1319 606 1493 650 scrupulis
1516 605 1640 650 viginti
1670 611 1844 650 quatuor,
1879 604 2006 649 quibus
2025 604 2140 636 trede-

1143 658 1211 691 cim
1236 658 1379 698 iuncta,
1421 657 1612 690 conficiunt
1646 656 1827 699 sexaginta
1864 661 2018 699 quatuor
2050 661 2138 687 tem-

1141 721 1250 753 pora,
1278 708 1404 752 viginti
1428 715 1583 754 quatuor
1607 707 1784 751 scrupula.
1843 706 2055 739 Absolverat
2079 716 2141 737 au-

1142 767 1227 799 tem,
1256 772 1335 793 cum
1359 760 1515 792 oriretur
1529 760 1627 792 locus
1645 763 1873 802 prorogator,
1901 755 2139 801 quadraginta

1142 811 1301 857 quinque
1320 817 1502 854 tempora;
1531 822 1609 842 cum
1627 808 1716 842 coeli
1735 809 1875 841 culmen
1893 807 2019 845 adiret,
2038 805 2140 850 quin-

1143 863 1313 907 quaginta
1332 868 1433 901 octo,
1463 861 1499 893 in
1524 872 1650 893 occasu
1675 858 1912 903 septuaginta.
1964 857 2060 899 Ergo
2084 868 2140 888 ra-

1141 914 1239 946 tione
1256 913 1345 953 loci,
1374 924 1478 957 quem
1505 912 1598 944 inter
1620 911 1710 943 coeli
1736 910 1894 943 medium
1919 915 1952 941 et
1977 919 2140 940 occasum

1143 964 1175 997 ei
1192 962 1540 1008 assignavimusffla),
1555 963 1733 1005 discrepat
1749 972 1918 994 numerus
1937 966 2141 1002 temporum

1143 1016 1186 1048 ab
1202 1016 1388 1060 utriusque
1407 1014 1562 1047 cardinis
1579 1012 1812 1057 temporibus.
1855 1010 1917 1045 Est
1933 1010 2026 1043 enim
2045 1020 2143 1041 sexa-

1143 1066 1239 1109 ginta
1258 1072 1413 1111 quatuor
1429 1071 1646 1108 temporum.
1699 1063 1828 1095 Differt
1844 1074 1929 1095 vero
1946 1062 2141 1095 secundum

1143 1117 1318 1149 rationem
1346 1127 1503 1149 excessus
1526 1115 1633 1148 trium
1658 1112 1849 1151 horarunu
1889 1119 1923 1146 et
1946 1112 1973 1146 si
1997 1112 2142 1156 quidem

1144 1167 1180 1200 in
1212 1167 1359 1211 integris
1390 1167 1650 1211 quadrantibus
1681 1166 1875 1199 secundum
1901 1163 2062 1196 cardines
2087 1174 2142 1195 ac-

1144 1218 1272 1262 ceptis,
1314 1216 1502 1250 duodecim
1534 1223 1585 1250 est
1603 1223 1819 1262 ⁴temporum
1851 1214 2073 1253 differentia,
2105 1213 2141 1245 in

1144 1268 1310 1302 distantia
1329 1268 1437 1301 trium
1455 1265 1649 1307 horarum,
1678 1267 1745 1300 erit
1761 1273 1963 1311 temporum
1982 1277 2054 1298 sex.

1246 1319 1339 1363 Quia
1357 1330 1442 1351 vero
1463 1319 1585 1351 eadem
1602 1319 1674 1351 sere
1698 1318 1790 1350 ratio
1817 1318 1853 1350 in
1879 1316 2045 1350 omnibus
2071 1326 2143 1348 ser·

1143 1376 1265 1410 vatur,
1293 1369 1361 1402 alia
1382 1370 1427 1401 ad
1444 1370 1595 1402 eundem
1612 1369 1760 1402 niodum
1778 1368 1994 1412 simpliciore
2013 1366 2070 1399 via
2090 1364 2143 1399 uti

1143 1432 1342 1464 possumus.
1395 1419 1538 1452 Etenim
1558 1432 1680 1454 rursus
1697 1432 1776 1453 cum
1801 1420 1915 1452 oritur
1930 1430 2014 1463 pars
2040 1428 2145 1461 prae-

1144 1472 1289 1511 cedens,
1331 1471 1595 1504 ascensionibus
1626 1477 1769 1504 utemur
1800 1482 1912 1514 usque
1935 1470 1979 1502 ad
2002 1474 2141 1513 partem

1143 1528 1369 1567 sequentem;
1411 1534 1491 1554 cum
1518 1522 1555 1554 in
1579 1534 1705 1555 occasu
1729 1527 1800 1561 est,
1836 1519 2143 1556 descensionibus;

1144 1585 1224 1606 cum
1257 1573 1294 1605 in
1325 1573 1414 1606 coeli
1446 1572 1600 1606 culmine
1634 1572 1783 1611 eminet,
1823 1570 1996 1616 sphaerae
2025 1576 2142 1603 rectae

1144 1624 1366 1657 ascensiones
1385 1636 1617 1657 assumemus.
1671 1623 1827 1668 Quando
1846 1635 1931 1656 vero
1954 1623 1992 1654 in
2015 1619 2143 1654 mediis

1142 1673 1273 1708 borum
1292 1675 1490 1709 interstitiis
1508 1673 1680 1714 haeserit,
1710 1674 1825 1720 qualis
1844 1680 1896 1707 est
1916 1675 1953 1706 in
1980 1672 2142 1716 exemplo

1142 1726 1257 1770 priori
1284 1726 1370 1759 situs
1395 1725 1548 1765 Arietis,
1586 1725 1743 1770 primum
1774 1726 1954 1769 cipiernus
1980 1730 2143 1767 tempora

1144 1777 1287 1822 utrique
1315 1777 1467 1821 angulo,
1501 1777 1594 1809 intra
1618 1789 1708 1822 quos
1731 1776 1891 1810 consistit
1915 1780 2143 1820 prorogator,

1144 1828 1398 1871 congruendi,
1427 1840 1467 1860 ac
1490 1828 1519 1861 si
1540 1827 1578 1860 in
1603 1827 1687 1872 ipsis
1706 1834 1908 1860 versaretur
1926 1826 2142 1859 cardinibus.

1144 1878 1369 1912 Inveniemus
1402 1885 1540 1918 autem,
1579 1878 1608 1912 si
1639 1884 1720 1922 post
1752 1879 1893 1911 culmen
1920 1877 2009 1911 coeli
2035 1886 2141 1920 supra

1143 1936 1275 1962 terram
1296 1930 1521 1974 posuerimus
1537 1929 1679 1962 initium
1695 1929 1847 1969 Arietis,
1873 1929 1966 1961 intra
1984 1927 2141 1961 medium

1144 1981 1232 2013 coeli
1257 1987 1291 2013 et
1316 1981 1536 2014 occidentem
1561 1981 1796 2024 congruentia
1831 1981 1874 2013 ad
1907 1979 2002 2013 hunc
2034 1979 2141 2012 situm

1143 2038 1307 2075 tempora
1324 2032 1504 2075 sexaginta
1524 2038 1692 2077 quatuor.
1748 2032 1797 2064 At
1821 2030 2071 2064 convenientia
2097 2029 2141 2061 ad

1143 2083 1250 2116 situm
1270 2083 1517 2126 prorogatoris
1536 2083 1573 2115 in
1587 2083 1676 2115 coeli
1693 2082 1846 2115 culmine
1860 2089 2022 2126 tempora
2039 2080 2143 2126 quin-

1145 2133 1315 2178 quaginta
1350 2140 1450 2173 octo,
1492 2134 1537 2166 ad
1569 2134 1726 2178 positum
1761 2134 1916 2167 eiusdem
1946 2133 1982 2165 in
2017 2143 2143 2164 occasu

1144 2185 1367 2228 septuaginta
1384 2185 1616 2229 reperiemus.
1647 2185 1786 2217 Deinde
1800 2184 2035 2229 inquiremus,
2055 2187 2144 2227 quot

1144 2233 1243 2268 horis
1268 2236 1515 2281 inaequalibus
1544 2236 1587 2268 ab
1620 2237 1792 2269 alterutro
1824 2235 1967 2268 cardine
1998 2245 2142 2278 praece-

1145 2287 1232 2320 dens
1247 2298 1329 2331 pars
1346 2287 1462 2320 distet.
1510 2286 1654 2331 Quanta
1673 2287 1766 2326 enim
1785 2284 1896 2319 horae
1911 2286 1993 2318 illae
2010 2284 2143 2318 fuerint

1144 2349 1227 2381 pars
1252 2338 1381 2381 integri
1407 2338 1636 2383 quadrantis,
1672 2337 1732 2382 qui
1760 2349 1820 2370 sex
1854 2335 1953 2370 horis
1983 2341 2140 2369 constat:

1144 2394 1280 2422 tantam
1298 2395 1437 2433 partem
1456 2390 1652 2422 detractam
1676 2400 1695 2420 a
1714 2388 1936 2428 differentia,
1967 2399 2035 2433 qua
2065 2397 2142 2419 car·

1144 2439 1238 2473 dinis
1261 2440 1445 2485 utriusque
1470 2446 1632 2483 tempora
1656 2439 1751 2472 inter
1774 2451 1810 2473 se
1831 2439 2052 2483 discrepant,
2086 2437 2142 2470 vel

1144 2490 1371 2530 adiiciemus,
1413 2490 1467 2522 vel
1494 2491 1694 2525 auferemus
1717 2502 1736 2523 a
1764 2491 1929 2529 cardine,
1966 2490 2011 2522 ad
2035 2500 2141 2534 quem

1143 2543 1241 2575 locus
1257 2542 1470 2586 praecedens
1486 2542 1651 2576 refertur.
1710 2541 1760 2575 Ut
1776 2542 1812 2574 in
1829 2541 1991 2585 exemplo
2007 2539 2142 2585 priore,

1144 2593 1315 2639 quoniam
1349 2592 1534 2626 cardinum
1563 2593 1831 2637 propositorum
1859 2592 2058 2625 differentia
2090 2597 2140 2624 est

1177 2710 1244 2742 212)
1263 2710 1483 2742 assignavimus]
1501 2711 1550 2736 Ed.
1565 2710 1641 2737 155³.
1660 2717 1757 2736 errore
1775 2712 1904 2742 typogr.:
1927 2708 2121 2740 assigavimus.
