2373 2980
210 101 286 136 225

209 186 387 219 verbium:
453 184 564 217 Oculo
603 181 739 215 domini
777 181 932 224 saginari
969 192 1099 226 equum
1119 179 1192 227 ¹⁰⁹).

208 236 271 271 Est
288 237 381 269 enim
400 235 553 279 primuni
574 233 782 277 (secundum
802 232 948 265 Catonis
963 232 1193 277 sententiam)

209 288 245 320 iu
274 300 311 320 re
336 286 464 319 rustica
494 286 581 316 bene
616 284 743 317 colere.
805 281 1025 330 ᾳερρᾎιιεν]
1054 282 1194 316 Ionicus

207 338 402 370 infinitivus
431 341 491 368 cst.

310 408 342 428 v.
367 394 452 427 378.
478 393 598 438 (376.)
674 391 832 439 Γηραιὸς
866 390 906 427 δὲ
939 390 1073 431 θάνοις
1105 389 1190 437 etc.]

207 446 345 489 Duplex
371 457 492 478 sensus
515 442 644 476 horum
671 456 836 477 versuum
858 450 920 477 est.
974 444 1081 476 Prior
1098 442 1191 474 ratio

207 503 278 535 est,
309 508 380 541 quo
400 495 514 527 maior
534 495 729 527 liberorum
757 507 840 538 grex
862 494 1096 538 relinquitur,
1125 491 1192 525 hoc

206 547 341 580 felicius
367 547 557 589 procedere
583 558 656 578 rem
682 546 907 578 familiarem.
955 545 1011 578 Sic
1040 544 1134 577 enim
1159 549 1192 576 et

207 597 379 631 Germani
391 597 580 641 proverbio
597 596 864 629 locumsccimus
876 595 965 642 ¹⁰⁹³).
993 596 1114 629 Altera
1128 600 1192 633 est,

206 649 303 694 quod
340 660 393 681 res
427 647 619 680 domestica
659 659 731 679 nou
772 647 878 679 unius
910 652 1049 678 tantum
1083 657 1191 689 opera

207 705 323 744 potest
350 699 483 741 augeri.
525 698 561 731 Si
578 698 720 742 quidem
741 709 832 730 unus
850 697 904 729 vir
920 697 1037 730 nullus
1055 695 1192 742 vir¹¹⁰),

207 757 245 783 ut
271 748 376 782 habet
402 749 644 792 proverbium.

309 821 341 842 v.
359 809 443 842 381.
465 807 585 853 (379.)
627 804 701 841 Σοὶ
718 804 784 840 δἐἰ
802 803 963 841 πλούτου
979 803 1104 850 θυμὸς
1123 804 1193 839 ἐέλ-

206 857 342 906 δεται]
397 858 584 892 Conclusio
619 857 793 901 generalis
816 863 886 897 est,
920 870 1010 903 quae
1036 857 1194 889 continet

205 911 347 944 laudem
379 909 593 942 assiduitatis
634 915 667 941 et
701 909 908 942 industriae.
976 907 1192 942 Assiduitate

206 962 374 999 ditesces,
408 961 544 1005 inquit,
584 959 630 992 sis
662 960 804 992 sedulus
837 960 873 991 in
905 971 1011 1003 opere
1043 965 1123 998 tuo,
1160 963 1194 991 et

207 1013 353 1045 ditesces
378 1011 472 1044 iuxta
502 1010 731 1044 versiculum:

249 1072 339 1099 Gutta
361 1075 443 1098 cavat
466 1069 594 1108 lapidem
617 1078 675 1097 non
698 1069 742 1106 vi,
765 1068 817 1096 sed
839 1076 928 1106 saepe
950 1066 1161 1104 cadendolll).

206 1165 254 1198 In
278 1163 466 1197 Hesiodi
491 1163 658 1194 librum
684 1162 927 1194 secundum
959 1159 1194 1193 enarratio

442 1212 556 1246 Phil.
589 1210 961 1257 Melantlioni51).

310 1282 434 1315 Priore
460 1280 578 1312 libello
600 1285 786 1323 praecepta
812 1279 854 1311 de
879 1277 1039 1311 moribus
1064 1276 1193 1310 tradita

207 1340 300 1368 sunt.
354 1332 534 1365 Secundus
558 1330 685 1377 liber2)
712 1329 870 1362 continet
892 1334 1079 1373 praecepta
1104 1328 1196 1371 agri·

197 1386 377 1418 culturae.
420 1382 465 1415 Et
489 1393 707 1427 quamquam
735 1380 922 1413 discendae
947 1380 1104 1413 Graecae
1128 1379 1195 1411 lin-

207 1448 296 1480 guae
324 1447 427 1468 causa
450 1439 638 1465 enarratur
660 1429 716 1463 hic
741 1438 864 1470 autor,
889 1437 1009 1463 tamen
1033 1429 1062 1463 si
1087 1442 1195 1474 quam

207 1487 397 1520 utilitatem
429 1490 463 1516 et
485 1495 604 1516 rerum
629 1481 805 1525 cognitio,
838 1478 1008 1526 quae,hic
1035 1481 1196 1519 docetur,

209 1536 411 1581 adseretffi),
428 1547 502 1567 non
520 1534 626 1566 verba
639 1539 798 1577 tantum,
815 1533 875 1565 sed
892 1544 946 1565 res
963 1531 1069 1564 etiam
1082 1530 1195 1564 consi-

207 1590 370 1622 deremus
399 1592 431 1619 et
456 1586 642 1619 discamus.

315 1646 509 1691 Quondam
553 1644 749 1688 proderant
785 1641 872 1675 haec
907 1641 1053 1674 Hesiodi
1094 1652 1195 1684 prae-

208 1703 307 1741 cepta
332 1696 514 1740 agricolis,
547 1695 650 1740 quia,
682 1706 752 1739 quo
780 1694 936 1739 quidque
960 1692 1196 1736 temporetfa-

209 1754 346 1787 cerent,
370 1745 452 1779 hinc
475 1747 674 1783 discebant3
703 1745 806 1778 nobis
829 1745 908 1788 plus
933 1749 1084 1788 prosunt
1106 1740 1196 1786 phy-

208 1799 278 1832 sica
307 1805 340 1831 et
362 1797 620 1836 astronomica,
649 1808 738 1841 quae
765 1797 930 1839 adspersa
956 1800 1050 1828 sunt.
1103 1793 1194 1827 Nam

209 1862 313 1893 saepe
344 1861 464 1881 causas
493 1847 673 1880 naturales
703 1852 953 1890 tempestatum
983 1852 1017 1878 et
1043 1844 1195 1876 aliarum

210 1913 329 1934 rerum
363 1904 632 1932 commemorat.
693 1898 808 1930 Porro
841 1897 946 1930 etiam
976 1895 1085 1929 totius
1112 1894 1197 1926 anni

209 1959 372 1995 tempora
404 1949 570 1983 discernit
599 1961 661 1993 per
692 1948 883 1992 insignium
911 1947 1067 1981 siderum
1099 1951 1198 1978 ortus

211 2009 246 2036 et
268 2014 421 2035 occasus.
461 2000 511 2033 Ita
528 2002 630 2034 docet
654 2006 765 2032 totam
791 2000 966 2033 rationem
991 2005 1026 2031 et
1047 1996 1198 2029 varieta-

247 2128 310 2159 109)
330 2129 386 2151 Hoc
405 2132 481 2155 prov.
502 2125 616 2148 affertur
635 2124 717 2147 etiam
736 2126 769 2148 ab
787 2124 907 2147 Eiselein
926 2125 945 2149 1.
965 2125 982 2150 1.
1009 2130 1035 2153 p.
1054 2124 1103 2148 45:
1140 2124 1199 2151 Dui-

282 2163 351 2193 Zuge
371 2162 413 2185 bez
432 2161 530 2189 speum
552 2159 640 2189 funcrt
658 2159 704 2183 tas
724 2159 804 2189 595ch
824 2158 882 2183 mot.

250 2206 334 2231 ¹09a]
354 2204 432 2228 Cous.
454 2202 489 2232 ὃς
504 2200 573 2229 mcbt
588 2200 696 2230 fluiter,
715 2200 737 2231 ic
755 2200 824 2227 mehr
841 2199 939 2225 omes.
955 2214 987 2218 —
1006 2200 1068 2225 §sict
1089 2199 1200 2230 Siinber,

282 2240 332 2265 niet
346 2237 503 2267 ffiutetunfct
514 2244 520 2264 ;
533 2235 759 2265 nictffiatetunfct,
773 2235 821 2259 niet
832 2234 931 2263 &egem
946 2235 971 2257 in
982 2235 997 2259 1.
1013 2234 1063 2260 ἓιε
1077 2234 1201 2264 bcuxfcbcn

283 2271 452 2301 {Bottsbudiet
479 2270 624 2301 qcsnmmctt
646 2274 695 2293 oon
718 2268 753 2294 a.
769 2268 883 2294 &mutnet
912 2268 964 2294 ffib.
982 2269 1016 2293 Υ.
1047 2268 1202 2300 (fffftcmtfutt

283 2317 307 2334 α,
327 2308 368 2333 sm.
387 2306 458 2328 1⁸46.
478 2303 518 2335 δ.)
536 2312 560 2333 p.
576 2304 636 2327 259.
659 2310 701 2327 nr.
715 2304 792 2328 5615.
812 2305 839 2326 et
858 2309 900 2326 nr.
918 2303 995 2326 5613.

253 2351 316 2380 110)
337 2351 376 2374 Dc
395 2350 443 2372 hoc
463 2354 539 2377 prov.
559 2347 628 2371 conf.
644 2347 750 2370 Erasmi
769 2346 856 2376 Adag.
871 2345 934 2369 cliil.
947 2345 967 2368 1.
987 2347 1057 2370 cent.
1071 2345 1105 2368 V.
1125 2352 1201 2375 prov.

286 2386 327 2409 40.
348 2387 375 2408 et
393 2382 512 2407 Eiseteiu
533 2382 550 2406 1.
571 2383 586 2404 1.
606 2388 632 2411 p.
652 2381 708 2405 140.

251 2428 314 2457 111)
336 2427 384 2450 uic
403 2431 500 2448 versus
523 2425 556 2447 ab
575 2424 696 2447 Eiselein
722 2424 738 2446 1.
759 2424 775 2447 1.
804 2431 828 2453 p.
848 2423 907 2446 605.
934 2422 1031 2446 Ovidio
1057 2422 1202 2451 tribuitur3

286 2465 315 2486 at
334 2460 455 2490 equidem
475 2459 560 2481 solam
579 2459 698 2487 priorem
718 2458 777 2481 eius
794 2459 915 2488 pai-teni:
935 2473 953 2484 .,
964 2458 1047 2479 Gutta
1059 2458 1140 2479 cavat
1161 2457 1203 2479 1:1-

286 2496 400 2527 pidenr·
422 2494 447 2516 in
466 2493 553 2522 Epist.
574 2498 606 2515 ex
627 2492 713 2515 Ponto
731 2492 781 2519 lv,
803 2493 843 2521 10,
862 2492 887 2515 ὃ.
908 2491 1008 2514 inveni.

253 2539 282 2570 1)
302 2539 347 2562 Sic
371 2537 436 2559 haec
462 2535 647 2558 enarrationis
674 2540 738 2564 pars
763 2535 788 2557 in
813 2534 937 2557 omnibus
957 2533 1014 2556 illis
1033 2533 1205 2557 Editionibus

287 2574 329 2597 est
347 2571 491 2599 inscripta.

251 2615 282 2647 2)
305 2616 363 2639 Lib.
381 2614 399 2638 1.
425 2612 544 2636 continet
570 2617 667 2633 versus
689 2611 807 2635 1-382.
828 2610 876 2641 (al.
894 2609 986 2641 38⁴1),
1015 2610 1062 2635 lib.
1081 2610 1114 2634 11.
1139 2615 1204 2632 ver-

290 2657 338 2673 sus
357 2646 514 2672 303-764.
535 2645 584 2673 [al.
603 2645 790 2673 381-ῗῦ2.);
811 2645 863 2668 vid.
882 2652 907 2674 p.
926 2645 973 2667 165
991 2650 1049 2674 sqq.

254 2693 310 2720 2³)
329 2689 446 2722 adferet]
463 2688 501 2712 sic
518 2687 600 2714 Editt.
614 2687 1000 2717 ¹532—1601.,Editt.1623.‚
1017 2686 1090 2710 1662.
1105 2686 1205 2710 adfert.

786 95 908 130 PHIL.
945 94 1057 130 MEL.
1089 93 1291 128 SCRIPTA
1324 92 1663 128 PHILOLOGICA.

2157 96 2233 133 224

1247 186 1318 212 tem
1353 183 1459 218 ortus?
1476 186 1510 212 et
1536 178 1730 224 occasusss).
1783 179 1946 214 Primum
1979 187 2098 215 autem
2126 182 2233 226 perli-

1247 230 1376 264 beralis
1409 236 1442 263 ct
1472 230 1573 262 valde
1600 227 1749 262 honesta
1787 232 1941 275 cognitio
1978 239 2029 267 est
2070 232 2233 266 omnium

1247 281 1488 315 astronomiae
1521 280 1676 324 partium
1707 286 1741 313 et
1774 281 1979 325 dignissima
2012 285 2108 316 bono
2141 283 2232 317 viro.

1247 333 1344 366 Sicut
1372 332 1524 365 Ovidius
1555 336 1724 371 testatur,
1753 343 1832 365 cum
1862 333 1968 377 ait⁴):

1289 392 1402 419 Felices
1424 388 1577 425 animae-⁵)
1601 390 1705 426 quibus
1728 389 1802 418 haec
1824 400 2000 429 cognoscere
2022 393 2146 430 primum
2157 391 2189 431 ⁶)

1332 440 1424 478 Inque
1447 440 1546 467 domos
1568 449 1690 478 superas
1712 441 1854 470 scandere
1874 451 1944 470 cura
1965 442 2030 472 fuit.

1288 491 1440 520 Credibile
1463 496 1507 518 est
1528 491 1594 518 illos
1614 492 1726 529 pariter
1747 492 1883 530 vitiisque
1905 491 2069 532 iocisque⁷)

1330 542 1423 570 Altius
1446 540 1578 568 humanis
1599 542 1750 570 exeruisse
1773 548 1871 580 caput.

1349 593 1512 626 Secundo
1545 593 1742 626 necessaria
1769 601 1820 627 est
1846 595 2002 639 cognitio
2028 595 2232 629 coelestium

1246 650 1430 683 motuum,
1456 643 1538 688 quia
1565 649 1707 687 oportet
1727 656 1793 677 nos
1816 645 1853 677 in
1877 653 1981 679 rebus
1998 646 2148 690 publicis
2169 644 2235 679 ha-

1246 696 1329 728 bere
1358 693 1633 738 descriptionem
1665 695 1751 727 anni
1784 701 1821 734 et,
1846 697 2043 737 mensium,
2084 709 2175 742 quae
2203 697 2234 731 si

1246 758 1320 779 non
1348 743 1587 784 haberentur,
1618 745 1714 778 nulla
1749 752 1868 790 posset
1894 748 2068 780 memoria
2095 753 2234 792 praete-

1246 797 1396 829 ritarum
1422 808 1542 829 rerum
1564 793 1708 835 haberi,
1738 803 1772 829 et
1795 797 1927 831 multae
1952 804 2154 842 praesentes
2178 809 2233 832 res

1246 846 1493 891 intempestive
1516 847 1651 880 fierent.
1690 845 1738 879 Et
1761 847 1856 881 Deus
1879 849 2061 892 praecepit
2085 850 2130 882 ob
2154 861 2232 882 eam

1247 910 1389 931 causam
1414 903 1508 931 astra
1535 897 1735 937 observari,
1759 911 1837 931 cum
1862 900 1965 932 dicit:
1987 906 2093 933 erunt
2116 901 2154 933 in
2171 912 2235 933 an-

1246 948 1363 993 nos⁸).
1403 948 1468 981 Hic
1495 960 1578 980 vero
1602 948 1740 982 libellus
1765 949 1912 983 Hesiodi
1936 951 1984 983 ita
2007 952 2092 984 scite
2117 957 2233 984 totum

1247 1012 1382 1032 annum
1407 999 1572 1039 metitur,
1594 1006 1651 1039 ut,
1675 999 1703 1033 si
1718 1000 1827 1034 fastos
1847 1013 1921 1034 non
1936 999 2169 1042 haberemus,
2193 1014 2235 1035 ex

1246 1050 1403 1083 Hesiodo
1436 1050 1561 1082 confici
1590 1057 1745 1094 possent.
1805 1051 1850 1085 Et
1873 1052 2017 1097 quidem
2044 1050 2132 1086 haec
2161 1053 2234 1086 fere

1249 1107 1322 1134 tota
1349 1107 1448 1133 vetus
1473 1100 1665 1143 astrologia
1690 1101 1768 1135 fuit.

1350 1151 1475 1183 Tertio
1519 1162 1666 1194 magnas
1697 1153 1810 1184 adfert
1844 1152 2034 1193 utilitates,
2075 1152 2159 1198 quia
2193 1164 2236 1185 ex

1249 1201 1452 1245 cognitione
1475 1201 1679 1234 coelestium
1704 1208 1888 1241 motuum,
1918 1209 2144 1246 tempestates
2173 1215 2236 1235 an-

1248 1264 1377 1284 norum
1392 1278 1401 1291 ,
1428 1251 1591 1285 fertilitas
1613 1258 1647 1284 et
1664 1252 1829 1286 sterilitas
1853 1253 2054 1296 praevideri
2075 1259 2237 1297 possunt,

1248 1310 1287 1336 ut
1311 1303 1411 1336 licuit
1435 1302 1721 1335 animadvertere
1746 1315 1842 1336 anno
1866 1301 1996 1337 abhinc
2022 1304 2150 1344 tertio,
2174 1303 2236 1337 ubi

1249 1359 1396 1398 propter
1420 1353 1491 1385 vim
1520 1364 1695 1398 aquarum
1725 1354 1846 1388 multis
1875 1354 1961 1388 locis
1990 1361 2158 1399 corrupta
2184 1366 2236 1388 se-

1249 1417 1307 1448 ges
1335 1410 1396 1437 est.
1458 1402 1540 1436 Ideo
1572 1409 1606 1436 et
1628 1403 1747 1437 Moses
1781 1404 1849 1438 ait:
1902 1404 2020 1437 Erunt
2052 1405 2090 1437 in
2123 1404 2237 1448 signa,

1249 1462 1410 1498 tempora
1436 1461 1470 1487 ct
1494 1454 1662 1500 annos9),
1691 1455 1726 1488 id
1743 1461 1812 1495 est,
1838 1454 2078 1488 diversitatem
2098 1461 2237 1499 tempo-

1248 1518 1327 1539 rum
1354 1505 1469 1538 sidera
1505 1505 1678 1545 efficiunt,
1711 1512 1749 1539 ut
1775 1506 1861 1539 alias
1892 1513 2008 1540 aestus
2040 1506 2085 1540 sit
2107 1505 2237 1546 maior,

1250 1557 1336 1590 alias
1353 1556 1462 1599 frigus
1478 1557 1593 1589 acrius
1605 1582 1614 1595 ,
1638 1557 1725 1589 alias
1744 1557 1859 1589 maior
1874 1556 2032 1597 siccitas,
2057 1556 2144 1590 alias
2161 1568 2237 1589 ma-

1249 1608 1300 1652 gis
1325 1607 1452 1640 uvidus
1481 1619 1541 1639 aer
1564 1607 1620 1640 sit.

1352 1671 1384 1691 v.
1401 1657 1487 1692 383.
1511 1657 1632 1703 (381.)
1675 1653 1880 1702 Πληϊάδων
1890 1655 1956 1704 ¹⁰)]
1983 1657 2146 1691 Pleiades
2163 1668 2239 1689 ma-

1249 1708 1393 1752 nipulus
1425 1715 1476 1742 est
1510 1714 1645 1752 septem
1676 1708 1859 1741 stellarum
1899 1708 1937 1740 in
1975 1714 2074 1752 tergo
2112 1706 2238 1747 Tauri,

1250 1772 1340 1804 quae
1358 1759 1626 1803 conspiciuntur
1643 1765 1750 1792 noctu
1769 1759 1841 1791 fere
1856 1771 1921 1802 per
1942 1764 2054 1791 totam
2071 1757 2238 1791 hiemem.

1249 1811 1385 1850 Porro,
1403 1816 1510 1842 noctu
1529 1809 1686 1853 conspici
1701 1815 1751 1842 est
1768 1809 1854 1841 oriri
1870 1811 2070 1855 χρονικαῖς,
2086 1815 2127 1841 ut
2144 1808 2240 1852 apud

1250 1860 1420 1894 Ovidium
1431 1860 1474 1905 ¹¹)
1485 1873 1491 1892 τ

1400 1919 1533 1951 Quatuor
1555 1923 1707 1946 autumnos
1716 1915 1762 1954 ¹2)
1784 1917 1880 1945 Pleias
1903 1923 1966 1945 orta
1987 1916 2068 1945 facit.

1251 1971 1323 2004 Suh
1356 1970 1497 2002 initium
1526 1968 1614 2001 Maii
1642 1980 1721 2000 cum
1752 1968 1825 2001 sole
1858 1965 2106 2001 subvehuntur
2135 1977 2240 1999 mane

1252 2034 1358 2066 supra
1388 2027 1541 2059 terram,
1581 2019 1616 2051 id
1649 2025 1719 2057 est,
1758 2018 1846 2051 oriri
1878 2020 2074 2063 κοσμικαῖς.
2139 2016 2242 2050 Men-

1252 2085 1287 2106 se
1321 2071 1424 2105 Iunio
1466 2071 1665 2114 prodeunt,
1715 2069 1762 2102 ita
1801 2075 1840 2102 nt
1881 2081 1984 2102 mane
2021 2068 2243 2112 conspician-

1288 2199 1318 2231 3)
1338 2200 1380 2224 lta
1399 2198 1477 2222 docet
1496 2208 1530 2215 -—
1550 2198 1577 2220 et
1597 2196 1737 2224 occasus]
1760 2195 1826 2218 haec
1844 2194 1870 2218 in
1890 2194 1938 2218 Ed.
1959 2193 2035 2219 1557.
2055 2194 2162 2219 desunt.

1288 2243 1318 2270 4)
1337 2241 1415 2265 Ovid.
1433 2241 1510 2265 Fast.
1529 2240 1551 2269 1,
1567 2238 1713 2263 297—300.

1288 2283 1319 2316 5)
1340 2283 1462 2311 animae]
1482 2282 1522 2305 sic
1540 2281 1604 2304 illae
1623 2280 1724 2310 Editt.;
1744 2278 1822 2303 ovid.
1843 2279 1912 2309 ΟΜ).
1932 2279 1980 2302 Ed.
1994 2279 2100 2310 Bipont.
2119 2280 2148 2303 et
2164 2279 2242 2304 Fast.

1325 2318 1365 2341 ed.
1387 2317 1482 2347 Gierig
1500 2316 1613 2339 habent:
1634 2314 1746 2338 animoS.

1289 2358 1319 2390 6)
1339 2357 1466 2390 primum]
1486 2357 1526 2380 sic
1545 2357 1609 2380 ittae
1627 2355 1727 2385 Editt,;
1754 2353 1832 2378 Ovid.
1852 2354 1934 2378 Editt.
1954 2354 2059 2384 Bipont.
2087 2355 2113 2378 et
2132 2354 2243 2385 aiei-ig:

1325 2400 1427 2423 prunis.

1290 2436 1320 2467 7)
1341 2434 1473 2466 iocisque]
1494 2434 1532 2458 sic
1551 2434 1614 2457 illae
1632 2432 1734 2462 Editt.;
1761 2431 1840 2456 Ovid.
1862 2432 1944 2456 Editt.
1964 2431 2068 2461 Bipont.
2089 2432 2115 2454 et
2135 2430 2244 2461 Gierig:

1326 2470 1458 2499 locisque.

1289 2513 1320 2545 8)
1341 2514 1440 2537 Genes.
1466 2513 1489 2541 l,
1510 2512 1550 2534 1⁴.

1292 2556 1322 2586 9)
1343 2556 1443 2578 Genes.
1465 2554 1482 2576 1.
1502 2554 1521 2576 1.

1294 2597 1340 2628 10)
1360 2599 1436 2621 Hauc
1457 2597 1522 2619 lies.
1541 2601 1635 2619 vocem
1653 2595 1677 2618 h.
1698 2594 1715 2618 1.
1735 2594 1793 2623 ipse
1814 2593 1958 2624 adscripsi.

1295 2640 1340 2672 11)
1361 2639 1438 2664 ovid.
1458 2639 1545 2668 Epist.
1565 2644 1598 2660 ex
1617 2637 1704 2660 Ponto
1724 2637 1745 2665 1,
1767 2637 1807 2661 10,
1828 2636 1870 2660 28.

1296 2684 1340 2713 12)
1361 2683 1520 2712 autumnos]
1541 2682 1589 2705 Ed.
1611 2681 1685 2705 1541.
1706 2681 1734 2704 B.
1755 2686 1850 2704 errore
1869 2682 1996 2711 typogr.:
2016 2682 2172 2706 autumnus.
