2373 2980
138 95 216 132 765
442 95 564 131 LXIV.

190 186 287 219 Nun.
309 183 506 229 Postquam
526 183 690 219 venimus
707 185 752 218 ad
766 185 865 220 littus
883 187 1080 230 marinum,

191 235 263 269 Ubi
279 235 382 268 navis
400 234 538 269 Orestis
554 236 669 270 latens
686 243 764 270 erat
778 238 940 283 appulsa,

189 286 323 327 Nobis,
347 299 437 332 quos
454 287 584 322 iussisti
601 294 722 322 tenere
739 288 876 325 vinctos
895 288 1068 336 hospites,

143 338 240 373 1330
265 336 385 371 Innuit
402 338 582 373 discedere
598 340 747 375 ulterius

187 389 471 434 Agamemnonis
489 392 560 424 filia
572 418 582 432 ,
607 397 781 438 tanquam
798 404 969 428 arcanum
987 392 1106 438 ignem

189 441 436 476 sacrificatura
471 449 505 476 et
539 443 826 488 purificationem
838 472 848 487 ‚
885 457 994 491 quam
1023 457 1132 490 appa-

551 495 674 534 rabat;

188 544 267 590 Ipsa
285 552 404 580 autem
421 552 519 579 retro
538 546 679 581 vincula
698 553 821 581 tenens
835 545 1019 593 hospitum

186 596 265 631 Ibat
281 597 466 638 manibus,
489 604 524 631 et
539 596 626 632 haec
644 605 747 632 erant
763 600 867 633 nobis
885 605 1061 645 suspecta,

140 647 238 684 1335
260 649 455 683 Placebant
470 655 591 683 tamen
608 651 677 685 tuis
695 651 878 685 ministris.

187 701 260 735 Diu
277 707 396 735 autem
415 701 472 748 (ut
488 702 592 736 nobis
607 702 745 748 aliquid
761 702 943 736 videretur
960 701 1084 749 agere)

187 753 348 787 Ululavit
366 759 401 786 et
419 753 598 788 recensuit
618 754 846 787 barbaricum
867 766 1012 787 carmen

187 805 379 850 Tanquam
397 805 545 840 abluens
561 805 767 849 contagium
784 805 913 840 caedis.

185 856 428 902 Posteaquam
447 857 509 891 diu
525 857 693 897 sedimus,

137 907 235 942 1340
269 907 376 942 Venit
400 910 505 943 nobis
526 909 563 942 in
587 914 745 941 mentem
769 908 916 948 timere,
951 919 996 941 ne
1022 906 1130 941 soluti

553 958 712 1004 hospites

184 1009 427 1044 Interficerent
444 1023 522 1044 eam
535 1037 545 1052 ‚
570 1018 604 1045 et
620 1011 829 1056 effugerent.

185 1062 286 1097 Metu
304 1069 425 1096 tamen
437 1089 447 1104 ,
469 1075 514 1096 ne
529 1063 732 1097 videremus
749 1075 802 1104 ea,
819 1073 911 1108 quae
930 1073 1006 1094 non
1022 1072 1129 1105 opor-

547 1115 646 1149 tebat
661 1115 802 1155 videre,
825 1113 981 1148 sedImus

184 1164 326 1207 Taciti,
356 1172 540 1210 postremo
565 1179 678 1200 unum
706 1166 894 1201 consilium
912 1171 990 1199 erat
1013 1163 1129 1197 omni-

554 1219 633 1258 bus,

183 1265 238 1300 Ire
262 1279 324 1308 eo,
354 1267 416 1301 ubi
444 1268 496 1301 illi
527 1275 662 1310 essent,
694 1268 834 1303 etiamsi
858 1280 933 1301 non
959 1268 1128 1301 concede-

549 1327 661 1355 retur,

135 1366 233 1402 1345
256 1369 329 1402 Ubi
344 1370 499 1405 vidimus
517 1372 692 1405 Graecam
707 1383 836 1404 navem

179 1419 226 1452 Et
244 1432 427 1455 remorum
449 1423 540 1456 serie
559 1423 681 1467 iugum
699 1423 854 1462 alarum,

180 1469 229 1504 Et
254 1478 383 1507 nautas
410 1474 672 1521 quinquaginta
684 1501 694 1515 ,
738 1474 800 1521 qui
834 1485 953 1507 remos
984 1472 1022 1505 in
1055 1473 1127 1507 suis

547 1527 691 1560 sedibus

181 1573 390 1616 Tenebant,
415 1576 550 1612 solutos
569 1584 686 1612 autern
708 1577 859 1611 vinculis
884 1576 1126 1610 adolescentes

177 1624 343 1660 Vidimus
357 1627 490 1662 liberos
506 1636 540 1663 et
555 1630 593 1662 in
610 1630 723 1675 puppi
739 1636 872 1664 stantes

131 1674 230 1711 1350
261 1677 441 1713 Tenentes
466 1680 594 1725 longos
612 1688 756 1720 contos;
790 1680 853 1713 alii
876 1686 996 1714 autem
1017 1691 1037 1712 a
1053 1678 1125 1713 suis

547 1732 642 1766 ansis

179 1779 367 1817 Anchoras
385 1784 669 1829 suspendebant;
694 1783 755 1816 alii
773 1789 892 1816 autem
909 1782 1021 1816 scalas

179 1833 420 1878 Properantes
435 1837 599 1870 serebant
616 1835 781 1869 manibus
792 1861 802 1875 ,
828 1840 863 1867 et
877 1834 979 1867 funes

179 1884 362 1921 Mittentes
378 1887 416 1920 in
434 1900 532 1922 mare
549 1886 730 1933 hospitam
749 1886 972 1920 deducebant
980 1884 1041 1932 ⁸⁵).

234 2027 317 2050 Clare
336 2033 403 2050 vero
425 2033 481 2050 rem
501 2027 673 2057 perspiciens
693 2029 719 2050 et
738 2026 870 2053 audiens,
890 2030 967 2055 cura,

234 2061 416 2091 Persequntio
436 2068 568 2091 quaenam
588 2063 638 2085 hos
659 2061 782 2090 hospites
802 2063 926 2083 venetur.

233 2096 302 2120 Tho.

542 2132 720 2161 navigatione

232 2165 367 2196 Fugiunt,
387 2167 416 2189 ut
436 2166 558 2197 effugere
578 2166 687 2196 possint
706 2170 792 2188 meam
812 2164 929 2188 hastam.

159 2216 207 2248 85)
234 2216 311 2241 Nun.
339 2217 487 2247 Postquam
506 2230 541 2234 —-
560 2217 738 2240 deducebant.
759 2215 815 2247 (νε.
838 2214 1025 2239 1327—1353
1037 2213 1064 2243 J]
1084 2214 1123 2236 sic

194 2252 243 2275 Ed.
262 2252 353 2280 1562,
374 2252 422 2275 Ed.
446 2252 538 2275 1558:

230 2286 309 2310 Nun.
330 2287 370 2310 Ex
390 2292 441 2317 quo
461 2287 496 2309 ad
514 2286 592 2310 littus
613 2286 737 2309 venimus
756 2285 900 2315 marinum,

230 2321 279 2343 Ubi
300 2322 379 2344 navis
401 2322 518 2345 Orestae
538 2322 646 2345 occulta
666 2322 726 2344 erat
746 2320 890 2347 subducta,

229 2355 285 2378 Nos
308 2355 430 2386 quidem,
451 2361 518 2385 quos
537 2357 566 2379 tn
587 2356 696 2379 vincula
716 2355 770 2379 una
790 2354 875 2378 mittis
894 2354 1030 2384 hospitum

230 2391 388 2417 Habentes,
408 2392 474 2413 nutu
494 2390 581 2414 innuit
600 2390 739 2414 absistere
761 2390 854 2420 procul

230 2425 442 2454 Agamemnonis
461 2425 533 2453 fitia,
558 2427 686 2455 tanquam
705 2430 834 2448 arcanam
853 2424 986 2447 flammam

230 2459 377 2482 linmolans
397 2461 424 2482 et
444 2459 650 2488 expiationem,
670 2460 704 2483 ad
724 2465 804 2489 quam
822 2459 978 2482 accedebat.

228 2494 291 2523 Ipsa
310 2499 376 2516 vero
395 2499 411 2517 a
430 2494 510 2521 tergo
531 2494 641 2517 vincula
660 2495 764 2517 habens
783 2493 917 2522 hospitum

228 2528 285 2550 lbat
304 2528 446 2557 manibus,
465 2530 492 2551 et
512 2529 579 2551 baec
597 2530 677 2551 erant
696 2531 827 2558 suspecta
846 2527 962 2559 quidem⁷

228 2562 376 2585 placebant
394 2565 485 2586 tamen
505 2563 559 2586 tuis
578 2563 731 2591 ministris,
753 2569 767 2586 o
787 2570 843 2588 rex.

228 2597 347 2620 Tandem
376 2603 457 2629 vero,

538 2632 610 2664 plus,

227 2666 366 2690 Eiuiatum
391 2667 484 2690 amisit
511 2665 592 2698 [pi-o:
619 2665 738 2698 emisitJ,
764 2668 790 2690 et
815 2666 1024 2697 circumspexit,
1051 2667 1117 2690 bar—

537 2703 604 2725 bara

228 2734 358 2760 Carmina
377 2736 534 2767 inquirens,
555 2737 683 2766 tanquam
703 2737 812 2760 caedem
831 2736 946 2759 abluens
965 2735 1027 2760 iam.

341 2097 406 2126 Βίας
439 2098 516 2120 recte
542 2097 611 2120 enim
638 2095 820 2125 admonuisti;
858 2100 912 2118 non
938 2093 1010 2117 enim
1035 2092 1124 2116 vicina
1148 2127 1150 2131 ι

490 2604 548 2621 cum
578 2598 656 2621 nobis
682 2603 817 2628 peragere
840 2597 943 2627 aliquid
971 2596 1116 2620 videbatur
1142 2587 1143 2592 ¹

1140 2648 1143 2669 ὅ

617 95 1016 135 INTERPRETATIO
1041 100 1281 137 EURIPIDIS
1305 102 1582 139 IPHIGENIAE
1608 104 1656 140 IN
1685 105 1872 142 TAURIS.

1160 220 1165 278 Ι

1148 2015 1151 2027 0

1139 2712 1143 2750 ἑ

2105 110 2180 146 766

1239 190 1314 224 Nos
1324 198 1442 225 autem
1454 204 1526 225 non
1541 192 1798 237 permittentes,
1815 200 2007 240 postquam
2026 194 2181 230 vidimus

1192 239 1289 276 1355
1314 242 1403 276 Rem
1422 244 1505 277 dolo
1525 244 1618 288 geri,
1643 245 1822 279 tenuimus
1841 245 1955 290 ipsam
1970 244 2165 292 hospitam,

1238 292 1284 326 Et
1298 294 1418 335 funes,
1441 301 1475 328 et
1492 307 1556 339 per
1574 296 1855 340 gubernaculum

1238 344 1461 379 Abstulimus
1479 347 1598 380 clavos
1618 347 1731 382 navis.

1238 394 1433 429 Oriebatur
1449 398 1623 432 orationis
1640 405 1838 433 certamen:
1864 399 1986 444 Quare
2003 401 2180 446 navigatis

1236 445 1412 481 Furantes
1428 448 1531 482 nobis
1550 448 1664 482 Deam
1681 456 1715 483 et
1732 451 1806 484 eins
1822 451 2050 486 ministram?

1188 496 1287 531 1360
1310 498 1367 531 Tu
1385 499 1464 544 quis
1481 512 1536 539 es,
1563 500 1624 545 qui
1639 499 1732 534 hanc
1749 500 1868 536 evehis
1885 515 1926 535 ex
1942 501 2010 537 hac
2027 503 2147 537 terra?

1236 548 1297 582 Ille
1314 551 1517 594 respondit:
1547 550 1710 591 Orestes,
1734 550 1838 586 huius
1854 554 1983 596 frater,
2009 562 2048 589 ut
2067 555 2169 597 scias,

1235 600 1346 635 Filius
1364 602 1666 646 Agamemnonis,
1688 616 1806 637 meam
1825 603 1940 638 aveho

1237 652 1405 686 Sororem
1418 680 1427 693 ,
1451 666 1559 699 quam
1580 654 1802 699 perdidimus
1820 668 1861 688 ex
1877 657 1999 691 domo.

1235 703 1370 737 Verum
1389 702 1623 740 nihilominus
1639 707 1853 741 retinuimus
1871 719 1963 748 eam,

1189 754 1287 789 1365
1310 755 1357 789 Et
1372 757 1551 801 coegimus
1569 758 1671 803 sequi
1688 759 1732 791 ad
1748 765 1794 793 te.

1239 806 1341 840 Unde
1356 820 1482 842 saevae
1500 810 1627 853 plagae
1644 816 1746 843 erant
1763 823 1948 855 genarum.

1235 858 1362 893 Neutri
1379 860 1474 893 enim
1491 859 1711 895 habebamus
1728 863 1882 901 ferrum;

1235 910 1371 944 Verum
1389 924 1444 946 res
1460 913 1633 957 agebatur
1648 914 1790 958 pugnis,

1234 961 1282 995 Et
1299 963 1394 1006 ligna
1405 963 1452 1009 ⁸⁶)
1470 964 1639 1010 utrinque
1656 965 1748 999 circa
1771 965 1998 999 iuvenculam

1155 1046 1158 1058 1
1185 1014 1284 1047 1370
1307 1013 1349 1047 In
1363 1015 1475 1048 latera
1494 1022 1528 1048 et
1545 1014 1658 1061 hepar
1676 1017 1939 1057 iaculabantur,

1234 1063 1286 1098 Ita
1314 1072 1354 1098 ut
1377 1067 1689 1102 committerentur
1711 1075 1745 1101 et
1766 1068 2049 1113 defatigarentur
2068 1080 2180 1102 mem-

1599 1120 1675 1154 bra.

1233 1166 1308 1201 Nos
1323 1174 1442 1202 autern
1462 1170 1565 1204 malis
1583 1171 1677 1205 notis
1694 1171 1825 1216 signati

1233 1218 1405 1263 Fugimus
1423 1221 1459 1254 in
1474 1222 1593 1255 locum
1610 1224 1761 1257 arduum
1774 1250 1783 1264 ,
1807 1222 1868 1256 alii
1884 1222 1920 1255 in
1937 1221 2051 1266 capite

1234 1270 1415 1306 Habentes
1433 1280 1578 1307 cruenta
1599 1275 1747 1308 vulnera
1760 1302 1769 1315 ,
1793 1275 1855 1308 alii
1871 1274 1907 1307 in
1926 1273 2049 1308 oculis.

1185 1320 1282 1356 1375
1303 1323 1378 1357 Nos
1397 1324 1434 1357 in
1451 1326 1589 1359 tumulo
1607 1333 1740 1360 stantes
1756 1326 1893 1360 cautius

1231 1374 1486 1419 Pugnabamus
1497 1404 1506 1418 ‚
1535 1384 1568 1411 et
1583 1390 1666 1412 saxa
1684 1378 1913 1412 iaciebamus.

1233 1425 1367 1460 Verum
1386 1429 1556 1462 arcebant
1572 1442 1638 1463 nos
1656 1430 1870 1463 iaculatores
1888 1429 1925 1461 in
1944 1427 2057 1472 puppi

1232 1476 1373 1513 Stantes
1390 1480 1487 1521 telis,
1510 1487 1550 1514 ut
1565 1493 1775 1526 cogeremur
1791 1487 1887 1514 retro
1905 1481 2028 1513 cedere
2038 1477 2098 1525 87).

1284 1615 1434 1646 Postquam
1454 1624 1520 1641 vero
1540 1619 1651 1649 longum
1671 1618 1836 1642 sedebamus
1857 1619 1975 1646 tempus,

1284 1651 1313 1673 ln
1334 1654 1450 1676 mentem
1471 1654 1547 1676 venit
1566 1654 1663 1683 nobis,
1685 1660 1718 1677 ne
1738 1653 1821 1676 soluti
1842 1652 1966 1681 hospites

1284 1685 1476 1710 lntcrficerent
1495 1688 1599 1717 ipsam,
1623 1689 1649 1711 et
1669 1688 1776 1715 fugitivi
1796 1688 1970 1717 aufugerent.

1283 1721 1337 1743 Sed
1357 1727 1389 1744 ex
1404 1724 1477 1745 metu
1496 1723 1605 1746 illarum
1625 1729 1733 1754 rerum⁷
1752 1728 1821 1752 quae
1840 1721 1919 1744 nefas
1939 1721 2001 1744 erat
2019 1720 2175 1750 adspicere,

1593 1758 1715 1781 sedimus

1284 1788 1409 1813 Silentio.
1447 1791 1591 1815 Postremo
1612 1792 1737 1815 omnibns
1758 1792 1818 1815 erat
1839 1791 1934 1814 eadem
1952 1789 2104 1820 sententia,

1283 1824 1343 1850 Ire,
1363 1825 1407 1847 ubi
1426 1827 1523 1854 erant,
1542 1827 1668 1856 quamvis
1688 1832 1742 1850 non
1761 1825 1914 1850 concessis.

1282 1859 1317 1882 Et
1335 1859 1433 1883 ibidem
1454 1860 1577 1884 videmus
1598 1861 1787 1884 Graecanicae
1806 1861 1887 1883 navis
1906 1860 2045 1891 scapham,

1283 1894 1418 1921 Expedito
1439 1895 1552 1926 remigio
1572 1896 1605 1918 ad
1625 1896 1752 1926 impetum
1772 1895 1887 1923 alatam,

1283 1928 1317 1950 Et
1338 1931 1434 1952 nautas
1457 1930 1655 1961 quinquaginta
1678 1931 1704 1953 in
1724 1929 1835 1954 sualmis
1856 1935 1948 1953 remos

1282 1963 1440 1992 Habentes,
1461 1970 1542 1993 porro
1562 1971 1578 1988 a
1598 1965 1714 1988 vinculis
1734 1965 1848 1988 iuvenes

1281 1997 1398 2021 Liberos
1418 1999 1443 2021 in
1464 1999 1545 2029 puppi
1566 2000 1674 2022 stantes
1693 2000 1782 2024 navis.

1284 2032 1381 2055 Contis
1404 2039 1470 2056 vero
1490 2039 1590 2063 prorae
1609 2034 1788 2064 insistebant3
1808 2033 1856 2057 alii
1875 2033 1908 2056 ad
1928 2032 2054 2063 epotidas

1281 2068 1410 2090 Ancoras
1430 2068 1606 2098 religabant3
1626 2069 1674 2091 aiii
1693 2069 1785 2091 scalas

1281 2102 1488 2132 Aseendentes,
1509 2104 1643 2126 ducebant
1663 2109 1710 2132 per
1731 2108 1828 2126 manns
1848 2107 1933 2125 oram.

1280 2135 1384 2166 Pelago
1408 2138 1611 2161 committentes
1633 2137 1807 2167 peregrinam
1826 2137 1919 2160 navim
1938 2136 2136 2160 subduxerunt.

1209 2177 1258 2210 86)
1279 2178 1365 2210 ligna]
1386 2180 1446 2203 huic
1465 2181 1527 2204 voci
1545 2181 1693 2211 Xylander
1712 2181 1739 2203 in
1759 2186 1846 2210 marg.
1869 2180 1915 2202 Ed.
1938 2179 2013 2202 ¹562.
2033 2179 2101 2202 hanc
2119 2178 2171 2202 ad-

1244 2213 1358 2243 scripsit
1376 2216 1598 2239 annotationem:
1632 2232 1649 2245 .,
1660 2215 1776 2238 Videtur
1796 2214 1900 2242 legisse
1919 2212 1999 2237 κᾶλα.
2043 2213 2096 2236 Sed
2116 2219 2171 2236 non

1243 2250 1336 2277 potest
1356 2250 1477 2279 probari.
1522 2250 1670 2273 Verterem
1688 2252 1782 2277 artum
1810 2250 1853 2271 est
1873 2248 1943 2271 enim
1964 2248 2124 2277 metaphora
2143 2248 2170 2271 in

1243 2288 1312 2306 voce
1336 2283 1480 2310 iaculari.”
1509 2284 1572 2316 (Ed.
1595 2284 1685 2311 1555,
1720 2284 1814 2306 Barim
1842 2288 1955 2311 manus;
1980 2283 2100 2312 Musgr.:
2125 2283 2170 2306 la-

1244 2317 1329 2347 certi3
1349 2319 1424 2343 Fixa
1445 2319 1545 2348 pedes;
1565 2319 1658 2348 Eurip.
1679 2316 1773 2348 κῶλ’).

1207 2359 1255 2391 87)
1275 2360 1332 2384 Nos
1351 2362 1441 2384 autem
1458 2375 1489 2379 —
1505 2361 1612 2385 cedere.
1633 2359 1690 2391 (vs.
1708 2357 1929 2391 1354—1378.)]
1949 2358 1990 2383 sic
2010 2359 2061 2384 Ed.
2077 2360 2170 2391 1562.;

1242 2395 1292 2419 Ed.
1315 2396 1406 2419 1553:

1278 2430 1336 2453 Nos
1356 2436 1422 2453 vero
1442 2429 1506 2452 nihil
1528 2430 1690 2459 parcentes,
1711 2429 1740 2452 nt
1758 2429 1871 2458 primum
1891 2427 2068 2458 adspeximus

1277 2464 1480 2488 Frauduientas
1499 2465 1591 2493 artes,
1611 2464 1841 2493 apprehendimus
1860 2463 1949 2487 navim
1968 2462 2144 2493 peregrinam

1278 2500 1313 2522 Et
1332 2499 1479 2526 rudentes,
1500 2500 1527 2521 et
1545 2505 1594 2529 per
1613 2499 1800 2528 gubernacula

1277 2533 1381 2557 clavos
1401 2533 1570 2556 excindimus
1591 2534 1722 2556 robustae
1742 2533 1832 2557 navis·

1275 2568 1370 2590 Verba
1387 2574 1455 2591 vero
1475 2568 1563 2591 ibant:
1585 2569 1645 2597 Qua
1663 2567 1771 2591 ratione
1790 2566 1918 2590 traiicitis

1277 2602 1414 2626 Furantes
1441 2609 1474 2626 ex
1501 2603 1552 2626 hae
1579 2605 1657 2626 terra
1681 2602 1876 2626 simulachrum
1903 2603 1930 2625 et
1953 2601 2042 2631 ipsam
2070 2605 2165 2623 sacer-

1587 2634 1698 2661 dotem?

1277 2670 1362 2695 Cuius
1376 2669 1489 2703 gratia?
1508 2672 1569 2702 quis
1583 2672 1707 2695 existens
1717 2688 1725 2702 ‚
1739 2672 1808 2695 lianc
1821 2670 1934 2695 abducis
1946 2669 2034 2694 veluti
2048 2670 2165 2699 emptam

1583 2708 1617 2730 ab
1636 2707 1686 2730 hac
1705 2702 1840 2735 regione‘.2

1275 2741 1330 2766 Sed
1342 2741 1390 2766 ille
1403 2741 1484 2766 dixit:
1505 2741 1619 2766 Orestes
1647 2740 1726 2764 buius
1740 2741 1828 2764 frater
1847 2745 2012 2771 germanus,
2031 2739 2060 2762 ut
2079 2737 2165 2769 scias,
