2373 2980
211 114 285 150 679

262 202 334 244 lph.
364 200 515 232 Valeant
532 196 672 236 hastae,
701 202 735 228 et
754 195 848 228 mala
867 194 1035 229 Menelai.

262 256 383 296 Ayam.
403 251 506 283 Prius
517 249 605 281 alios
614 247 776 292 perdent,
795 258 952 291 quaeme
964 245 1209 290 perdiderunt.

213 303 286 337 660
314 304 386 345 ΙρΙι.
414 301 532 345 Quam
549 300 656 342 longo
675 305 837 342 tempore
855 297 937 331 abes
954 296 1209 344 inAulide⁸⁷)?

263 357 383 397 Ayam.
412 349 585 385 Prohibet
601 362 657 382 me
676 361 771 382 nunc
788 348 924 394 aliquid
949 360 1022 382 non
1046 349 1208 382 traiicere

622 406 824 434 exereitum.

263 456 336 498 Iph.
365 454 491 493 Pater,
518 452 580 485 ubi
595 452 717 485 dicunt
734 449 896 495 Phrygas
911 447 1099 482 habitare?

264 508 385 549 Ayam.
414 504 485 537 Ubi
502 505 628 537 vellem
648 514 833 547 nunquam
852 508 975 534 natum
996 512 1067 535 esse
1086 499 1209 541 Parin,

624 555 734 587 filium
752 552 902 586 Priami.

262 609 335 650 Iple.
366 607 495 641 Procul
511 605 657 650 navigas
669 632 677 645 ‚
706 617 726 637 o
743 610 865 648 pater,
892 605 1056 637 deserens
1074 614 1141 635 me.

214 658 288 693 665
314 661 435 702 Ayam.
460 658 618 697 Eodem,
645 669 665 689 o
681 667 758 688 mea
775 655 845 688 filia
858 681 866 695 ,
894 661 931 688 tu
950 665 1094 698 quoque
1111 652 1209 686 venis

625 719 704 741 cum
722 712 835 750 patre.

264 762 337 803 Iph.
366 758 436 794 Oh.

266 812 314 844 Ut
333 810 540 844 conveniret
559 807 700 853 mihiSS)
713 835 721 848 ,
748 814 786 840 ut
802 818 858 839 me
875 818 946 839 una
965 807 1121 838 duceres.

265 865 385 906 Ayam.
415 862 511 907 Quid
526 859 708 906 postulas?
737 865 770 891 et
787 857 851 890 tibi
869 857 936 889 erit
950 855 1145 899 navigatio,
1172 860 1212 887 ut

625 911 672 944 sis
690 921 828 942 memor
843 907 966 952 patris.

266 966 339 1007 Iph.
382 965 439 998 An
472 975 551 996 cum
583 968 697 995 matre
722 959 894 1003 navigans
906 985 914 998 ,
956 969 1003 990 an
1025 957 1099 990 sola
1128 967 1211 1000 pro—

622 1009 781 1045 ficiscar?

264 1069 383 1109 Aqam.
414 1064 495 1098 Sola
513 1069 693 1108 segregata
710 1074 729 1094 a
745 1067 847 1105 patre
864 1065 898 1092 et
914 1064 1040 1092 matre.

217 1117 291 1151 670
318 1118 391 1159 Iph.
419 1116 546 1155 Pater,
574 1115 737 1147 traduces
753 1124 809 1145 me
826 1111 861 1143 in
879 1110 986 1143 aliam
1004 1107 1179 1142 domum?

267 1172 388 1212 Ayam.
425 1166 527 1200 Mitte
550 1164 656 1205 haec,
697 1175 772 1196 non
799 1168 941 1207 oportet
964 1161 1099 1206 puellas
1125 1158 1213 1192 haec

630 1215 731 1251 scire.

266 1272 340 1313 ΙρΙι.
369 1269 493 1309 Pater,
520 1280 695 1313 propera,
721 1271 760 1299 ut
784 1264 908 1297 redeas
933 1275 974 1296 ex
998 1260 1214 1308 Phrygibus,

628 1318 732 1351 rebus
748 1315 819 1348 illic
834 1320 927 1347 recte
944 1313 1085 1348 curatis.

267 1375 386 1415 Ayam.
415 1370 568 1415 Oportet
587 1382 642 1403 me
659 1369 759 1413 prius
775 1365 832 1399 hic
851 1365 1062 1400 sacrificium
1087 1365 1214 1397 facere.

267 1424 338 1466 Iplz.
367 1422 479 1468 Atqui
497 1435 576 1456 cum
595 1418 837 1455 sacerdotibus
854 1423 997 1462 oportet
1017 1416 1215 1449 deliberare

626 1471 719 1505 hanc
738 1480 875 1504 sacram
893 1480 982 1501 rem.

219 1523 292 1559 675
318 1527 440 1568 Aqam.
477 1524 535 1557 Tu
559 1523 663 1560 scies;
706 1519 861 1554 adstabis
894 1518 989 1551 enim
1021 1528 1133 1561 prope
1166 1516 1216 1548 la-

628 1585 786 1606 vacrum.

268 1628 342 1670 Iplz.
366 1626 398 1660 O
415 1631 534 1670 pater,
561 1625 777 1658 faciemusne
794 1618 942 1653 chorum
960 1618 1051 1651 circa
1071 1617 1196 1651 aram?

268 1681 390 1722 Ayum.
417 1677 518 1711 Duco
535 1683 568 1710 te
586 1675 653 1709 hoc
674 1686 746 1708 esse
768 1671 986 1710 beatiorem,
1022 1682 1130 1714 quam
1147 1680 1217 1708 me,

638 1726 735 1771 quod
756 1735 831 1757 non
848 1721 1035 1764 intelligas.

270 1780 368 1813 Vade
386 1779 423 1812 in
439 1779 561 1818 aedes,
587 1783 628 1811 ut
643 1777 788 1809 videant
805 1781 837 1807 te
854 1772 1004 1817 puellae.

270 1831 409 1864 Dedisti
426 1828 514 1862 mihi
533 1829 698 1862 acerbum
717 1826 876 1860 osculum
893 1830 925 1856 et
948 1824 1129 1861 dextram,

223 1883 297 1917 680
325 1882 412 1915 Cum
431 1881 476 1915 sis
491 1881 598 1924 longo
617 1886 778 1924 tempore
794 1877 959 1910 absutura
979 1886 996 1906 a
1015 1879 1129 1917 patre.

272 1934 304 1967 Ο
321 1939 465 1978 pectora
494 1938 527 1964 et
554 1943 679 1975 genas,
709 1943 729 1963 o
746 1929 857 1961 flavos
873 1925 1038 1970 capillos,

274 1985 458 2030 Quantum
477 1984 637 2016 dolorem
654 1981 756 2015 nobis
773 1978 891 2012 attulit
906 1976 1017 2010 Troia
1029 2001 1039 2015 ,

273 2036 318 2069 Et
334 2035 484 2069 Helena!
512 2035 634 2067 desino
656 2032 772 2078 loqui;
801 2029 936 2065 subitus
954 2026 1049 2060 enim

273 2088 413 2121 Humor
432 2087 616 2120 oculorum
637 2090 738 2128 urget
753 2095 808 2115 me
820 2108 829 2122 ,
857 2092 937 2114 cum
954 2085 988 2112 te
1004 2084 1126 2121 tango.

222 2137 297 2174 685
321 2139 389 2171 Abi
405 2138 442 2170 in
460 2138 590 2171 aulam.
644 2136 696 2169 Te
713 2146 798 2167 vero
818 2134 1012 2176 deprecor,

272 2192 304 2224 Ο
321 2190 391 2223 filia
405 2189 542 2229 Ledae,
571 2188 667 2233 quod
686 2187 789 2219 valde
806 2179 1050 2217 misericordia
1070 2177 1217 2217 afficior,

274 2242 521 2275 collocaturus
535 2240 644 2273 filiam
663 2250 779 2271 meam
798 2233 940 2268 Achilli.

279 2292 374 2334 „Est
389 2292 533 2338 quidem
550 2290 633 2324 felix
650 2287 826 2332 ablegatio
838 2313 847 2327 ‚
875 2286 934 2319 sed
954 2290 1075 2316 tamen

275 2344 448 2384 „Mordet
464 2349 648 2387 parentes,
676 2340 820 2386 quando
840 2336 964 2370 alienis
983 2331 1130 2367 aedibus

224 2394 298 2429 690
333 2395 491 2436 „Tradit
518 2394 648 2427 liberos
674 2398 795 2436 pater,
839 2401 928 2434 quos
955 2385 1069 2419 multo
1094 2381 1219 2414 labore

632 2439 864 2484 educavit⁸⁹).

260 2540 308 2572 87)
329 2540 355 2563 in
369 2538 481 2566 Aulide]
499 2536 539 2559 sic
552 2534 634 2559 Editt.
654 2534 738 2559 ¹558„
761 2531 852 2559 1562,
874 2528 954 2552 Editt.
969 2526 1070 2550 recent.
1091 2522 1139 2555 (z
1151 2521 1218 2545 text.

297 2576 354 2605 gr.)
373 2574 400 2596 in
419 2570 525 2596 Aulidis
542 2569 698 2593 recessibus
719 2567 809 2595 [Fix.:
831 2563 968 2590 recessu}

262 2619 310 2646 88)
328 2615 406 2644 mihi]
433 2614 472 2637 sic
491 2612 572 2636 Editt.
595 2610 685 2638 1558..
708 2608 797 2639 1562.;
830 2606 911 2630 Editt.
932 2604 1034 2627 recent.
1059 2600 1105 2632 (=
1125 2598 1219 2628 Eurip.

296 2660 361 2683 μοι,
389 2649 436 2674 σοι’
451 2645 493 2676 τ’)
512 2645 589 2674 mihi,
609 2645 722 2674 tibique.

260 2693 308 2725 89)
327 2695 359 2717 H.
378 2694 395 2716 l.
420 2692 447 2715 in
466 2690 551 2715 Editt.
571 2687 663 2717 1558.,
691 2686 764 2709 1562.
790 2685 856 2708 nota
880 2687 982 2712 marg.:
1015 2678 1129 2709 Nuptias
1148 2676 1219 2700 lihe-

295 2728 353 2752 rsun
373 2727 483 2751 adferre
501 2723 632 2748 dolorem.

793 108 916 145 PHIL.
953 108 1070 145 MEL.
1103 107 1305 144 SCRIPTA
1339 106 1678 143 PHILOLOGICA.

2179 109 2253 145 680

1314 197 1399 240 Clyt.
1425 195 1508 230 Non
1526 194 1574 227 ita
1595 192 1701 226 stulta
1719 203 1814 225 sum:
1842 204 2027 238 passuram
2044 205 2100 226 me

1312 246 1358 280 Et
1374 247 1487 291 ipsam
1507 245 1630 279 eadem
1647 242 1823 277 existimes
1845 244 1901 290 (ut
1926 242 2016 278 nihil
2041 255 2130 289 opus
2155 243 2200 278 sit
2221 251 2255 278 te

1676 295 1863 342 monere),
2178 300 2205 325 b.

1314 348 1469 393 Quando
1486 346 1642 390 puellam
1660 346 1807 378 educam
1828 358 1906 380 cum
1927 344 2139 392 hymenaeo-

1315 399 1382 433 Sed
1405 405 1439 431 et
1456 398 1511 431 lex
1528 403 1562 430 et
1578 403 1674 430 aetas
1690 396 1783 429 idem
1805 398 2007 441 postulant,
2033 404 2073 431 ut
2089 397 2257 431 elocetur.

1264 449 1337 484 695
1365 450 1507 484 Nomen
1523 448 1595 482 scio
1614 448 1707 487 eius,
1736 448 1792 481 cui
1808 448 1993 482 destinasti
2009 448 2131 482 filiam.

1313 501 1427 545 Cupio
1444 506 1562 533 autem
1580 499 1669 533 scire
1681 525 1690 539 ,
1718 511 1759 532 ex
1777 512 1847 544 quo
1863 511 1990 544 genere
2008 499 2071 540 sit,
2103 505 2137 532 et
2151 498 2258 533 unde.

1313 556 1434 596 Ayam.
1457 551 1598 595 Asopus
1616 549 1738 594 genuit
1753 550 1863 583 filiam
1877 551 2066 595 Aeginam.

1315 605 1401 648 Clyt.
1448 601 1660 636 Mortalium
1696 598 1783 634 haec
1821 608 1882 636 aut
1910 602 2071 635 Deorum
2105 600 2162 634 cui
2193 610 2260 632 nu-

1675 651 1818 695 pserat?

1313 708 1435 750 Ayam.
1470 703 1564 743 Iovi;
1606 709 1640 736 et
1672 702 1841 737 Oenones
1872 704 2075 748 procreavit
2102 702 2259 737 Aeacum

1670 755 1809 788 ducem.

1265 807 1338 841 700
1367 806 1450 851 Clyt.
1487 805 1555 839 Sed
1579 805 1744 851 quisnam
1767 805 1860 840 filius
1881 805 1988 839 Aeaci
2016 805 2171 839 obtinuit
2197 805 2261 838 do·

1674 855 1800 889 mum?

1661 906 1789 940 Peleus
1813 912 1931 940 autem
1964 906 2119 941 habehat
2136 905 2260 950 'filiam

1677 957 1796 992 Nerei.

1319 1009 1405 1053 Clyt.
1441 1007 1518 1042 Deo
1548 1009 1762 1042 concedente
1787 1020 1833 1042 an
1856 1007 1977 1042 invitis
2000 1007 2078 1042 Diis
2103 1018 2181 1041 eam
2206 1017 2262 1039 ac-

1682 1059 1797 1103 cepit?

1315 1114 1436 1154 Ayam.
1464 1108 1598 1153 Iupiter
1614 1110 1863 1154 desponsavit,
1891 1116 1993 1154 pater
2009 1108 2152 1143 locavit.

1318 1164 1403 1206 Clyt.
1430 1160 1587 1194 Ubinam
1605 1160 1702 1194 ducit
1718 1160 1842 1193 illam?
1871 1172 1917 1194 an
1939 1160 1977 1193 in
2002 1159 2166 1194 fluctibus
2189 1169 2263 1192 ma-

1685 1211 1799 1245 rinis?

1269 1262 1343 1298 705
1371 1267 1493 1308 Ayam.
1536 1261 1606 1303 Ibi,
1646 1262 1708 1296 ubi
1733 1261 1869 1296 Chiron
1892 1260 2127 1310 inhabitatffl')
2152 1258 2263 1295 hone-

1682 1319 1772 1347 stam
1789 1314 1907 1347 sedem
1924 1313 2033 1347 Pelei.

1322 1368 1407 1411 Clyt.
1439 1365 1535 1400 Num
1558 1362 1615 1397 hic
1625 1363 1674 1409 ⁹¹)
1698 1365 1797 1398 aiunt
1818 1362 2020 1397 inhabitare
2043 1374 2151 1408 genus
2175 1361 2265 1395 Cen-

1682 1414 1894 1448 taurorum?

1321 1471 1442 1513 Ayam.
1475 1465 1547 1506 Ibi,
1588 1465 1651 1499 ubi
1678 1465 1739 1498 Dii
1764 1466 2006 1509 praebuerunt
2029 1463 2172 1509 epulum
2198 1473 2264 1495 nu-

1687 1517 1795 1560 ptiale
1814 1517 1924 1549 Pelei.

1323 1570 1409 1614 Clyt.
1444 1568 1513 1601 Sed
1535 1573 1656 1600 utrum
1687 1573 1803 1599 mater
1814 1566 1860 1612 92)
1894 1563 2058 1599 educavit
2077 1560 2266 1601 Achillem,

1684 1629 1729 1649 an
1753 1616 1881 1661 pater?

1322 1673 1443 1714 Ayam.
1472 1666 1620 1707 Chiron,
1647 1680 1691 1700 ne
1708 1667 1857 1701 disceret
1873 1678 1992 1700 mores
2009 1665 2186 1698 malorum
2202 1661 2266 1696 ho-

1682 1731 1832 1752 lnlnuln.

1314 909 1436 952 Ayam.
1469 906 1608 941 Peleus.

1272 1773 1346 1807 710
1376 1772 1461 1816 Clyt.
1490 1770 1593 1803 Hem.

1322 1824 1470 1867 Sapiens
1495 1823 1684 1861 educator,
1718 1827 1754 1853 at
1778 1818 1998 1864 sapientior,
2034 1815 2096 1861 qui
2119 1813 2267 1848 tradidit

1686 1872 1921 1904 educandum.
2179 1883 2185 1885 -

1321 1929 1442 1969 Ayam.
1471 1924 1570 1957 Talis
1586 1923 1640 1956 vir
1657 1923 1806 1955 maritus
1823 1922 1889 1955 erit
1905 1927 1986 1954 tuae
2007 1918 2112 1952 filiae.

1323 1978 1408 2021 Clyt.
1444 1975 1526 2010 Non
1551 1974 1843 2007 contemnendus.
1910 1971 1978 2004 Sed
2006 1970 2044 2002 in
2077 1979 2146 2013 qua
2178 1966 2265 2000 urbe

1691 2023 1863 2058 Graeciae
1886 2019 2048 2057 habitat?

1322 2082 1443 2122 Ayam.
1471 2077 1527 2111 Ad
1542 2076 1676 2110 flumen
1685 2075 1889 2120 Apidanum
1909 2075 1947 2107 in
1964 2065 2265 2106 finibusPhthiae.

1324 2131 1410 2173 Clyt.
1438 2128 1538 2162 Eone
1555 2128 1705 2160 abducet
1723 2138 1839 2159 meam
1849 2125 1896 2170 93)
1914 2121 2049 2158 filiam?

1271 2178 1345 2214 715
1373 2182 1493 2224 Ayum.
1521 2179 1617 2211 Haec
1632 2184 1736 2212 erunt
1751 2188 1855 2210 curae
1875 2176 1945 2215 illi,
1973 2179 2162 2218 postquam
2185 2180 2264 2201 eam

1678 2227 1829 2262 duxerit.

1324 2283 1410 2326 Clyt.
1436 2281 1514 2315 Sint
1527 2279 1633 2313 beati.
1687 2279 1842 2324 Quando
1860 2275 1964 2309 faciet
1981 2269 2151 2316 nuptias?

1308 2416 1356 2448 90)
1376 2412 1521 2445 inhabitat]
1544 2412 1583 2435 sie
1601 2411 1650 2436 Ed.
1668 2411 1739 2434 1558.
1759 2409 1804 2441 (z
1824 2407 1917 2437 Eun-ip.
1937 2405 2021 2436 οἰκεῖ;
2046 2405 2168 2433 Musgr.‚
2187 2400 2262 2427 Fun:

1343 2448 1478 2480 habitat);
1503 2446 1642 2471 Ed.1562.
1663 2445 1829 2468 inhabitabat
1848 2443 1960 2471 (Barim
1986 2436 2147 2468 habitabat).

1306 2502 1354 2534 91)
1374 2503 1447 2532 Num*
1460 2499 1517 2527 hic]
1535 2498 1577 2521 sic
1593 2496 1775 2523 Editt.1558.,
1797 2494 1888 2523 1562.;
1912 2492 1997 2517 Editt.
2016 2489 2120 2514 recent.
2140 2486 2186 2519 (=
2205 2486 2263 2509 Eu-

1341 2537 1392 2566 rip.
1410 2534 1461 2562 Οὑ)
1480 2533 1540 2557 Ubi.

1306 2587 1354 2619 92)
1374 2586 1475 2614 mater]
1495 2584 1535 2608 sic
1552 2582 1637 2607 Editt.
1656 2582 1742 2611 1558.,
1763 2581 1854 2611 15623
1879 2577 1962 2603 Editt.
1982 2576 2084 2600 recent.
2104 2575 2152 2603 (=
2169 2571 2263 2602 Eurip-

1344 2620 1432 2651 Θέτις)
1452 2621 1546 2644 mater
1565 2617 1665 2641 Thetis.

1306 2671 1354 2704 93)
1374 2672 1477 2700 meam]
1496 2669 1536 2693 sic
1554 2667 1637 2692 Editt.
1649 2667 1740 2698 ¹558„
1761 2664 1852 2694 1562.;
1878 2662 1960 2687 Editt.
1979 2661 2082 2686 recent.
2103 2658 2150 2691 (=
2167 2655 2261 2686 Eurip.

1342 2704 1394 2736 σήν
1413 2703 1482 2736 ἐμήν
1499 2705 1542 2732 τε)
1559 2705 1633 2726 tuam
1651 2706 1799 2730 meamque.
