2373 2980
201 86 274 124 235

201 180 251 208 est
273 173 378 207 statio
405 172 499 206 solis.
562 170 643 204 Ideo
671 176 794 202 monet
816 181 890 202 non
915 181 987 203 esse
1013 169 1187 202 arandum

199 225 263 259 sub
284 225 460 257 brumam.

301 297 332 316 v.
358 283 442 317 482.
470 280 591 325 (480.)
658 279 777 319 Οἴσεις
810 277 841 314 δ’
876 279 915 314 ἐν
932 280 1084 326 ’φορμῷ
1109 280 1189 324 etc.]

197 334 409 368 Extenuatio
439 339 507 365 est:
562 329 719 363 Domum
755 331 934 375 portabis,
964 342 1038 362 nou
1071 328 1188 368 vehes,

199 397 286 429 opus
314 384 379 417 erit
402 383 465 415 tibi
492 379 651 421 calatho,
676 393 750 413 non
773 388 901 415 onusto
921 381 1101 425 plaustro;
1126 379 1188 414 ha-

195 436 293 469 bebis
326 435 419 467 euim
447 434 599 466 multum
631 433 853 473 culmorum,
886 438 920 465 et
947 444 1077 476 parum
1109 444 1187 476 gra-

195 499 336 519 norum.
390 482 544 529 Φυρμὸς
567 483 697 517 dicitur
720 483 890 529 quicquid
912 490 1098 517 consutum
1125 489 1187 521 est,

195 534 358 584 φόρμιον
380 535 577 579 stragulum
596 536 726 567 sactum
745 547 786 568 ex
804 535 916 568 iuncis
931 561 940 576 ‚
966 535 1023 567 eiu
1039 534 1186 572 decken,

195 586 278 621 hinc
299 585 474 621 Phormio
503 585 651 630 parasiti
679 585 880 631 nomenffi).

298 661 330 680 v.
366 646 451 680 483.
483 639 615 692 (481.)
661 644 804 679 ’Ἀλλοτε
827 643 865 680 δ’
893 642 1038 683 ἀλλοῖος
1067 641 1187 689 Ζηνὸς

195 695 280 737 νόος
296 694 493 746 αἰγιόχοιο]
521 696 685 729 Tertium
702 702 944 741 praeceptum.
998 695 1080 729 Alio
1099 701 1186 727 tem-

193 761 280 794 pore
313 755 396 782 sunt
428 748 516 780 aliae
558 753 803 791 tempestates,
844 747 1038 792 aliquando
1073 745 1186 785 citius,

194 800 388 846 aliquando
412 799 523 832 serius
549 799 760 837 serendum,
790 804 830 831 ut
854 798 972 832 sinent
997 803 1186 841 tempesta-

194 858 264 890 tes,
291 851 371 896 quia
398 862 658 895 nonnunquam
690 849 809 881 differt
832 847 966 894 Iupiter
996 854 1186 892 tempesta-

194 909 284 942 tem,
319 909 351 935 et
377 902 520 946 quando
546 913 611 934 nos
639 900 882 934 felicissimum
907 911 1042 943 annum
1067 911 1186 943 spera-

192 967 291 993 mus,
330 959 412 985 tuuc
448 951 775 995 deploratissimum
812 951 1026 995 experimur.
1089 949 1184 993 Ergo

194 1004 269 1037 Iovi
307 1003 560 1036 committenda
598 1000 702 1034 liuius
736 1001 789 1034 rei
815 1014 919 1042 cura,
955 1007 995 1034 ut
1027 1000 1187 1044 perficiat

195 1069 235 1090 ex
256 1067 318 1090 sua
343 1053 537 1092 sententia,
563 1065 654 1098 quae
679 1052 786 1086 volet.

308 1127 340 1148 v.
358 1110 444 1147 485.
471 1112 592 1157 (483.)
646 1112 689 1145 Εἰ
715 1109 760 1146 δέ
777 1123 839 1146 κεν
863 1108 923 1157 ὄψ’
944 1106 1082 1156 ἀρόσῃς
1105 1106 1186 1156 etc.]

195 1167 373 1212 Quartum
390 1170 618 1208 praeceptum
637 1164 678 1195 de
700 1175 777 1196 sera
795 1161 969 1194 aratione.
996 1160 1059 1194 Sin
1069 1166 1185 1193 autem

197 1230 275 1253 sero
295 1215 471 1255 araveris,
495 1213 563 1247 hoc
581 1214 714 1258 poterit
733 1226 805 1247 esse
823 1211 1004 1251 remedio,
1029 1218 1062 1244 et
1078 1223 1186 1244 verna

196 1268 310 1302 aratio
335 1274 410 1301 tum
440 1266 523 1298 felix
548 1277 620 1299 esse
642 1265 794 1309 poterit,
821 1264 850 1298 si
880 1263 1012 1308 pluerit
1044 1264 1089 1295 ad
1119 1269 1188 1295 ter-

195 1320 285 1353 tium
310 1330 422 1364 usque
451 1317 565 1357 diem,
596 1316 644 1348 ita
675 1322 714 1349 ut
747 1316 870 1360 pluvia
899 1326 1016 1360 neque
1047 1319 1189 1358 superet

196 1371 366 1415 ungulam
393 1368 515 1408 bovis,
539 1379 658 1412 neque
681 1367 867 1406 destituat,
896 1366 934 1398 in
957 1377 1118 1405 summa,
1150 1370 1189 1397 ut

196 1422 344 1466 impleat
361 1420 519 1463 vestigia.
571 1419 664 1453 Nam
682 1424 758 1451 tum
784 1424 879 1450 terra
902 1417 1133 1461 permadefit,
1157 1421 1190 1448 et

197 1485 308 1506 verna
340 1471 430 1506 satio
461 1468 551 1503 nihil
582 1469 760 1502 infirmior
793 1470 831 1501 fit
867 1467 1079 1501 autumnali.
1145 1465 1190 1498 Et

198 1525 280 1571 quia
306 1521 437 1557 humor
456 1527 506 1555 est
530 1520 747 1565 principium
773 1520 889 1559 vitae,
911 1519 992 1552 ideo
1010 1519 1068 1558 fit,
1093 1518 1189 1562 quod

196 1574 329 1610 humor
356 1581 428 1607 tam
454 1572 557 1606 facile
582 1584 657 1604 non
681 1570 845 1617 laeditffl)
870 1582 978 1616 quam
1003 1569 1153 1603 siccitas.

300 1625 363 1659 Est
389 1631 506 1657 autem
536 1620 685 1667 pulchra
718 1620 936 1667 periphrasis
964 1620 1078 1660 veris,
1109 1632 1188 1653 cum

199 1677 317 1723 inquit
355 1677 405 1721 [v.
429 1675 504 1709 486
528 1673 667 1720 (484).]
709 1670 802 1719 ἦμος
839 1669 977 1712 κόκκυξ
1010 1667 1190 1713 κοκκῦζει.

201 1728 353 1763 cuculus
370 1727 464 1760 enim
483 1726 575 1759 veris
593 1732 732 1769 tempus
751 1726 869 1757 adesse
888 1730 994 1756 cantu
1008 1735 1071 1756 suo
1089 1734 1190 1766 prae-

200 1779 365 1813 nuntiare
388 1779 487 1811 solet.
539 1776 586 1809 Et
607 1775 785 1820 principes
802 1775 978 1808 saxoniae
1001 1772 1096 1806 hunc
1115 1785 1190 1805 mo-

200 1843 275 1864 rem
301 1828 455 1869 habent,
489 1834 546 1867 ut,
572 1827 634 1872 qui
659 1827 759 1871 prior
784 1838 868 1859 arcu
895 1824 1109 1870 percusserit
1132 1836 1190 1856 cu-

202 1882 341 1921 culum,
370 1892 517 1913 aureum
540 1876 681 1911 haheat.

305 1962 338 1983 v.
359 1947 444 1982 491.
462 1945 582 1991 (489.)
631 1943 692 1978 Ἕν
714 1943 832 1989 θυμῷ
861 1937 946 1977 δἐὖ
970 1938 1094 1976 πάντα
1117 1952 1188 1987 φυ-

202 1997 366 2047 λάσσεο]
395 1999 576 2032 Admonet
597 2007 719 2029 rursus
736 1993 957 2037 diligentiae;
981 1993 1072 2025 solet
1096 1991 1188 2024 enim

202 2058 308 2097 poeta
317 2050 467 2085 subinde
479 2047 631 2081 morales
642 2045 834 2080 sententias
849 2045 1073 2089 adspergere,
1090 2054 1190 2087 prae-

203 2103 304 2147 cipue
329 2103 372 2135 de
397 2099 606 2138 sedulitate,
639 2097 736 2130 cuius
760 2109 844 2129 usus
868 2102 901 2128 et
926 2094 978 2128 vis
1004 2095 1042 2127 in
1068 2106 1190 2126 omnes

204 2154 298 2187 vitae
329 2158 447 2197 partes
472 2149 602 2193 seseoe)
628 2147 795 2181 extendit.
848 2147 942 2181 Nam
965 2152 1005 2178 ut
1029 2158 1084 2179 res
1113 2144 1190 2177 dili-

204 2204 321 2249 gentia
354 2208 534 2240 crescunt,
565 2200 612 2232 ita
645 2198 806 2233 socordia
840 2198 1057 2230 decrescunt.
1116 2195 1189 2228 Iam

204 2254 283 2289 cum
313 2267 418 2287 nemo
450 2253 512 2292 sit,
541 2249 843 2296 quemadmodum
867 2247 1112 2292 Quintilianus
1136 2247 1192 2278 in-

206 2307 303 2352 quit,
344 2305 405 2350 qui
433 2316 505 2337 non
539 2303 660 2335 labore
698 2307 732 2334 et
761 2298 944 2343 diligentia
980 2298 1025 2331 sit
1057 2298 1190 2343 aliquid

206 2362 433 2395 consecutus,
472 2366 563 2400 quae
586 2352 744 2397 pravitas
772 2349 951 2384 humanae
975 2349 1104 2382 mentis
1131 2355 1193 2386 est,

241 2509 290 2536 86)
309 2505 438 2531 Phormio
455 2504 595 2535 parasitus
614 2505 657 2527 est
681 2505 802 2532 persona
819 2497 951 2530 primaria
969 2496 1125 2523 comoediae
1143 2499 1196 2522 're-

278 2541 376 2569 reutii,
395 2545 464 2571 quae
483 2538 608 2563 Phormio
626 2536 792 2560 inscribitur.

214 2618 217 2620 ,
240 2594 291 2622 87)
308 2590 407 2620 laedit]
426 2590 467 2614 sic
485 2589 534 2613 Ed.
556 2588 647 2617 15³2.;
667 2588 776 2611 ceterae
794 2584 893 2609 Edita:
912 2583 1013 2609 laedat.

243 2646 292 2673 88)
311 2644 388 2671 sese]
408 2642 449 2666 sic
468 2646 562 2665 omnes
589 2639 654 2662 illae
672 2637 756 2662 Editt.
776 2638 890 2667 excepta
909 2635 958 2660 Ed.
978 2634 1070 2666 1552,
1094 2634 1138 2659 ubi
1156 2635 1198 2658 lo-

277 2679 365 2709 gitur:
386 2682 425 2700 se.

779 84 899 118 PHlL.
932 82 1045 117 MEL.
1080 79 1282 117 SCRIPTA
1314 81 1650 117 PHILOLOGICA.

2158 84 2234 121 256

1245 174 1306 202 aut
1330 180 1420 214 quae
1444 168 1611 201 vecordia
1644 166 1868 201 oscitantiam
1894 167 2026 212 magis,
2057 179 2148 214 quae
2173 170 2234 203 de-

1245 219 1365 253 decori
1389 218 1595 253 hominihus
1614 225 1686 259 est,
1711 229 1818 264 quam
1836 219 2077 263 diligentiam,
2102 232 2145 253 ex
2160 232 2232 266 qua

1244 283 1377 304 nomen
1421 271 1646 315 dignitasque
1685 275 1853 314 paratur,
1899 271 1987 304 velle
2036 271 2233 315 amplecti?

1244 321 1282 354 ln
1320 321 1445 355 studiis
1487 322 1687 354 litterarum
1732 318 1896 355 homines
1935 322 2029 355 docti
2067 322 2232 356 socordia

1244 373 1353 405 multa
1384 372 1589 412 dediscunt‚
1622 377 1662 405 ut
1694 377 1745 404 est
1774 371 1895 404 videre
1927 372 1965 405 in
1997 373 2167 407 Cicerone
2198 379 2234 407 et

1242 424 1446 456 Hortensio.
1508 423 1616 456 Recte
1649 423 1770 467 itaque
1797 422 1972 456 Hesiodus
2002 425 2103 465 facit,
2134 425 2233 470 quod

1243 481 1314 507 tam
1347 474 1536 518 diligenter
1577 473 1801 508 sedulitatem
1834 472 2040 508 hominibus
2054 474 2104 522 ⁸²³)
2136 487 2233 510 com-

1241 527 1398 559 mendat-

1344 597 1376 617 ν.
1396 583 1481 617 493.
1499 582 1620 630 (491.)
1665 581 1757 630 Πὰρ
1774 582 1811 619 δ’
1832 583 1891 618 ἴθι
1900 583 1947 631 ⁹⁰)
1962 581 2136 630 χάλκειον
2151 584 2234 619 θαῖ-

1239 647 1308 669 κον
1334 633 1418 682 etc.]
1473 635 1599 668 Monet
1624 635 1795 669 arationis
1821 641 1981 679 tempore
2006 642 2041 669 et
2067 648 2148 669 cum
2171 647 2233 669 ne-

1240 686 1335 730 gotia
1360 692 1441 719 sunt
1464 686 1704 730 expedienda,
1731 686 1976 719 conventicula
1998 693 2033 719 et
2056 687 2143 721 alias
2166 699 2232 720 nu-

1241 748 1301 780 gas
1326 737 1578 782 relinquendas
1602 749 1687 770 esse.
1740 737 1857 782 Atque
1876 735 1971 770 hunc
1986 737 2118 778 locum,
2145 737 2231 783 quia

1240 788 1401 832 perutilis
1426 794 1498 828 est,
1531 788 1743 834 quibusdam
1775 788 2049 822 circumstantiis
2081 788 2233 833 amplifi—

1241 838 1344 872 cavit.
1397 839 1504 872 Prior
1523 846 1594 880 est,
1619 840 1735 884 quod,
1764 839 1927 884 quamvis
1945 852 2011 873 nos
2034 839 2144 874 simus
2161 851 2232 873 ces-—

1240 896 1393 929 satores,
1422 897 1542 923 tamen
1568 897 1708 934 tempus
1734 890 1881 923 minime
1908 897 2018 924 cesset
2042 897 2104 923 aut
2127 890 2231 923 ferie·

1241 947 1310 974 tur.
1368 940 1458 973 Eam
1492 941 1705 975 sententiam
1737 941 1867 974 deinde
1897 942 2027 985 repetit
2058 947 2093 974 et
2124 946 2231 985 auget

1242 992 1284 1024 ab
1311 991 1437 1025 effectu
1458 992 1573 1027 famis.
1634 992 1671 1025 si
1695 992 1840 1037 quidem
1866 998 2006 1037 tempus
2038 991 2230 1033 consumis,

1241 1043 1338 1087 quod
1372 1043 1409 1075 in
1442 1055 1549 1087 opere
1580 1043 1748 1076 faciundo
1778 1055 1916 1077 sumere
1948 1042 2014 1076 tibi
2043 1043 2230 1087 potuisses,

1240 1093 1318 1132 fiet,
1342 1099 1381 1125 ut
1404 1093 1547 1137 ignavia
1570 1100 1603 1126 te
1619 1094 1657 1126 in
1678 1092 1796 1127 hieme
1820 1091 2086 1138 deprehendat,
2111 1100 2145 1127 et
2158 1094 2232 1126 for-

1241 1143 1323 1176 titer
1348 1144 1486 1187 cogaris
1509 1145 1654 1178 esurire.
1709 1145 1816 1189 Quod
1831 1146 1859 1179 si
1876 1146 2007 1178 samem
2025 1145 2139 1178 vitare
2156 1156 2232 1177 non

1240 1193 1393 1238 poteris,
1416 1201 1552 1228 certum
1580 1201 1655 1235 est,
1673 1196 1770 1239 quod
1787 1195 1825 1227 in
1842 1195 2084 1228 valetudInem
2106 1196 2232 1229 adver-

1241 1257 1316 1278 sam
1340 1245 1473 1280 incides
1495 1252 1530 1279 et
1554 1246 1709 1279 maxime
1732 1246 1771 1278 in
1790 1246 1952 1279 dolorem
1970 1247 2114 1290 pedum.
2168 1245 2233 1278 So-

1241 1297 1289 1329 let
1320 1302 1438 1329 autem
1477 1297 1588 1341 frigus
1621 1296 1834 1329 naturaliter
1877 1303 2058 1330 tumorem
2092 1296 2233 1337 afferre,

1243 1346 1326 1392 quia
1363 1348 1505 1391 sanguis
1542 1347 1674 1391 frigore
1713 1347 1932 1391 coagulatur.
2024 1347 2234 1382 Aristoteles

1243 1397 1357 1442 prima
1389 1398 1544 1431 sectione
1568 1398 1840 1431 Problematum
1874 1398 1996 1432 scribit
2028 1399 2121 1431 fame
2155 1398 2234 1431 diu-

1243 1449 1317 1481 tina
1342 1449 1589 1483 laborantibus
1605 1449 1712 1493 pedes
1735 1448 2037 1495 intumescereffl).
2090 1448 2168 1481 Huc
2184 1448 2234 1481 al-

1242 1500 1333 1532 ludit
1357 1499 1552 1541 Hesiodus,
1581 1513 1662 1534 cum
1688 1500 1786 1533 iubet
1811 1512 1958 1540 cavere,
1988 1505 2030 1533 ut
2056 1499 2149 1532 fame
2179 1506 2234 1532 tu-

1243 1552 1435 1584 mefactum
1477 1552 1604 1596 pedem
1649 1551 1849 1584 demulcere
1894 1563 1961 1585 nos
2002 1556 2170 1594 oporteat
2184 1549 2233 1597 ⁹²)

1242 1598 1429 1637 Χάλκειον
1450 1602 1598 1646 θῶκον]
1626 1614 1775 1635 aeneam
1799 1602 1939 1643 sedem,
1969 1601 2006 1635 id
2031 1600 2156 1647 est⁹³)‚
2181 1607 2236 1634 ta-

1243 1653 1391 1685 bernam
1416 1660 1519 1686 vocat
1528 1666 1536 1691 ;
1565 1659 1668 1685 crant
1695 1653 1791 1685 enim
1817 1665 2000 1687 consessus
2021 1652 2059 1685 in
2084 1651 2235 1686 officinis

1244 1704 1414 1737 ferrariis.
1538 1702 1589 1738 ἐπ’
1616 1701 1737 1750 ἇλὲα.]
1767 1704 1806 1735 in
1836 1703 1923 1737 locis
1956 1703 2079 1737 calidis
2104 1702 2236 1747 exponi

1245 1761 1379 1799 potest,
1421 1765 1640 1799 quamquam
1681 1754 1843 1798 suspicor
1880 1755 2050 1787 mendum
2087 1766 2160 1788 esse
2195 1753 2235 1786 in

1244 1812 1352 1844 tono,
1378 1810 1417 1838 ut
1438 1804 1483 1838 sit
1505 1803 1594 1851 ἀλεᾷ
1619 1804 1844 1838 scribendum
1872 1806 1916 1838 ab
1940 1803 2095 1849 ἀλὲομαι
2118 1804 2234 1842 evito;

1243 1868 1369 1889 verum
1395 1856 1480 1888 nolo
1510 1856 1703 1900 quicquam
1724 1861 1876 1889 mutare.
1928 1854 2021 1889 Usus
2038 1861 2090 1889 est
2114 1861 2234 1888 autem

1244 1913 1279 1940 et
1303 1905 1467 1952 supram)
1493 1904 1551 1940 ἐπὶ
1577 1918 1654 1939 cum
1678 1906 1879 1939 accusativo
1905 1905 1944 1938 in
1970 1906 2037 1939 ista
2059 1905 2235 1950 significa-

1245 1959 1361 1996 tione,
1390 1958 1475 1990 dum
1499 1957 1566 1989 ait:
1603 1955 1718 2002 ἐπ’θό)
1750 1954 1929 2003 ἀπείρονα
1959 1958 2092 2004 γαῒανς
2126 1954 2236 1992 ἀλεὸν

1244 2021 1330 2042 vero
1354 2009 1471 2041 locum
1498 2007 1659 2051 tepidum
1683 2008 1721 2040 in
1743 2007 1865 2051 aprico
1892 2008 1998 2041 situm
2023 2007 2209 2051 significat.

1244 2058 1447 2105 λέσχηνπᾘ
1479 2057 1603 2104 λέσχαι
1627 2059 1810 2104 quondam
1832 2058 1946 2092 dictae
1972 2065 2054 2092 sunt
2081 2070 2236 2092 conven-

1281 2167 1331 2224 893
1350 2162 1573 2223 ξιοέηὶιιιίωιξλείε
1584 2169 1678 2188 omnes
1693 2164 1758 2189 illae
1769 2161 1854 2188 Editt.
1873 2163 1985 2194 praeter
1998 2163 2046 2187 Ed.
2064 2162 2149 2194 ¹532„
2168 2167 2238 2194 quae

1332 2206 1381 2224 a)e
1402 2206 1408 2223 :
1438 2204 1539 2223 lomnll.

1279 2244 1329 2272 90)
1348 2238 1374 2266 δ’
1394 2240 1445 2273 ἴθι]
1471 2240 1512 2264 sic
1536 2246 1631 2264 omues
1661 2240 1727 2264 illae
1752 2239 1835 2264 Editt.
1859 2239 1887 2263 in
1915 2241 2011 2270 textu3
2042 2239 2071 2264 in
2095 2241 2239 2265 comment.

1315 2278 1406 2301 autem
1425 2275 1508 2300 Editt.
1529 2276 1604 2299 1541.
1622 2275 1670 2306 R,
1691 2273 1784 2305 1557.‚
1804 2274 1878 2299 1562.
1899 2273 1955 2306 ἴθι,
1979 2274 2030 2300 Ed.
2050 2274 2126 2300 ¹5⁶9.
2143 2271 2169 2298 δ’
2183 2272 2238 2304 ''1¹⁹⁶-

1281 2320 1330 2348 91)
1349 2318 1467 2343 Aristot.
1488 2317 1623 2341 Problem.
1642 2318 1665 2349 1,
1682 2317 1707 2341 5.

1280 2362 1330 2391 92)
1349 2367 1400 2385 nos
1427 2361 1568 2390 oporteat]
1596 2360 1635 2383 sic
1658 2359 1743 2384 Editt.
1771 2359 1862 2388 1532.,
1897 2360 1988 2389 1541..
2024 2359 2114 2390 1562.,
2148 2360 2241 2391 mom

1317 2396 1401 2420 Editt.
1424 2395 1516 2424 1623,
1545 2394 1619 2417 ¹662.
1640 2400 1736 2417 errore
1762 2394 1890 2424 typogr.:
1915 2400 1969 2418 non
1989 2395 2130 2424 oporteat;
2155 2394 2240 2421 Editt.

1320 2430 1410 2459 1557„
1435 2429 1540 2452 1564—
1552 2428 1626 2453 1591.
1645 2434 1784 2457 cogamur.
2157 2437 2160 2439 —

1283 2473 1332 2501 93)
1351 2472 1376 2495 id
1396 2470 1448 2502 est]
1470 2470 1498 2494 iu
1517 2470 1601 2495 Editt.
1623 2470 1697 2493 1541.
1716 2470 1764 2501 Et,
1784 2470 1875 2499 1557..
1897 2470 2084 2495 imi—¹662.
2105 2470 2199 2495 omiss.

1284 2516 1333 2543 94)
1353 2515 1418 2539 Scit.
1439 2521 1464 2539 v,
1483 2513 1534 2537 487
1555 2514 1644 2542 (485).

1285 2559 1333 2586 95)
1353 2554 1411 2586 ἐπ’]
1439 2556 1479 2580 sic
1505 2558 1581 2579 recte
1599 2556 1681 2580 Editt.
1703 2557 1795 2585 1623.,
1826 2557 1901 2582 1⁶62.
1921 2557 1977 2585 (sic
2004 2557 2075 2581 enim
2094 2557 2121 2581 in
2146 2557 2194 2581 illo
2214 2564 2240 2582 ν.

1321 2592 1455 2622 legitur);
1475 2592 1586 2614 ceterae
1605 2591 1704 2615 Editt.:
1725 2590 1780 2616 ἐπὶ.

1287 2633 1336 2661 96)
1355 2633 1428 2656 Haec
1447 2633 1512 2657 lies.
1532 2638 1583 2656 vox
1602 2632 1629 2655 iu
1649 2632 1718 2656 solis
1738 2632 1820 2657 Editt.
1840 2632 2030 2658 1601—1662.
2051 2633 2110 2657 huic
2134 2633 2241 2658 scholio

1323 2669 1367 2690 est
1386 2667 1517 2697 praefixa.
