2373 2980
247 110 343 146 1087

340 196 559 244 [Megarm
593 189 867 232 Amphitryo,
904 188 1130 227 Hercules,

637 236 833 285 Chorus]

298 317 387 358 Meg.
414 313 485 354 Age
498 336 506 349 ,
531 308 608 354 quis
623 305 787 340 sacerdos
798 331 806 345 ‚
832 304 910 350 quis
927 310 1101 337 mactator
1117 302 1220 337 mise-

653 368 788 395 rorum,

297 418 367 449 Aut
386 412 533 445 miserae
550 419 648 441 meae
668 406 808 439 animae
827 405 972 444 occisor,

297 466 345 498 Ut
362 465 467 497 ducat
485 466 626 505 paratas
644 456 745 490 hasce
761 457 921 489 victimas
944 456 989 489 ad
1005 454 1160 489 inferos?

296 516 328 549 Ο
353 514 471 552 liberi,
511 510 674 544 ducimur
700 519 774 539 non
798 504 945 552 pulchra
972 506 1099 550 pocula
1126 517 1220 539 mor-

649 566 791 591 tuorum

247 616 319 652 455
343 616 422 649 Una
438 625 536 647 senes
554 617 587 644 et
604 611 747 643 iuvenes
766 614 799 641 et
817 613 958 641 matres.

295 668 327 700 O
344 668 454 699 satuiii
473 663 638 696 miserum
657 672 774 693 meum
794 665 827 691 et
846 658 1051 690 liberorum.

296 718 388 755 llos,
415 727 503 760 quos
521 719 739 757 postremum
757 709 859 742 video
879 707 1000 747 oculis,

296 766 421 812 Peperi
441 778 518 801 vos;
545 761 704 796 hostibus
722 772 807 793 vero
825 758 984 797 educavi,

299 819 345 852 Ut
375 830 435 850 vos
459 814 587 848 iniuria
615 811 786 850 afficiant,
824 815 857 842 et
887 809 1062 842 laetentur
1087 812 1120 838 et
1144 816 1221 849 per-

655 863 751 894 dant.
1121 856 1126 861 ’

248 921 321 956 460
350 918 428 951 Heu
454 915 645 948 admodum
668 923 751 945 sane
779 922 856 954 spes
874 919 990 941 meam
1016 906 1222 951 opinionem

655 960 794 999 delusit,

297 1021 414 1065 Quam
434 1029 474 1049 ex
493 1013 602 1059 patris
623 1011 729 1044 vesti-i
747 1019 910 1043 sermone
929 1007 1013 1039 olim
1033 1005 1184 1050 speravi,

299 1070 382 1104 Tibi
398 1068 490 1101 enim
508 1070 607 1109 pater
625 1061 779 1095 moriens
796 1059 910 1101 Argos
929 1058 1117 1096 tribuebat,

295 1122 382 1155 Eros
401 1124 517 1151 autem
535 1113 757 1147 habitaturus
776 1111 812 1143 in
830 1109 974 1143 aedibus
989 1104 1194 1151 Eurysthei,

299 1169 490 1215 imperium
506 1164 639 1199 habens
654 1162 777 1196 fertilis
793 1159 986 1202 Pelasgiae.

250 1222 322 1258 465
349 1221 395 1254 Et
410 1219 499 1254 stola
517 1216 649 1249 hestiae
665 1210 927 1247 circumdedisti
943 1215 1047 1254 caput
1062 1213 1174 1245 tuum,

298 1272 428 1307 Leonis
444 1269 593 1307 scilicet,
618 1277 687 1311 qua
704 1265 777 1308 ipse
795 1267 950 1295 armatus
969 1258 1109 1305 eratffi),

299 1325 355 1357 Tu
391 1333 474 1354 vero
511 1330 572 1352 rex
605 1328 682 1350 eras
711 1313 915 1347 Thebarum
928 1339 937 1352 ,
979 1321 1069 1356 quae
1103 1318 1225 1341 currus

653 1372 787 1403 amant,

299 1424 485 1458 possidens
504 1432 600 1452 meos
617 1429 759 1460 campos
776 1412 1042 1448 haereditarios.

300 1476 355 1509 Sic
374 1483 578 1518 persuasum
595 1474 670 1501 erat
686 1466 779 1510 patri
794 1472 868 1498 tuo,
951 1511 958 1518 ¹
1146 1508 1153 1514 ·

251 1527 322 1561 470
359 1525 402 1557 Et
429 1524 465 1554 in
491 1529 588 1554 tuam
625 1519 804 1555 dextram,
845 1525 915 1559 quo
949 1523 985 1543 in
1022 1510 1225 1542 defensione

656 1580 738 1601 usus
754 1579 800 1605 es,

300 1627 451 1670 Lignum
469 1621 649 1658 tradebat,
673 1618 779 1651 fallax
797 1617 929 1647 donum
947 1610 1107 1643 Daedali.
1202 1657 1208 1663 .

302 1677 385 1711 Tibi
423 1680 539 1707 autem
570 1683 646 1704 eam
660 1696 669 1709 ‚
712 1679 816 1712 quam
855 1664 938 1697 olim
968 1663 1227 1694 demonstraVit

658 1720 761 1762 longe
780 1713 1014 1749 iaculantibus

304 1778 412 1816 Telis,
429 1772 633 1808 Oechaliam
652 1771 818 1802 daturum
836 1778 870 1800 se
885 1761 1060 1810 promisit.

303 1829 392 1861 Tres
414 1837 497 1858 vero
512 1835 574 1856 vos
592 1820 721 1864 triplici
737 1830 848 1861 regno
1142 1859 1148 1865 ¹
1193 1857 1200 1864 ι

254 1878 327 1915 475
354 1879 458 1911 Pater
478 1873 677 1910 muniebat,
703 1870 813 1902 elatus
832 1862 1076 1909 magnitudine
1092 1870 1213 1892 animi.

304 1929 379 1973 Ego
401 1933 517 1960 autem
536 1922 730 1966 deligebam
747 1929 906 1962 sponsas,

765 1978 779 1987 ο

291 2079 336 2108 46)
356 2078 429 2106 Mey.
449 2076 508 2103 Age
526 2084 558 2089 —
576 2071 645 2094 erat.
666 2069 723 2099 (vs.
742 2068 829 2090 451-—
842 2064 928 2093 465.)J
947 2063 988 2086 sic
1004 2061 1052 2084 Ed.
1071 2060 1159 2087 15623
1184 2058 1230 2082 Ed.

326 2114 431 2175 moliti-eil.
463 2142 538 2171 Age,
562 2137 622 2168 quis
641 2135 790 2161 sacerdos,
809 2132 869 2163 quis
888 2129 1057 2154 victimarius
1077 2129 1170 2151 horum
1190 2127 1232 2149 iii—

667 2168 796 2193 felicium,

360 2211 414 2236 Aut
432 2208 491 2239 quis
513 2206 629 2230 miserae
647 2208 723 2226 meae
740 2202 846 2224 animae
867 2193 993 2221 occisor?

361 2246 479 2270 Paratae
498 2243 526 2264 ut
544 2239 676 2262 ducuntur
695 2236 822 2258 victimae
840 2233 874 2257 ad
894 2232 1034 2255 Plutonem
1053 2230 1111 2252 hae.

361 2281 384 2304 Ο
403 2277 467 2306 filii,
487 2273 607 2298 ducimur
625 2270 721 2300 copula
739 2269 851 2297 indigna
869 2267 1005 2295 funerum,

363 2311 446 2337 Simul
467 2315 563 2335 senes,
583 2307 609 2329 ct
630 2305 759 2332 iuvenes,
779 2304 806 2325 et
827 2302 939 2338 matres.

366 2348 387 2371 0
407 2346 491 2368 fatum
509 2340 620 2365 infelix,
638 2342 777 2365 meumque
796 2335 967 2373 et‘siliorum,

364 2382 438 2405 iloS,
455 2382 523 2407 quos
542 2374 636 2397 ultimo
655 2371 741 2395 oculis
758 2369 892 2406 adspicio,
999 2399 1004 2404 ¹

366 2412 462 2442 reperi
479 2409 582 2439 quidem
601 2412 666 2433 vos,
685 2404 733 2427 sed
753 2404 874 2425 hostibus
893 2400 1006 2438 ediicayi

364 2448 405 2471 Ad
424 2443 612 2475 ignominiam,
632 2440 659 2462 et
678 2438 820 2460 ludibrium
839 2442 872 2458 ac
889 2434 1078 2464 perditionem.

367 2482 457 2508 Eheu,
476 2478 551 2500 certe
570 2474 680 2497 multum
698 2478 739 2494 me
758 2471 791 2493 ab
809 2469 935 2506 opinione
953 2467 1132 2504 excusserunt
1151 2471 1224 2495 spes,

369 2516 454 2544 Quam
474 2509 560 2540 patris
578 2506 666 2530 vestri
684 2512 715 2528 ex
734 2510 859 2527 sermone
877 2503 941 2525 olim
960 2506 1080 2530 speravr.

367 2547 425 2571 Tibi
442 2544 544 2574 quidem
565 2543 654 2569 Argos
674 2539 817 2566 legaverat
833 2538 956 2560 mortuus
975 2535 1062 2564 pater,

369 2578 516 2610 Eurysthei
534 2581 600 2598 vcro
621 2573 819 2596 inhabitaturus
838 2576 901 2593 eras
919 2569 1013 2606 aedita,

367 2616 537 2639 Fructuosae
555 2608 691 2637 imperium
710 2606 836 2628 obtinens
857 2604 1007 2632 l‘elasgiae.
1053 2634 1058 2638 Ι
1076 2633 1081 2638 .

367 2647 556 2674 Vestitumque
575 2641 680 2664 belluae
698 2639 918 2667 cii-ciimpouelias
938 2638 984 2659 tuo
1001 2635 1083 2664 capiti

367 2681 484 2711 Leonis,
503 2682 553 2707 qua
571 2676 630 2704 ipse
648 2673 813 2696 armabatur.

817 100 936 136 PHIL.
970 101 1082 136 MEL.
1123 97 1323 135 SCRIPTA
1357 97 1688 134 PHILOLOGICA.

2151 103 2244 137 1088

1325 184 1547 219 Contrahens
1563 185 1748 218 affinitates
1765 197 1782 217 e
1799 191 1892 219 terra
1912 184 2180 221 Atheniensium

1325 235 1370 269 Et
1385 237 1511 280 Sparta
1531 242 1565 268 et
1582 234 1730 268 Thebis:
1754 241 1792 268 ut
1807 236 1994 280 religantes
2009 237 2226 282 rudentes¹¹⁷)

1322 286 1539 319 Retinaculis
1556 286 1664 318 vitam
1683 283 1859 320 haberetis
1875 287 2027 321 beatam.

1272 336 1346 371 480
1375 336 1468 369 Haec
1483 343 1565 369 sunt
1582 335 1749 373 evanida3
1774 337 1917 369 fortuna
1934 349 2018 370 vero
2036 344 2170 370 mutata

1321 386 1428 419 Dedit
1446 386 1546 419 vobis
1564 398 1710 430 sponsas
1726 386 1872 427 Parcas,
1898 399 1984 431 quas
1999 385 2166 428 habeatis,

1323 436 1412 470 Mihi
1437 442 1554 469 aulem
1581 435 1798 481 lachrymas,
1829 438 2028 474 lavacrum;
2067 451 2122 470 me
2147 438 2248 472 mise-

1680 498 1756 519 ram
1766 486 1824 532 ⁴⁸).

1322 534 1418 569 Avus
1437 543 1555 569 autem
1571 534 1626 569 hic
1645 538 1792 580 praebet
1808 538 2011 571 convivium
2028 539 2199 582 nuptiale,

1322 586 1510 619 Plutonem
1526 599 1686 620 socerum
1703 587 1880 627 iudicans,
1908 595 1942 621 et
1958 589 2098 621 affinem
2115 589 2236 633 patris.

1273 635 1347 670 485
1384 636 1460 670 Heu
1491 649 1546 670 me
1558 664 1566 677 ,
1607 649 1796 683 quemnam
1830 645 1984 672 vestrum
2009 639 2165 683 primum
2190 645 2250 673 aut

1683 700 1788 733 quem
1804 689 1968 722 ultimum

1323 738 1376 770 Ad
1397 745 1515 781 pectus
1534 738 1758 772 admovebo?
1782 740 1837 772 cui
1856 738 2032 772 adhibebo
2049 739 2112 772 os?

1323 789 1437 832 Quem
1470 789 1709 833 complectar?
1748 792 1948 834 quomodo,
1973 796 2012 823 ut
2035 789 2153 823 aridas
2177 790 2249 822 alas

1681 838 1816 873 habens

1325 888 1410 932 Apis
1422 915 1430 927 ‚
1449 901 1489 922 ex
1507 890 1671 923 omnibus
1689 893 1866 924 conseram
1886 891 2022 924 luctus?

1325 938 1370 971 Et
1406 939 1443 971 in
1484 952 1593 972 uuum
1638 941 1840 982 conferens,
1888 942 2012 975 uberes
2052 939 2250 986 lachrymas

1684 993 1783 1024 edam
1796 992 1810 1023 ?

1277 1037 1351 1072 490
1374 1037 1406 1071 Ο
1424 1036 1647 1079 charissime,
1667 1042 1695 1074 si
1715 1042 1792 1085 quis
1808 1042 1915 1074 modo
1934 1042 2077 1075 exaudit

1327 1088 1553 1122 Mortuoruin
1577 1093 1671 1134 apud
1696 1092 1904 1131 Plutonem,
1936 1092 2001 1125 tibi
2026 1090 2130 1129 haec,
2164 1088 2251 1121 Her-

1687 1142 1799 1180 cules,
1822 1143 1918 1174 dico:

1328 1188 1481 1221 Moritur
1498 1196 1599 1233 pater
1616 1197 1708 1230 tuus,
1726 1198 1759 1224 et
1775 1192 1894 1229 liberi3
1918 1203 2025 1235 pereo
2041 1196 2156 1223 autem
2175 1200 2252 1232 ego,

1329 1240 1429 1283 Quae
1455 1247 1558 1272 antea
1583 1242 1665 1274 felix
1683 1243 1726 1274 ab
1744 1240 1947 1274 hominibus
1972 1247 2118 1285 propter
2141 1245 2174 1271 te
2192 1250 2253 1271 vo-

1689 1293 1807 1326 cabar-

1329 1339 1442 1382 Opem
1461 1341 1570 1379 feras,
1594 1341 1692 1381 veni,
1712 1348 1745 1375 et
1760 1343 1884 1375 umbra
1906 1339 1995 1373 mihi
2013 1350 2202 1384 appareas;

1278 1387 1351 1422 495
1377 1390 1467 1423 Satis
1485 1391 1578 1423 enim
1595 1403 1770 1436 superque
1790 1392 1857 1425 eris
1878 1392 2000 1430 nobis,
2025 1390 2086 1423 ubi
2104 1389 2254 1422 veneris.

1328 1440 1419 1472 Nam
1450 1448 1532 1474 sunt
1556 1441 1675 1485 ignavi
1698 1449 1819 1474 contra
1844 1449 1896 1480 te,
1922 1441 1983 1485 qui
2015 1447 2094 1474 tuos
2125 1439 2254 1472 liberos

1684 1491 1912 1536 occiduiitffl).

1311 1639 1359 1666 47)
1379 1635 1521 1668 rudentes]
1549 1636 1610 1660 huic
1635 1638 1694 1661 voci
1718 1638 1745 1662 in
1769 1644 1856 1669 marg.
1881 1640 1927 1662 Ed.
1949 1639 2025 1663 1562.
2044 1636 2189 1667 Xylander
2206 1636 2257 1660 ad-

1346 1672 1456 1701 scripsit
1474 1671 1693 1695 annotationem:
1730 1670 1851 1702 „xrktlmsa
1871 1674 1980 1696 mallem
1997 1671 2092 1698 καλῶς.
2117 1672 2147 1694 ut
2165 1670 2257 1694 esset:

1345 1708 1376 1729 ut
1392 1705 1493 1728 vestris
1512 1705 1627 1728 navibus
1649 1706 1716 1729 bene
1733 1707 1888 1737 subductis,
1907 1708 1958 1731 hoc
1977 1708 2034 1730 est:
2054 1706 2136 1729 rebus
2153 1703 2257 1728 vesti-is

1347 1739 1445 1769 optime
1463 1740 1490 1761 et
1509 1739 1535 1761 in
1555 1740 1705 1769 tranquillo
1723 1738 1911 1765 constitiitis.'’

1313 1781 1509 1839 48¹)EdTul5YZro
1528 1794 1560 1799 —
1580 1782 1715 1806 miseram.
1744 1783 1799 1813 (vs.
1822 1780 2006 1813 467—482.)]
2032 1781 2073 1805 sic
2094 1780 2144 1804 Ed.
2166 1779 2258 1809 1562.;

1388 1834 1393 1840 .
1449 1823 1464 1838 v)
1484 1822 1504 1837 ,Ζ

1382 1851 1421 1873 Τιι
1441 1854 1506 1871 vero
1526 1854 1588 1871 eras
1609 1849 1796 1872 Thebanorum
1816 1856 1914 1873 currus
1932 1849 2079 1872 amantium
2097 1854 2156 1877 rex,

1384 1882 1590 1906 haereditatem
1607 1883 1741 1912 integram
1761 1889 1848 1906 meam
1868 1886 1962 1907 terrae
1979 1882 2135 1913 possidens.

1385 1917 1429 1940 Sic
1448 1922 1607 1945 persuasum
1626 1917 1718 1940 babuit
1736 1920 1812 1945 patei·
1831 1920 1902 1939 tuns.

1384 1951 1413 1974 lii
1433 1950 1557 1973 dextram
1575 1955 1642 1973 vero
1660 1952 1749 1979 tuam,
1768 1950 1965 1974 auxiliatricem

1385 1985 1497 2008 Clavain
1514 1983 1687 2014 demittebat,
1706 1984 1820 2006 Daedali
1839 1984 1922 2007 fallax
1941 1985 2048 2008 donum.

1385 2017 1445 2041 Tibi
1462 2023 1546 2047 vero,
1565 2022 1644 2046 quain
1662 2018 1784 2040 vastavit
1802 2023 1884 2047 porro
1902 2017 2082 2042 iaculantibus
2101 2019 2164 2043 olim

1386 2051 1471 2081 Telis,
1490 2051 1616 2073 daturum
1636 2051 1791 2075 Oechaliam
1813 2051 1946 2080 promisit.

1387 2086 1455 2108 Tres
1474 2091 1539 2108 vero
1559 2085 1727 2115 existentes,
1747 2085 1845 2114 triplici
1865 2085 1977 2114 imperio

1386 2119 1468 2142 Pater
1487 2119 1640 2149 muniebat,
1659 2124 1758 2148 magna
1777 2119 1886 2148 spirans
1906 2122 1938 2143 ot)
1958 2120 2150 2145 Fortitudinem.

1386 2154 1445 2182 Ego
1464 2158 1530 2175 vcro
1547 2158 1647 2175 uxores
1665 2153 1813 2183 deligebam
1833 2159 1864 2176 ex
1884 2153 2001 2183 optimis,

1388 2186 1544 2209 At'fiiiitates
1563 2187 1728 2209 contrahens
1747 2194 1778 2209 ex
1796 2188 2000 2210 Atheniensium
2022 2190 2109 2218 terra,

1387 2221 1572 2250 Spartaeque,
1591 2220 1759 2249 Thebisqiie,
1778 2221 1807 2242 ut
1825 2222 2002 2243 annectentes
2018 2221 2098 2246 funes

1387 2253 1555 2276 Riideiitibus
1575 2253 1658 2276 vitam
1677 2254 1814 2276 haberetis
1832 2254 1944 2276 felicem.

1389 2288 1425 2310 Et
1443 2287 1498 2309 ista
1516 2292 1616 2316 caiisa3
1635 2289 1789 2316 permutata
1807 2286 1877 2309 enim
1895 2288 2016 2320 fortuna,

1387 2322 1509 2350 Sponsas
1528 2320 1633 2350 quidem
1652 2321 1751 2343 habere
1769 2321 1845 2343 vobis
1865 2320 1968 2345 Parcas
1985 2323 2070 2353 dedit,

1388 2354 1453 2377 Mihi
1471 2359 1537 2377 vero
1556 2354 1714 2383 lachrymas
1734 2354 1865 2384 lavaur-223
1883 2361 1925 2378 me
1944 2356 2081 2382 miseram.

1319 2395 1367 2427 49)
1386 2397 1462 2419 Avus
1481 2408 1513 2412 —
1532 2396 1664 2419 occidunt.
1684 2394 1738 2426 (vsi.
1758 2396 1809 2418 48³
1822 2395 1937 2429 -496)]
1963 2398 2004 2422 sic
2028 2401 2076 2424 Ed.
2099 2400 2189 2431 1562.·,
2213 2401 2261 2424 Ed.

1355 2430 1446 2453 1558:

1389 2465 1464 2487 Avus
1483 2468 1548 2486 vero
1567 2464 1687 2486 celebrat
1705 2463 1814 2492 nuptias
1833 2464 1885 2495 hic,

1389 2497 1530 2520 Plutonem
1548 2497 1695 2520 aestimans
1714 2503 1853 2527 socerum,
1873 2504 1904 2521 cx
1923 2500 2056 2525 affinitate
2073 2503 2170 2531 patris.

1390 2532 1483 2561 Eheu,
1499 2537 1576 2560 quein
1597 2530 1718 2554 vestri'im
1737 2532 1868 2561 primum,
1889 2536 1936 2555 aut
1954 2540 2031 2563 quem
2050 2536 2173 2559 ultimum

1390 2564 1499 2588 Pet-tori
1517 2562 1679 2593 applicabo?
1698 2565 1740 2587 ciii
1759 2565 1907 2590 admovebo
1925 2565 1978 2591 os?

1391 2598 1475 2622 Cuius
1494 2595 1618 2627 capiam2e
1636 2599 1769 2628 quomodo
1790 2600 1873 2622 veluti
1893 2601 1962 2624 aava

1392 2632 1458 2661 Apis
1475 2632 1603 2655 conferre
1621 2639 1734 2662 possum
1752 2639 1784 2656 ex
1804 2634 1926 2657 omnibus
1943 2634 2054 2660 luctus?

1394 2665 1423 2688 ln
1442 2666 1524 2689 unum
1543 2671 1610 2689 vero
1629 2667 1775 2690 conferens
1793 2668 1891 2691 uberes
1909 2669 1966 2692 dem
1985 2668 2163 2700 lachrymas?
