2373 2980
95 92 173 130 385

98 178 198 216 1475
224 178 390 212 vectibus
406 177 605 219 eiicientes,
631 179 695 213 ubi
710 179 962 220 manebamus,

146 230 376 266 Accurrimus
394 229 484 263 alius
501 242 542 263 ex
557 230 625 263 alia
643 229 884 271 habitatione,

145 282 246 315 Alius
262 293 342 314 saxa
354 308 364 321 ,
392 281 482 314 alius
499 282 680 325 cuspides,

144 332 244 367 Alius
269 344 388 366 ensem
417 345 497 366 cum
518 333 628 377 longo
653 335 779 378 capulo
801 331 936 366 habens
955 332 993 366 in
1014 345 1090 367 ma-

15 401 19 424 l
507 384 624 418 nibus.

143 432 252 466 Venit
269 441 392 468 contra
411 448 477 469 nos
492 435 645 479 Pylades
662 434 883 479 impavidus:

92 482 192 518 1480
221 485 346 531 Qualis
362 487 477 532 qualis
494 486 627 519 Hector
637 483 826 531 Phrygius,
855 493 916 520 aut
926 486 1016 519 Aiax
1033 499 1089 520 or-

473 543 578 571 natus
594 537 692 581 galea
712 544 782 571 tres
798 536 952 571 habente
967 550 1088 578 conos,

141 586 259 631 Quem
275 587 368 627 vidi,
395 587 469 620 vidi
485 588 522 621 in
539 588 652 632 portis
668 589 818 623 Priami.

143 638 397 672 Commisimus
415 639 507 672 acies
523 640 673 674 ensium.

141 688 244 722 Tunc
261 702 346 723 vero
358 716 369 729 ,
395 696 479 723 tunc
497 691 729 735 conspicuum

138 739 246 780 Erat,
275 739 434 786 Phryges
452 748 627 786 quantum
646 742 683 774 in
700 753 820 785 pugna

90 789 189 827 1485
215 791 343 825 Essent
359 792 548 826 inferiores
557 793 602 837 ¹⁴)
620 792 765 825 Graecis
782 791 1060 836 pugnatoribus:

137 842 238 875 Alius
253 843 375 876 abiens
390 843 576 886 fugitivus,
603 843 693 876 alius
710 850 874 877 mortuus
885 869 895 883 ,

137 893 240 927 Alius
256 895 385 928 vulnus
400 895 534 935 serens,
561 894 651 928 alius
666 895 817 938 supplex

135 945 290 988 Propter
322 946 533 978 intentatam
569 951 722 978 mortem
734 972 743 986 ,
792 945 948 989 fugimus
972 944 1010 977 in
1037 950 1087 978 te-

498 997 639 1030 nebras.

92 1078 94 1081 .
137 1045 276 1080 Mortui
308 1047 532 1088 ceciderunt,
576 1047 637 1080 alii
658 1053 762 1081 erant
783 1047 918 1087 casuri,
954 1047 1016 1079 alii
1037 1047 1088 1079 ia-

127 1102 129 1104 ’
500 1099 638 1132 cebant.

88 1147 186 1183 1490
213 1147 371 1192 Ingressa
389 1156 440 1183 est
459 1150 497 1182 in
512 1151 661 1183 domum
678 1148 809 1182 misera
826 1148 1043 1189 Hermione,

137 1199 293 1244 Propter
310 1201 455 1233 caedem
470 1201 594 1233 matris
610 1198 711 1233 humi
725 1199 885 1240 iacentis,
913 1212 1005 1245 quae
1022 1199 1088 1232 mi-

500 1264 576 1285 sera
595 1251 693 1284 illam
713 1251 863 1295 peperit.

138 1299 199 1334 Isti
214 1307 395 1335 currentes
414 1302 510 1335 velut
527 1300 688 1335 Bacchae
705 1302 780 1336 sine
804 1299 935 1346 thyrsis

137 1351 352 1396 Rapuerunt
368 1353 464 1386 velut
481 1354 619 1397 pullum
637 1353 675 1386 in
690 1353 869 1386 manibus.

135 1402 274 1436 Rursus
291 1404 485 1436 tendebant
501 1405 645 1437 caedem
662 1405 831 1438 adversus
847 1403 957 1436 filiam
974 1401 1086 1436 Iovis:

90 1451 192 1488 1495
219 1452 283 1486 Illa
300 1461 462 1488 evaserat
477 1461 574 1488 extra
590 1456 740 1489 domum

135 1504 220 1539 Non
240 1505 314 1538 visa
332 1504 371 1550 (o
382 1504 517 1550 Iupiter
537 1514 572 1541 et
587 1512 682 1540 terra
702 1513 736 1540 et
753 1506 931 1552 lumen-et
944 1504 1087 1552 nox¹⁵))

138 1556 221 1589 Sive
243 1557 441 1598 veneficiis,
476 1558 549 1591 sive
572 1565 647 1591 arte
674 1569 887 1602 magorum,
930 1557 1004 1591 sive
1029 1557 1089 1589 de-

246 1612 249 1613 ’
504 1609 666 1653 ceptione
685 1609 860 1642 Deorum.

139 1657 241 1702 Quae
257 1664 381 1702 postea
399 1659 605 1701 acciderint,
629 1660 766 1698 nescio;
794 1671 880 1692 nam
896 1658 1086 1702 fugitivum

503 1711 629 1745 sustuli
644 1712 772 1755 pedem
790 1722 832 1743 ex
849 1711 994 1744 aedibus
1004 1709 1062 1756 l⁶).

90 1758 188 1795 1500
217 1759 453 1804 Multiplices,
481 1763 696 1807 multiplices
711 1773 903 1795 aerumnas

123 1811 324 1846 Menelaus
342 1812 538 1855 sustinens,
566 1814 692 1847 inutile
710 1826 729 1846 a
750 1813 863 1846 Troia

138 1863 344 1911 Recepitfl)
372 1865 578 1910 coniugium
600 1865 763 1899 Helenes.

139 1917 237 1949 Ghor.
266 1916 435 1962 Sequitur
450 1918 547 1951 aliud
563 1931 699 1951 novum
714 1929 756 1950 ex
771 1915 892 1953 novis;

139 1965 232 1999 Nam
253 1967 356 2000 video
376 1974 556 2001 tenentem
574 1969 731 2013 gladium
751 1974 832 2000 ante
853 1968 957 1999 aedes

91 2014 190 2050 1505
217 2017 373 2051 Euntem
389 2018 561 2059 Oresten,
589 2019 742 2053 attonito
760 2019 861 2063 pede.

23 848 25 856 μ
23 836 25 841 «
20 628 29 818 -2-22‹——⁴-·-—--

128 2160 173 2193 14)
194 2162 268 2185 'runc
288 2167 372 2192 vero,
393 2162 458 2184 tunc
477 2161 651 2191 conspicuum
665 2161 750 2188 Erat.
770 2160 898 2189 Phryges
913 2159 1044 2188 quantum
1063 2157 1089 2180 in

162 2202 253 2225 pugna
278 2196 382 2219 Essent
406 2195 567 2225 inferiores]
594 2195 634 2218 sic
658 2195 707 2218 Ed.
725 2194 817 2224 1562.;
850 2193 898 2216 Ed.
917 2192 990 2215 1558.
1015 2193 1090 2230 Tunc

164 2225 209 2253 sni
226 2230 331 2253 similes
343 2231 429 2253 Erant
446 2230 590 2261 Phryges,
611 2230 681 2259 qnod
700 2229 735 2252 ad
754 2234 871 2258 pugnam
885 2227 999 2251 attinet:
1020 2227 1089 2249 Fui-

163 2271 222 2288 mus
242 2264 407 2293 infcriores3
427 2265 521 2295 Barn.‚
541 2266 662 2295 Mnsgr.,
680 2264 739 2287 Fix.
758 2263 919 2294 (diligenter
938 2262 1023 2284 verba
1041 2266 1090 2284 ar-

164 2300 273 2328 chetypi
305 2299 483 2325 reddentes]:
523 2300 597 2323 Tunc
621 2305 706 2325 vero,
743 2299 807 2321 tunc
834 2296 976 2325 conspicui
1001 2296 1089 2319 Erant

166 2332 302 2363 (Musgr.,
334 2333 410 2356 Fix.:
438 2334 516 2356 Facti
536 2336 615 2361 sunt)
634 2333 777 2364 Phryges,
803 2332 933 2362 quantum
952 2330 979 2353 in
998 2335 1090 2360 pngna

164 2367 261 2390 Martis
280 2368 336 2391 Nos
355 2368 442 2390 simus
460 2368 606 2392 inferiores

132 2424 178 2453 15)
197 2428 264 2456 nox]
290 2426 331 2451 sic
356 2428 403 2455 (=
422 2427 515 2457 Eurip.
535 2424 598 2456 νύξ)
623 2427 816 2458 Editt.1562.‚
843 2426 945 2456 Bai-m,
970 2425 1088 2456 Musgr.,

164 2459 242 2491 Fix.;
265 2462 316 2486 Ed.
331 2461 407 2487 1558.
426 2468 523 2485 errore
541 2463 670 2493 typogr.:
695 2468 758 2486 vox.

135 2519 183 2548 16)
201 2520 252 2544 Hic
269 2528 311 2545 vs.
330 2522 358 2545 in
376 2523 425 2546 Ed.
444 2522 518 2545 1558.
537 2521 688 2545 disiunctus
709 2523 752 2546 est
770 2521 798 2545 in
816 2521 867 2545 hos
886 2521 968 2546 duos:

301 2564 376 2592 Quae
394 2566 492 2594 postea
511 2583 517 2589 .
538 2582 543 2588 .
564 2583 570 2589 .
590 2582 596 2587 .
616 2565 761 2595 fugitivum
782 2571 847 2588 sus-

304 2599 355 2622 tuli
372 2599 468 2629 pedem
486 2605 520 2623 ex
537 2599 658 2623 aedibus.

132 2655 178 2682 17)
198 2656 325 2685 Recepit]
345 2657 384 2680 sic
400 2659 447 2685 (=
455 2658 549 2688 Eurip.
563 2656 655 2689 ἔλαβε)
672 2659 852 2691 Editt.1558.,
872 2659 959 2690 1562„
973 2659 1090 2690 Musgr.‚

165 2690 241 2721 Fix.;
268 2691 349 2716 Bai-n.
369 2692 483 2722 Recipit.

93 2731 277 2763 Mummi.
303 2733 410 2764 OPER.
437 2735 516 2764 Vot..
539 2735 661 2765 XVIII.

587 92 678 128 LVI.
729 92 1130 128 INTERPRETATIO
1165 75 1366 130 OR'ESTIS
1399 94 1652 131 EURIPIDIS.

2068 103 2145 138 386

1175 180 1410 229 [Orestes‚
1438 184 1616 227 Phryx,
1645 184 1842 225 Electra,
1869 187 2115 233 Menelaus,

1547 233 1741 282 Apella]

1197 301 1255 333 Or.
1291 299 1360 331 Ubi
1380 306 1431 333 est
1447 300 1530 341 iste,
1561 302 1621 346 qui
1638 303 1761 347 effugit
1786 316 1827 337 ex
1854 306 1999 341 aedibus
2022 320 2142 342 meum

1560 353 1705 386 ensem?

1196 401 1280 433 Phr.
1307 400 1431 433 Adoro
1459 407 1511 441 te,
1539 414 1620 442 rex,
1648 405 1836 447 procidens
1852 408 2008 449 barbaro
2029 423 2144 446 more.

1198 453 1260 486 Or.
1288 449 1357 485 Ista
1376 464 1451 484 non
1468 454 1557 486 fiunt
1575 453 1611 485 in
1630 452 1715 495 Ilio,
1743 458 1803 489 sed
1823 458 1859 490 in
1876 461 2009 505 Argiva
2034 469 2143 498 terra.

1193 504 1279 538 Phr.
1316 503 1492 549 „Ubique
1517 504 1736 548 sapientibus
1762 513 1813 540 est
1845 513 1987 546 suavius
2020 514 2142 548 vivere

1560 568 1666 600 quam
1684 569 1790 592 mori.

1145 600 1244 637 1510
1274 606 1333 639 Or.
1362 603 1454 638 Nam
1478 606 1591 640 fecisti
1608 607 1801 641 clamorem
1819 609 2004 655 Menelao,
2030 622 2070 648 ut
2085 628 2141 650 ac—

1580 658 1760 692 curreret?

1194 707 1278 739 Phr.
1306 705 1390 738 Tibi
1408 709 1546 750 adsum,
1563 716 1602 742 ut
1620 710 1792 754 opituler;
1821 724 1856 746 es
1875 715 1970 749 enim
1989 716 2143 761 dignior.

1195 758 1255 791 Or.
1278 755 1419 791 Iustene
1437 760 1544 803 periit
1564 761 1634 793 filia
1654 761 1843 807 Tyndari?

1192 809 1276 841 Phr.
1303 807 1517 852 Iustissime,
1562 812 1591 845 si
1623 810 1772 846 haberet
1794 815 1923 859 triplex
1946 823 2068 862 guttur
2099 821 2144 853 ad

1559 864 1799 899 moriendum.

1194 911 1253 944 Or.
1287 910 1444 956 Propter
1468 920 1602 947 metum
1627 915 1747 959 lingua
1777 916 2005 960 gratificaris,
2049 920 2144 955 intus

1559 978 1634 998 non
1651 966 1699 998 ita
1718 967 1884 1001 sentiens.

1142 1009 1242 1045 1515
1270 1013 1353 1046 Phr.
1371 1011 1444 1046 Cur
1460 1015 1558 1047 non?
1587 1028 1678 1061 quae
1694 1018 1849 1061 perdidit
1858 1018 2046 1054 Graeciam
2062 1035 2143 1056 cum

1556 1066 1641 1111 ipsis
1657 1066 1886 1113 Phrygibus?

1194 1115 1252 1147 Or.
1281 1112 1383 1154 Iura,
1422 1115 1529 1161 (alias
1546 1124 1578 1150 te
1594 1120 1747 1166 necabo)
1774 1127 1807 1153 te
1832 1119 1899 1155 hac
1926 1135 2000 1156 non
2024 1124 2142 1159 dicere

1553 1168 1591 1202 in
1608 1182 1726 1204 meam
1747 1172 1912 1214 gratiam.

1196 1217 1278 1251 Phr.
1313 1216 1384 1249 Per
1416 1218 1576 1253 animam
1608 1233 1725 1254 meam
1756 1222 1890 1256 iuravi:
1933 1231 1967 1257 et
1996 1225 2142 1270 quidem

1561 1272 1654 1305 bona
1674 1273 1780 1306 velim
1796 1275 1877 1309 fide.

1196 1318 1254 1351 Or.
1291 1318 1482 1366 Siccine¹⁸)
1509 1322 1616 1355 etiam
1643 1324 1689 1356 ad
1713 1324 1863 1359 Troiam
1890 1326 2052 1374 omne¹⁹)
2074 1328 2144 1361 fer-

1560 1386 1641 1407 rum
1660 1382 1736 1409 erat
1752 1374 1954 1422 Phrygibus
1971 1379 2129 1412 terrori?

1197 1420 1279 1453 Phr.
1319 1419 1458 1455 Amove
1486 1435 1623 1462 ensem;
1663 1439 1748 1460 nam
1774 1440 1854 1461 cum
1885 1442 1999 1474 prope
2032 1431 2145 1471 adest,

1562 1477 1718 1509 ostendit
1731 1479 1888 1514 caedem.

1146 1518 1244 1556 1520
1274 1524 1332 1556 Or.
1361 1522 1505 1565 Metuis,
1533 1538 1578 1558 ne
1596 1527 1659 1559 fias
1677 1527 1780 1572 lapis,
1809 1534 1982 1575 tanquam
2001 1530 2144 1566 intuens

1555 1577 1752 1621 Gorgona?

1196 1624 1280 1657 Pler-
1307 1622 1383 1658 Imo
1402 1638 1446 1658 ne
1470 1628 1625 1661 moriar:
1663 1641 1737 1663 non
1762 1630 1906 1664 intueor
1931 1640 2036 1678 caput
2052 1634 2145 1667 Gor-

1562 1679 1676 1723 gonis.

1194 1725 1253 1758 Or.
1284 1724 1374 1759 Cum
1399 1727 1445 1762 sis
1471 1741 1620 1770 servus,
1663 1732 1792 1766 metuis
1813 1739 1985 1776 mortem,
2022 1737 2084 1781 qui
2109 1744 2144 1772 te

1555 1781 1722 1816 liberabit
1739 1795 1758 1816 a
1775 1784 1877 1819 malis
1890 1784 1907 1817 Ρ

1324 1828 1516 1874 „Quilibet
1561 1833 1667 1866 etiam
1702 1847 1824 1870 servus
1857 1839 1988 1880 gaudet
2022 1838 2144 1873 videre

1555 1884 1683 1919 lucem.

1194 1929 1252 1962 Or.
1282 1929 1390 1964 Recte
1414 1933 1520 1974 dicis,
1557 1943 1676 1969 servat
1699 1943 1732 1970 te
1758 1939 1968 1982 prudentia;
2005 1941 2067 1974 sed
2089 1941 2144 1974 in-

1559 1988 1705 2030 gredere
1727 1988 1764 2020 in
1784 1991 1945 2024 domum.

1145 2027 1244 2065 1525
1270 2033 1356 2066 Phr.
1385 2033 1467 2067 Non
1485 2038 1622 2072 occides
1639 2052 1707 2073 me.
1764 2042 1821 2074 Or.
1850 2040 1897 2075 Es
1914 2042 2090 2077 dimissus.

1194 2083 1279 2116 Phr.
1311 2083 1408 2118 Dicis
1424 2083 1492 2119 hoc
1508 2088 1697 2132 pulchrum
1716 2093 1864 2125 verbum
1874 2092 1932 2139 2⁰).

1196 2134 1254 2167 Or.
1282 2134 1349 2167 Sed
1368 2138 1565 2179 poterimus
1581 2147 1786 2176 retractare.

1194 2185 1279 2218 Phr.
1306 2185 1383 2220 Hoc
1401 2200 1474 2221 non
1491 2189 1639 2234 pulchre
1658 2193 1744 2227 dicis
1756 2194 1815 2239 ¹²¹).

1198 2237 1256 2269 Or.
1285 2236 1420 2273 Stultus
1437 2252 1484 2281 es,
1512 2242 1541 2275 si
1556 2250 1660 2286 putas
1678 2257 1733 2277 me
1751 2250 2020 2278 cruentatumm
2039 2250 2140 2278 tuum

1560 2294 1711 2333 collum;

1194 1827 1243 1860 Ph
1249 1839 1278 1860 r.

1180 2421 1226 2453 ιε)
1246 2422 1366 2452 siccine]
1388 2424 1427 2447 sic
1447 2426 1493 2452 (Ξ
1513 2424 1604 2455 Eurip.
1625 2419 1689 2457 ὦδε)
1709 2425 1794 2452 Editt.
1806 2427 1890 2457 1562„
1910 2428 2002 2458 narn„
2021 2428 2139 2459 Mnsgr..

1213 2458 1289 2486 Fix.;
1315 2458 1363 2482 Ed.
1381 2459 1454 2483 1555.
1476 2459 1572 2484 sinite.

1180 2499 1226 2531 19)
1248 2501 1341 2527 omne]
1370 2500 1409 2523 sic
1435 2501 1518 2524 Editt.
1541 2502 1632 2528 1558..
1663 2502 1755 2533 1562.;

1215 2534 1262 2566 (z
1280 2534 1374 2563 Eurip.
1395 2534 1477 2565 πᾶσι)
1502 2536 1634 2559 omnibns.

1178 2578 1226 2606 20)
1248 2579 1314 2602 Phr.
1340 2579 1400 2600 Non
1424 2578 1532 2602 occides
1553 2586 1595 2603 ine
1614 2591 1647 2597 -
1666 2581 1793 2610 verbum]
1817 2580 1845 2604 hi
1870 2581 1921 2605 duo
1949 2588 2008 2605 vss.
2035 2581 2062 2604 in
2087 2580 2138 2605 Ed.

1213 2613 1296 2637 Bai-n.
1315 2612 1452 2636 coniuncti
1470 2615 1533 2636 sunt
1551 2614 1579 2637 in
1598 2621 1690 2640 unum.

1177 2655 1226 2683 21)
1246 2656 1294 2680 Or.
1322 2655 1376 2678 Sed
1395 2668 1429 2672 —
1448 2656 1540 2686 dicis]
1566 2656 1592 2680 hi
1618 2658 1670 2681 duo
1696 2665 1754 2681 vss.
1779 2657 1806 2682 in
1824 2658 1876 2682 Ed.
1896 2660 1977 2684 Barn.
2003 2657 2031 2682 iu
2055 2664 2138 2684 unum

1215 2692 1279 2713 sunt
1297 2690 1442 2714 coniuncti.
1622 2725 1672 2763 25

1793 2503 1873 2527 Bai-n.
1883 2520 1891 2535 ‚
1926 2504 2046 2535 Mnmgr„
2079 2503 2139 2528 Fix-
