2373 2980
189 93 262 126 919
774 86 892 120 PHlL,
925 87 1035 121 MEL.
1071 86 1272 121 SCRIPTA
1305 83 1636 118 PHILOLOGICA.
2141 79 2214 114 920

244 179 360 211 Unum
377 177 514 220 signum
533 173 692 207 omnium
705 198 714 211 ‚
739 172 832 205 idem
859 173 1035 206 convenit.
1202 200 1204 218 1
1281 171 1314 204 O
1332 171 1452 204 infelix
1473 175 1617 213 propter
1632 168 1776 210 longam
1793 167 1901 200 vitam
1922 173 2033 206 tuam,

241 230 398 262 Mactare
417 228 539 260 iubent
554 236 609 257 me
628 223 800 267 virginem
819 224 988 268 puellam,
1202 222 1204 245 l
1282 222 1390 256 Miser
1406 228 1440 254 et
1457 233 1539 263 ego,
1566 218 1627 264 qui
1644 219 1772 251 frustra
1791 218 1898 251 multa
1919 216 2098 250 laboravi:

192 281 268 314 410
290 283 390 324 Quae
407 279 451 311 sit
467 283 551 309 nata
573 275 685 308 nobili
703 281 815 318 patre.
1202 251 1205 292 l
1232 272 1305 308 450
1333 272 1503 317 Oportuit
1521 283 1585 303 nos
1603 269 1750 303 omnino
1771 268 1806 301 iu
1825 281 1949 302 manus
1965 265 2155 313 Eurysthei

241 332 316 375 Ego
335 328 447 362 habeo
465 326 798 372 promptitudinem,
812 332 851 359 ut
868 325 984 367 vides,
999 338 1080 371 erga
1100 339 1178 365 vos;
1204 341 1205 351 π
1283 324 1456 367 Delapsos
1469 349 1476 361 ‚
1502 321 1654 365 turpiter
1671 326 1704 353 et
1722 320 1849 353 misere
1865 320 2026 352 amittere
2043 319 2165 352 vitam.

243 383 308 415 Sed
327 393 401 413 nou
422 378 629 412 interficiam
650 389 764 410 meam
787 377 910 417 filiam,
1283 376 1349 408 Sed
1381 374 1465 411 scis,
1516 373 1552 404 in
1586 384 1657 417 quo
1689 384 1744 404 me
1775 371 1886 415 possis
1917 370 2064 404 iuvare?
2135 370 2216 404 Non

243 433 368 478 Neque
387 442 604 477 quemquam
624 440 787 461 meorum
806 428 936 461 civium
956 441 1079 473 cogam
1204 431 1207 461 l
1634 422 1794 455 >omnino

244 484 444 518 Nolentem.
498 507 519 520 „
531 479 619 525 Quis
636 480 685 513 sic
705 479 855 523 desipiat
872 480 1008 520 volens,
1205 486 1207 494 ¹
1284 475 1424 509 Excidit
1440 472 1526 507 mihi
1546 487 1624 518 spes
1640 472 1768 506 horum
1789 472 1922 506 salutis.

196 534 268 569 415
306 533 409 579 „Qui
444 532 527 565 velit
563 532 648 564 dare
684 543 725 564 ex
757 531 923 564 manibus
955 531 1179 565 charissimos
1205 538 1207 546 ¹
1284 527 1342 559 Me
1359 526 1479 559 dedito
1499 525 1639 569 Argivis
1660 537 1724 569 pro
1744 524 1817 558 istis
1833 523 1970 568 pueris,
1996 536 2016 555 ο
2034 535 2106 562 rex,

606 581 722 615 filios?
1206 578 1207 583 ¹
1234 574 1307 612 455
1346 577 1391 610 Et
1416 589 1489 610 non
1514 578 1639 610 subeas
1662 582 1701 608 tu
1724 576 1941 619 periculum,
1978 580 2011 607 et
2033 577 2218 608 serventur

249 637 290 669 Et
325 648 419 669 nunc
444 647 520 668 cum
546 633 588 667 sit
614 645 669 666 res
693 633 837 672 acerba,
871 633 1005 666 videbis
1032 645 1181 676 magnos
1206 643 1207 647 ¹
1646 626 1759 670 pueri.

603 696 805 723 concursus,
1206 682 1208 708 l
1285 679 1368 713 Non
1387 680 1498 712 debeo
1517 691 1637 711 amare
1655 690 1770 710 meam
1790 678 1899 710 vitam
1912 704 1920 717 ‚
1945 683 2076 721 pereat.

247 739 334 772 Aliis
351 737 547 771 dicentibus
559 763 567 776 ,
592 736 686 781 quod
703 735 833 769 iustum
850 734 895 768 sit
911 732 1108 778 hospitibus
1207 770 1209 781 Ι
1284 728 1505 775 Eurystheus
1524 729 1675 762 maxime
1693 741 1748 761 me
1765 729 1918 773 appetit,
1939 735 1976 761 ut
1993 727 2168 771 accipiens

249 789 592 834 Supplicibus‘opem
610 788 701 819 ferre
713 812 721 825 ,
747 786 825 818 aliis
843 797 956 818 meam
977 785 1160 819 stultitiam
1207 784 1209 807 ¹
1286 781 1344 814 Me
1356 808 1365 821 ,
1388 781 1547 814 Herculis
1565 781 1720 820 socium,
1745 780 1958 813 contumeIIa
1977 778 2117 812 afficiat.

199 840 272 876 420
296 840 561 875 Accusantibus.
616 837 651 870 Si
669 835 736 869 hoc
753 849 826 869 non
846 837 974 869 faciam
988 862 997 876 ,
1014 834 1033 852 ’κ
1051 837 1180 869 bellum
1285 832 1347 866 Est
1364 832 1457 865 enim
1475 844 1606 876 pravus
1622 831 1687 864 vir.
1730 830 1979 874 „Sapientibus
1996 829 2149 874 optabile
2169 821 2227 863 est*

609 887 840 921 domesticum
861 894 1019 930 paratur.
1208 906 1210 924 .
1236 882 1309 916 460
1336 883 1499 923 „Habere
1518 883 1699 915 inimicum
1719 882 1928 926 sapientem,
1948 893 2021 914 non
2039 880 2218 913 irritatum

252 943 345 975 Haec
364 949 403 975 tu
418 942 556 979 videas,
578 946 611 972 et
627 939 731 972 simul
748 938 931 971 considera
943 964 952 977 ,
981 937 1162 982 quomodo
1208 927 1211 944 ¹
1646 933 1721 966 sine
1737 945 1854 966 causa.

250 995 317 1038 lpsi
336 991 545 1030 servemini,
570 996 602 1022 et
623 990 686 1023 ista
705 989 840 1028 cix-itas,
1288 1011 1309 1023 „
1323 984 1459 1029 Aliquis
1482 991 1597 1028 potest
1620 983 1787 1028 consequi
1808 996 1974 1027 magnum
1992 983 2166 1027 pudorem
2187 987 2221 1014 et

251 1046 295 1078 ht
312 1057 355 1077 ne
371 1056 426 1076 me
444 1040 706 1075 calumnientur
722 1039 824 1073 cives.
1644 1035 1836 1068 fortunam.

251 1096 331 1130 lN‘on
366 1093 479 1127 habeo
516 1091 765 1137 tyrannidem,
815 1090 928 1135 qualis
965 1096 1015 1123 est
1058 1090 1184 1122 barba-
1209 1111 1212 1124 .
1289 1087 1386 1119 Chor.
1413 1084 1584 1124 Osenex,
1613 1097 1656 1118 ne
1670 1086 1778 1119 facias
1796 1098 1893 1118 ream
1910 1083 2002 1118 hanc
2018 1085 2155 1118 urbem.

611 1155 732 1175 rorum
748 1155 754 1179 ;
1210 1166 1212 1172 ,
1288 1136 1452 1169 Fortasse
1468 1136 1570 1168 nobis
1585 1137 1784 1179 prodesset;
1809 1137 1868 1169 sed
1888 1142 2009 1168 tamen
2028 1142 2131 1179 turpe

202 1197 275 1233 425
298 1197 393 1237 „Sed
411 1196 439 1230 si
457 1196 545 1228 iusta
565 1193 676 1233 sacio,
701 1194 790 1226 iusta
811 1192 938 1236 patior.
1210 1173 1213 1246 l
1289 1186 1535 1230 Opprobrium
1554 1186 1671 1226 fuerit,
1690 1187 1786 1231 quod
1804 1186 2020 1219 dedissemus
2035 1185 2221 1230 supplices.

255 1249 350 1283 Cher.
374 1247 538 1280 Profecto
563 1250 767 1290 promptam
790 1244 994 1276 existentem
1014 1255 1085 1276 non
1103 1243 1185 1276 sinit
1238 1236 1312 1271 465
1339 1240 1437 1271 Dem.
1464 1237 1592 1271 Dixisti
1608 1237 1672 1271 ista
1692 1237 1851 1278 fortiter,
1877 1238 1936 1270 sed
1956 1236 2070 1271 irrita.

612 1296 709 1329 Deus
1289 1289 1371 1322 Nou
1389 1296 1536 1333 propter
1555 1295 1587 1321 te
1605 1301 1666 1321 rex
1682 1286 1749 1322 huc
1767 1289 1864 1321 ducit
1879 1288 2083 1321 exercitum.

253 1350 459 1394 Hospitibus
479 1360 582 1392 opem
601 1346 766 1392 serrem),
793 1345 955 1391 quamvis
974 1345 1184 1389 cupientem.
1290 1340 1384 1384 Quid
1405 1340 1498 1373 enim
1514 1337 1734 1384 Eurystheus
1753 1345 1960 1373 consecutus
1977 1345 2047 1377 est,
2066 1345 2097 1371 te
2114 1350 2195 1372 sene

253 1403 313 1436 101.
337 1402 369 1435 O
385 1401 465 1440 filii,
489 1399 619 1433 similes
636 1410 756 1432 sumus
770 1397 1037 1441 navigantibus,
1063 1397 1135 1442 qui,
1289 1390 1478 1423 Extincto?
1504 1392 1564 1424 sed
1584 1391 1667 1423 istos
1688 1390 1762 1423 vult
1780 1390 1988 1423 interficere.

254 1453 341 1487 Cum
363 1452 561 1495 effugerunt
579 1450 761 1484 saevitiam
780 1448 1010 1492 tempestatis,
1291 1442 1489 1482 „Hostibus
1522 1441 1615 1473 enim
1642 1447 1692 1473 est
1721 1453 1776 1473 res
1809 1440 2005 1484 periculosa
2038 1444 2220 1471 nascentes

204 1505 277 1540 430
313 1503 358 1537 Et
388 1503 602 1547 appulerunt
627 1502 670 1533 ad
695 1507 826 1533 terram
853 1510 983 1542 prope,
1014 1497 1139 1530 deinde
1167 1508 1184 1527 a
1651 1491 1788 1524 nobiles

617 1552 736 1584 littore
1240 1543 1313 1576 470
1341 1541 1535 1582 „luvenes,
1562 1542 1621 1587 qui
1640 1541 1870 1574 meminerint
1888 1540 1998 1583 patris
2016 1539 2175 1572 iniurias.

253 1607 356 1639 Flatu
372 1605 491 1639 reiecti
509 1610 590 1638 sunt
608 1615 728 1636 rursus
747 1601 780 1633 in
800 1613 896 1633 mare
911 1615 915 1631 :
1172 1616 1174 1619 >
1291 1594 1390 1638 Quae
1409 1599 1685 1627 consentaneum
1701 1600 1750 1626 est
1767 1592 1886 1625 onmia
1897 1590 2220 1635 praeconsiderare.

256 1659 312 1691 Sic
328 1664 361 1690 et
381 1669 446 1690 nos
462 1655 673 1699 depellimur
690 1666 730 1686 ex
746 1651 810 1685 bac
827 1659 934 1690 terra,
1290 1645 1357 1677 Sed
1375 1645 1402 1678 si
1419 1645 1513 1677 aliud
1533 1643 1769 1687 opportunius
1786 1643 1851 1677 scis
1871 1641 2071 1681 consilium,

258 1709 329 1742 lam
348 1708 533 1742 existentes
549 1707 591 1739 ad
608 1706 722 1743 littus,
746 1710 916 1748 tanquam
935 1700 1034 1735 salvi.
1212 1738 1214 1746 7
1289 1696 1433 1739 Appara
1446 1722 1455 1735 ,
1481 1695 1562 1741 quia
1584 1707 1647 1738 ego
1664 1694 1818 1728 incertus
1834 1706 1911 1728 sum
1930 1693 2053 1732 animi,

255 1759 375 1800 Eheu,
400 1771 508 1805 quare
525 1770 581 1790 me
605 1757 652 1789 ita
672 1755 872 1793 delectasti,
898 1768 917 1784 υ
934 1752 1060 1785 misera
1212 1759 1214 1793 ς
1290 1746 1430 1780 Auditis
1448 1746 1619 1786 oraculis,
1643 1752 1675 1778 et
1692 1746 1816 1790 plenus
1836 1752 1943 1778 metu.

207 1812 279 1846 435
303 1812 407 1856 Spes,
428 1823 505 1843 cum
526 1821 597 1841 non
618 1819 708 1841 esses
725 1807 922 1851 perfectura
941 1801 1116 1847 gratiam?
1212 1800 1214 1814 '
1240 1796 1314 1831 475
1356 1799 1528 1832 Macaria.
1565 1796 1751 1841 Hospites,
1789 1808 1863 1829 non
1895 1795 2039 1829 tribuite
2057 1793 2103 1839 3⁸²)
2133 1789 2220 1825 mihi

256 1862 368 1896 Venia
387 1862 529 1907 quidem
549 1860 697 1893 debetur
722 1857 777 1890 isti
797 1862 943 1901 propter
960 1853 1045 1893 hoc,
1068 1853 1094 1886 si
1114 1864 1185 1884 uon
1212 1850 1215 1862 “
1522 1849 1707 1882 audaciam
1725 1860 1843 1881 meum
1860 1853 2008 1892 propter
2027 1855 2222 1889 egressum;

617 1910 691 1942 vult
1213 1906 1215 1917 '¹
1291 1899 1453 1932 Primum
1471 1899 1564 1932 enim
1581 1897 1648 1932 hoc
1665 1901 1848 1943 deprecor,

259 1964 428 1998 Occidere
448 1962 575 1996 civium
595 1961 700 1997 filias3
725 1965 909 1991 contentus
927 1970 1002 1990 sum
1213 1953 1215 2016 l
1292 1950 1465 1990 „Mulieri
1481 1951 1660 1984 silentium
1672 1977 1681 1991 ‚
1706 1956 1740 1983 et
1757 1962 1829 1984 esse
1845 1949 2055 1987 modestam,

259 2016 335 2049 Hoc
352 2015 457 2048 etiam
469 2041 478 2053 ,
502 2014 529 2047 si
550 2013 691 2058 quidem
712 2012 757 2043 ita
778 2010 854 2042 Diis
872 2010 1011 2041 xidetur
1028 2005 1114 2040 haec
1214 2017 1216 2034 r
1293 2001 1515 2041 „Etmanere
1533 2001 1762 2047 tranquillam
1778 2001 1813 2033 in
1833 2001 1954 2039 domo,
1973 1999 2147 2043 optimum
2160 2001 2221 2029 est.

261 2067 339 2101 Pati
358 2078 431 2103 me;
454 2077 568 2110 neque
586 2063 647 2096 tibi
669 2062 759 2106 perit
775 2060 899 2104 gratia.
1293 2052 1410 2086 Tuam
1427 2065 1511 2085 vero
1528 2053 1693 2093 audiens,
1720 2064 1740 2085 o
1754 2051 1868 2092 lolae,
1893 2049 2190 2095 deplorationem,

210 2119 284 2154 440
310 2118 342 2151 Ο
358 2117 438 2157 filii,
459 2128 531 2149 non
549 2115 640 2153 scio,
664 2114 747 2158 quid
765 2114 807 2145 de
826 2111 925 2144 vobis
941 2117 1105 2143 statuam.
1242 2103 1316 2137 480
1338 2103 1484 2148 Egressa
1511 2117 1587 2138 sum
1601 2130 1609 2144 ,
1635 2116 1715 2137 cum
1740 2116 1813 2137 non
1837 2103 1902 2136 sim
1928 2101 2088 2135 ordinata
2116 2098 2223 2130 inter-

262 2170 342 2215 Quo
359 2167 563 2202 vertamur?
585 2167 663 2211 quis
679 2165 774 2197 Deus
792 2175 864 2195 non
883 2168 933 2195 est
951 2159 1164 2193 coronatus?
1649 2156 1773 2188 cedere
1789 2166 1854 2199 pro
1877 2159 1999 2187 nostro
2015 2161 2152 2195 genere.

261 2222 315 2254 Ad
332 2232 439 2265 quam
459 2231 556 2253 aram
577 2229 649 2250 non
670 2212 909 2248 accurrimus?
925 2214 966 2244 ad
985 2224 1075 2256 quae
1092 2224 1188 2243 moc-
1294 2204 1360 2238 Sed
1387 2212 1505 2239 tamen
1530 2205 1635 2239 venio
1660 2212 1880 2250 opportune,
1904 2204 1985 2249 quia
2002 2200 2090 2236 mihi
2115 2201 2221 2234 etiam

624 2267 681 2300 nia
700 2273 814 2300 terrae
831 2277 904 2297 nou
921 2262 1102 2296 venimus?
1653 2268 1756 2289 curae
1774 2262 1856 2289 sunt

262 2322 445 2362 Petimus,
471 2334 490 2354 0
508 2320 589 2359 filii,
614 2319 684 2352 iam
703 2318 885 2351 dedemur.
1292 2306 1451 2348 Fratres,
1477 2313 1510 2339 et
1530 2307 1573 2339 de
1590 2318 1645 2339 me
1663 2319 1805 2353 quoque
1821 2319 1898 2340 sum
1916 2304 2079 2339 sollicita.

262 2374 317 2408 De
334 2385 390 2407 me
404 2370 495 2406 nihil
511 2383 614 2411 curo,
637 2369 666 2403 si
681 2382 737 2402 me
754 2373 896 2412 oportet
912 2365 1017 2405 mori,
1293 2357 1385 2391 γΟῙΟ
1408 2358 1529 2392 audire
1541 2384 1549 2397 ‚
1572 2370 1658 2391 num
1676 2359 1720 2392 ad
1738 2364 1856 2392 vetera
1876 2357 1968 2390 mala

212 2424 286 2463 445
311 2424 387 2459 Nisi
404 2424 499 2470 quod
515 2434 591 2455 mea
610 2432 707 2454 mors
723 2425 774 2453 est
790 2417 963 2463 voluptati
982 2415 1151 2450 hostibus.
1293 2409 1487 2443 Accesserit
1510 2409 1606 2442 aliud
1630 2410 1763 2443 malum
1778 2436 1787 2449 ,
1818 2410 1912 2455 quod
1937 2407 2098 2441 mordeat
2122 2413 2221 2438 tuum

262 2476 335 2511 Vos
352 2476 498 2520 deploro
511 2500 520 2514 ,
543 2479 576 2506 et
592 2472 734 2506 miseret
752 2482 808 2503 me
825 2468 943 2509 vestri,
1654 2461 1826 2494 animum.

266 2527 312 2561 Et
327 2527 468 2561 miseret
486 2537 541 2558 me
559 2536 645 2556 anus
663 2522 762 2556 aviae
776 2520 979 2554 Alcmenae.

247 2665 294 2691 31]
321 2668 395 2692 opem
430 2657 515 2690 ferre]
549 2657 588 2680 ste
618 2655 702 2680 Editt.
729 2654 821 2683 ¹558„
853 2652 943 2679 ¹562.;
974 2651 1057 2674 Editt.
1089 2652 1189 2674 recent.
1276 2651 1324 2678 32)
1343 2647 1524 2680 tribuite]'sic
1543 2649 1624 2671 Barn.
1647 2646 1693 2678 (=
1713 2647 1806 2677 Eut-ip.
1825 2644 1981 2678 Πρόςθητες
2009 2647 2130 2677 Musgr.‚
2149 2646 2222 2670 Fix:

283 2698 329 2728 (=
342 2699 408 2720 text,
425 2693 481 2726 gr.)
502 2698 579 2723 opem
600 2692 676 2714 ferre
692 2689 761 2712 hanc
779 2686 926 2711 civitatem.
1310 2682 1471 2715 imputate);
1490 2683 1573 2707 Editt.
1593 2682 1685 2712 1558„
1707 2682 1780 2707 1562.
1800 2682 1887 2706 mate:
1907 2680 2009 2706 tribuit.
