2373 2980
193 115 289 150 1063

246 196 364 232 Xutho
385 208 467 229 vero
487 202 521 228 et
537 193 600 227 tibi
621 193 725 226 datur
742 192 940 226 communis
955 192 1048 226 filius

199 249 297 284 1590
322 248 456 285 Dorus,
485 246 578 279 unde
595 243 726 276 Dorica
744 243 979 277 celebrabitur

244 301 357 334 Terra
373 299 409 330 in
426 297 693 340 Peloponneso;
721 301 755 327 et
773 295 860 327 alter
877 295 968 328 filius

248 350 408 384 Achaeus
420 375 429 388 ,
457 348 518 392 qui
535 345 734 379 maritimae
753 352 868 378 terrae
883 357 996 390 prope
1015 343 1147 378 Rhium

250 401 426 434 Dominus
443 399 529 437 erit,
547 403 592 430 et
609 396 888 441 approbabitur,

251 453 298 485 Ut
314 450 466 496 populus
482 449 526 482 ab
543 448 616 481 eius
632 447 778 480 nornine
799 446 928 481 habeat
942 459 1087 480 nomen.

205 502 300 536 1595
334 502 441 535 Recte
471 512 555 533 vero
584 498 714 543 Apollo
746 499 865 532 omnia
893 498 991 536 secit;
1033 497 1188 542 primum

610 550 753 595 quidem

254 605 335 638 Sine
359 603 482 636 dolore
507 613 631 645 parere
656 607 689 633 te
711 601 812 639 fecit,
852 607 890 633 ut
918 613 991 633 non
1022 599 1191 633 rescirent
1217 620 1219 626 ·

613 651 729 684 amici.

255 706 448 750 Postquam
466 715 550 737 vero
568 702 736 747 peperisti
750 700 844 735 hunc
863 714 1013 746 puerum
1025 728 1034 740 ,
1069 707 1101 733 et
1130 700 1193 732 im-

612 753 760 798 posuisti

258 807 388 842 Fasciis
399 833 408 846 ,
437 812 618 849 arreptum
638 805 674 837 in
690 804 792 837 ulnas

257 858 476 892 Mercurium
493 857 590 889 iubet
605 857 696 889 ferre
714 855 884 887 infantem
899 852 967 887 huc
980 880 988 890 ,

211 911 308 946 1600
335 909 509 953 Illnmque
528 907 633 946 aluit,
663 913 696 939 et
710 917 783 937 non
802 904 884 938 sivit
900 904 1004 937 mori.

258 962 362 996 Nune
377 960 486 1003 igitur
501 965 575 990 tace
588 984 596 996 ,
624 957 721 1001 quod
734 954 791 987 hic
808 966 896 998 puer
913 955 957 988 sit
972 961 1052 987 tuus
1066 979 1074 991 ,

259 1013 308 1046 Ut
323 1010 389 1044 hac
405 1009 574 1053 opinione
592 1005 730 1040 Xuthus
747 1005 957 1044 delectetur,

259 1063 305 1096 Et
323 1069 361 1095 tn
379 1060 541 1094 similiter
559 1065 618 1091 tna
636 1058 729 1090 bona
747 1054 890 1089 habeas.

260 1114 305 1147 Et
321 1112 450 1148 valete;
480 1122 521 1143 ex
539 1107 604 1141 hac
623 1109 717 1141 enim
736 1105 969 1150 respiratione
985 1104 1148 1137 laborum

210 1163 307 1200 1605
334 1161 516 1196 Denuntio
533 1159 633 1193 vobis
650 1171 797 1203 magnas
813 1157 994 1190 felicitates
1004 1154 1061 1200 53).

261 1219 332 1250 Ion.
360 1213 393 1247 Ο
411 1213 547 1251 Pallas,
575 1210 720 1244 maximi
737 1209 829 1242 lovis
846 1208 937 1247 filia,
964 1218 1037 1239 non
1061 1216 1122 1248 per
1144 1203 1197 1236 in-

622 1261 867 1294 credulitatem

261 1317 359 1350 Tuos
376 1325 557 1348 sermones
571 1313 772 1356 recipimus.
798 1310 913 1344 Credo
928 1321 983 1341 me
998 1319 1070 1341 esse
1086 1306 1197 1339 filium

259 1367 434 1412 Apollinis
453 1372 486 1398 et
501 1363 624 1403 huius,
651 1370 685 1396 et
702 1363 799 1407 prius
813 1359 881 1394 hoc
896 1372 969 1393 non
988 1365 1064 1392 erat
1086 1358 1198 1390 incre-

621 1414 739 1447 dibile.

315 1528 402 1549 sacra
421 1523 524 1553 quidem
545 1519 748 1543 administrabit
768 1518 884 1547 primus,
910 1516 1008 1539 deinde
1028 1515 1179 1541 secundus,

317 1559 394 1589 Quod
416 1563 510 1581 omnes
530 1555 661 1581 insmnita
680 1553 856 1582 serpentibus
875 1556 892 1574 a
909 1556 970 1573 mea
988 1549 1093 1579 Aegide

314 1592 493 1618 'tribunitium
512 1590 647 1612 habebunt
665 1587 836 1611 sacerdote&
873 1585 961 1608 Porro
981 1590 1013 1606 ex
1032 1584 1065 1606 iis

315 1627 379 1652 Filii
397 1625 470 1655 nati,
495 1626 617 1652 tempore
636 1629 669 1645 ex
689 1622 755 1645 fatis
775 1620 925 1643 constituto

315 1661 453 1692 Cyclades
471 1658 674 1687 inhabitabunt,
699 1655 837 1679 insulares
857 1654 999 1680 civitateS,

314 1698 349 1720 Et
369 1698 471 1719 terram
491 1692 670 1716 maritimam.
695 1690 764 1720 quod
784 1690 866 1711 robur
887 1693 962 1711 meae
981 1688 1074 1710 terrae

314 1732 383 1758 Dat3
409 1727 549 1758 oppositos
570 1731 636 1748 vero
655 1724 791 1748 littorales
809 1721 1004 1746 continentium
1024 1721 1136 1744 duorum

316 1766 434 1793 Campos
451 1761 654 1790 inhabitabunt,
679 1758 817 1782 Asiaticae
836 1759 929 1779 terrae

317 1800 351 1823 Et
370 1800 503 1825 Europae.
541 1795 658 1823 Propter
676 1794 724 1816 hoe
744 1798 810 1815 vero
830 1797 927 1814 nomen

317 1834 397 1857 Iones
416 1830 546 1854 nominati
566 1829 699 1851 habebunt
717 1827 845 1857 gratiam.

768 106 890 141 PHIL.
925 105 1036 141 MEL.
1064 105 1263 141 SCRIPTA
1296 103 1630 139 PHILOLOGICA.

250 1875 296 1907 53)
316 1875 407 1898 Xutho
428 1885 458 1888 —
481 1871 637 1894 felicitates
659 1868 713 1899 (vs.
730 1866 951 1893 1589—1605.)]
978 1865 1018 1888 sic
1043 1864 1091 1888 Ed.
1110 1864 1201 1893 15624
1227 1866 1229 1889 ζ

283 1910 334 1933 Ed.
350 1908 440 1931 1558.;

318 1943 410 1966 Xutho
429 1945 496 1963 vero
516 1941 543 1961 et
560 1937 609 1960 tihi
627 1937 751 1959 nascitur
770 1933 919 1957 communis
939 1933 1027 1962 filius,

318 1977 409 2000 Dorus
429 1973 550 2003 quidem,
577 1972 647 1994 unde
666 1969 847 1993 celebrabitur
868 1967 965 1990 Dorica

319 2010 438 2037 Civitas3
465 2013 513 2036 per
533 2008 636 2029 terram
657 2010 722 2027 vero
743 2003 958 2031 Peloponnesum
977 2000 1065 2023 alius.

317 2045 457 2068 Achaeus,
482 2041 526 2071 qui
544 2043 640 2063 terrae
658 2037 810 2061 maritimae
829 2037 905 2058 iuxta
922 2035 1017 2057 Rhium

319 2080 465 2106 Tyrannus
485 2075 553 2102 erit,
579 2074 605 2096 et
624 2071 784 2102 approbabit

318 2112 396 2136 nlius
416 2108 551 2134 nominari
570 2107 684 2136 populus
704 2105 812 2128 nomine
831 2102 1045 2128 cognominatus,

318 2147 403 2170 Recte
422 2150 488 2167 vero
507 2142 605 2171 Apollo
626 2141 715 2164 omnia
733 2139 812 2163 fecit.
837 2137 950 2166 primum
970 2136 1075 2165 quidem

321 2181 386 2204 Siue
405 2179 500 2202 dolore
519 2182 616 2206 parere
636 2175 699 2198 fecit
717 2176 760 2201 te,
790 2178 824 2195 ne
844 2172 1044 2201 cognoscerent
1063 2169 1150 2193 amici.

320 2215 468 2243 Postquam
488 2216 555 2234 vero
577 2209 706 2239 peperisti
726 2209 795 2231 hunc
814 2212 941 2236 puerum,
970 2206 997 2227 et
1016 2203 1168 2234 imposuisti

321 2248 442 2273 Fasciis,
471 2248 610 2274 arreptum
630 2244 657 2266 in
678 2243 757 2266 ulnas

320 2281 487 2306 Mercurium
507 2280 580 2302 iubet
599 2279 673 2301 ferre
693 2277 842 2301 infantem,

322 2318 355 2340 Et
373 2316 456 2341 aluit,
484 2319 569 2343 neque
588 2312 712 2341 permisit
730 2310 860 2334 exhalare
879 2308 970 2331 vitam.

321 2351 398 2374 Nunc
416 2348 499 2379 igitur
518 2350 593 2373 tace,
618 2352 684 2374 puer
704 2345 744 2367 hic
763 2344 834 2374 quod
853 2343 889 2365 sit
909 2344 991 2371 tuus,

323 2385 359 2407 Ut
377 2384 449 2406 falsa
468 2380 632 2405 existimatio
652 2380 771 2403 Xuthum
791 2378 917 2404 delectet,

324 2419 415 2447 'tuque
433 2416 558 2439 similiter
577 2417 622 2438 tua
644 2415 715 2437 hona
733 2413 851 2440 liabens,
879 2411 918 2433 sis
937 2415 1014 2433 uxor.

326 2452 358 2474 Et
378 2451 483 2478 valete3
511 2456 543 2473 ex
561 2449 611 2472 hac
629 2448 698 2472 enim
717 2446 900 2476 respiratione
919 2445 1042 2468 laborum

324 2485 501 2514 Auspicatum
518 2484 597 2507 vohis
617 2483 701 2506 fatum
718 2480 858 2505 annuntio.
1059 2485 1063 2487 -

1228 2134 1230 2172 l

1228 2177 1230 2195 Ι

1229 2198 1230 2220 i

1229 2237 1231 2259 i

2125 107 2224 141 1064

1292 188 1363 226 Cre.
1400 189 1446 223 Et
1470 201 1526 224 me
1550 199 1645 222 nunc
1668 186 1768 220 audi:
1807 187 1914 221 laudo
1939 187 2125 224 Phoebum
2151 204 2225 225 non

1645 238 1794 271 laudans
1810 244 1912 272 antea
1923 266 1932 280 ,

1245 293 1339 327 1610
1375 292 1499 337 Quod,
1535 301 1640 335 quem
1668 295 1770 321 antea
1794 289 1946 333 neglexit
1967 292 2098 332 filium,
2134 305 2228 326 nunc

1661 340 1778 373 reddit
1792 338 1892 374 mihi.

1291 393 1421 438 Haeffl)
1440 398 1558 425 autem
1581 391 1758 424 formosae
1784 397 1909 434 portae
1930 391 2018 426 mihi
2039 399 2122 427 sunt
2143 400 2230 427 tem-

1653 443 1751 486 plum
1766 441 1835 475 Dei
1848 469 1857 482 ,

1292 497 1404 528 Antea
1423 491 1512 526 mihi
1526 493 1690 526 infestum
1702 519 1711 533 ‚
1737 505 1832 526 nunc
1849 505 1890 526 ex
1907 493 2000 527 ansis
2017 505 2144 528 manus

1293 545 1462 578 Libenter
1478 545 1744 588 suspendimus,
1771 550 1805 577 et
1821 545 1934 578 saluto
1952 545 2140 591 portas55).

1295 594 1439 641 Min.⁵⁶)
1468 594 1606 635 Laudo,
1633 596 1727 640 quod
1745 594 1861 628 Deum
1879 596 2000 629 laudes
2017 602 2154 629 mutata
2172 608 2233 628 vo-

1655 647 1802 679 luntate.

1252 696 1346 731 1615
1380 697 1520 731 Auxilia
1542 696 1702 730 Deorum
1726 697 1828 729 tarda
1853 703 1953 737 sunt,
1996 698 2057 731 sed
2088 696 2233 730 tandem

1653 760 1727 780 non
1744 754 1826 780 sunt
1840 748 1994 781 infirma.

1299 801 1371 833 Cre.
1400 796 1432 831 O
1451 798 1517 838 fili,
1546 810 1668 832 eamus
1687 799 1846 831 domum.

1297 851 1390 883 Min.
1417 847 1486 889 Ite,
1513 861 1641 894 sequar
1658 862 1733 893 ego.

1300 902 1373 934 Cre.
1392 899 1507 943 Digna
1523 901 1626 934 nobis
1644 913 1760 934 comes
1775 900 1866 939 viae,
1883 905 1917 931 et
1933 910 2056 932 amans
2074 898 2236 932 civitatis.

1300 953 1392 984 Min.
1421 949 1460 982 In
1479 952 1576 985 sedes
1595 952 1760 996 antiquas
1777 958 1809 984 te
1829 950 1975 984 colloca.
2031 951 2103 985 cre.
2126 949 2236 984 Grata

1658 1000 1745 1035 mihi
1765 1001 1996 1046 possessione.
2186 996 2189 1002 ¹

1302 1053 1396 1085 Chor.
1433 1051 1466 1084 O
1486 1051 1636 1096 Apollo,
1671 1052 1763 1086 Iovis
1786 1059 1820 1085 et
1843 1052 2004 1084 Latonae
2034 1051 2103 1090 fili,
2148 1051 2237 1084 vale.

1659 1103 1847 1147 „Quando
1870 1103 2070 1136 concutitur

1222 1165 1224 1191 ς
1253 1151 1348 1186 1620
1383 1151 1548 1192 „Domus
1581 1154 1859 1193 calamitatibus,
1898 1153 1998 1197 pium
2027 1154 2126 1186 decet
2157 1163 2239 1184 con-

1654 1206 1774 1238 fidere.

1301 1253 1494 1292 „Tandem
1511 1255 1604 1287 enim
1622 1255 1708 1287 honi
1726 1260 1992 1299 consequuntur
2007 1253 2113 1297 digna
2123 1251 2188 1298 ⁵⁷);

1302 1304 1419 1343 „Mali
1437 1311 1554 1338 autem
1568 1332 1577 1345 ,
1604 1313 1644 1339 ut
1661 1306 1758 1349 digni
1783 1312 1883 1345 sunt,
1916 1316 2102 1349 nunquam
2124 1303 2240 1337 felices

1657 1356 1811 1401 fiunt58).

1286 1493 1333 1518 54)
1352 1491 1424 1519 Bae]
1445 1491 1487 1514 sic
1506 1491 1588 1515 Editt.
1607 1491 1679 1513 1558.
1700 1492 1726 1513 et
1745 1490 1876 1517 receutt.;
1902 1487 1951 1511 Ed.
1969 1487 2044 1511 1562.
2062 1487 2145 1510 Haec.

1286 1535 1334 1561 55)
1354 1533 1416 1556 Ion.
1446 1534 1467 1557 Ο
1494 1533 1587 1556 Pallas
1608 1546 1637 1549 —-
1658 1533 1760 1561 portas.
1788 1533 1842 1562 (vs.
1867 1530 1980 1553 1606—
1995 1529 2100 1557 1613.)]
2124 1528 2166 1552 sic
2190 1529 2239 1552 Ed.

1323 1567 1415 1594 1562:
1441 1567 1489 1591 Ed.
1508 1567 1597 1590 1553:

1358 1602 1415 1624 lon.
1438 1602 1459 1624 Ο
1475 1601 1548 1623 lovis
1562 1601 1655 1623 Panas
1669 1600 1777 1623 maximi
1790 1599 1861 1627 filia,
1881 1604 1936 1621 non
1955 1604 2004 1628 per
2023 1596 2241 1620 incredulitatem

1357 1636 1427 1658 Tuos
1446 1640 1590 1658 sermones
1608 1635 1793 1662 admittimu53
1819 1633 1868 1656 sed
1887 1632 1968 1656 credo
1987 1638 2050 1655 esse
2069 1631 2157 1660 patris

1357 1669 1509 1698 Apollinis,
1531 1671 1558 1691 ct
1578 1668 1655 1690 huius
1676 1668 1757 1691 etiam
1776 1669 1858 1690 antea
1877 1667 1927 1689 hoc
1941 1672 1995 1689 uon
2012 1665 2171 1688 incredibile
2182 1664 2240 1688 fuit.

1357 1703 1421 1727 Cre.
1442 1704 1484 1726 Me
1503 1708 1607 1732 quoque
1627 1708 1696 1725 nunc
1714 1701 1785 1725 audi.
1823 1701 1915 1724 Laudo
1934 1700 2085 1727 Phoebum,
2109 1705 2162 1722 uon
2181 1699 2241 1722 lau-

1663 1736 1732 1759 dans
1750 1736 1830 1763 aute,

1358 1771 1449 1801 Quod,
1474 1777 1551 1800 quem
1570 1772 1634 1793 ante
1652 1770 1773 1800 neglexit
1791 1769 1890 1796 filium,
1918 1769 2008 1792 reddit
2026 1767 2098 1792 mihi.

1358 1806 1415 1828 Hae
1433 1807 1521 1827 autem
1542 1805 1680 1827 formosae
1700 1805 1811 1833 portae,
1835 1805 1862 1826 et
1880 1803 1932 1826 Dei
1949 1803 2066 1831 templa,

1358 1840 1433 1867 Quae
1452 1839 1571 1861 adversa
1584 1840 1648 1861 ante
1664 1837 1791 1865 fuerunt,
1810 1843 1880 1860 nuuc
1894 1842 1960 1860 vero
1977 1843 2009 1859 ex
2023 1834 2135 1859 annulis
2147 1839 2243 1858 manus

1358 1873 1424 1896 Cum
1443 1873 1585 1902 voluptate
1603 1872 1723 1902 pendere
1740 1870 1872 1900 facimus,
1899 1871 1926 1893 et
1944 1870 2035 1893 saluto
2054 1869 2157 1898 portas.

1288 1914 1335 1941 56)
1356 1915 1444 1943 Mirm]
1463 1914 1489 1937 in
1509 1914 1555 1937 Ed.
1573 1914 1646 1937 1562.
1666 1914 1691 1936 h.
1706 1913 1724 1937 l.
1746 1912 1833 1935 deest.

1289 1956 1336 1983 57)
1357 1957 1472 1979 Tandem
1484 1969 1517 1972 —
1527 1956 1635 1985 dignm]
1654 1955 1695 1978 his
1716 1955 1744 1977 in
1762 1960 1849 1984 marg.
1864 1953 1912 1976 Ed.
1925 1953 2000 1977 1562.
2013 1952 2153 1982 adscripta
2165 1954 2242 1975 suut:

1325 1991 1441 2014 Tandem
1463 1990 1539 2012 bonis
1559 1991 1599 2012 est
1619 1990 1695 2012 hene.

1289 2034 1336 2057 590]
1358 2033 1428 2056 Min.
1451 2032 1544 2055 Laudo
1563 2044 1594 2047 —
1614 2031 1690 2055 fiunt.
1709 2032 1766 2058 (vs.
1783 2027 2009 2060 1614—1622.)]
2027 2027 2067 2052 sic
2085 2028 2134 2052 Ed.
2154 2028 2244 2057 1562.;

1325 2068 1371 2090 Ed.
1390 2066 1478 2089 1558.:
1623 2069 1625 2071 '

1358 2101 1430 2124 Min.
1452 2099 1561 2129 Laudo,
1581 2099 1650 2128 quod
1669 2099 1765 2123 laudas
1784 2098 1886 2127 Deum,
1905 2098 2014 2121 mutans
2033 2096 2150 2120 animum
2168 2102 2244 2120 sem-

1665 2139 1713 2162 per
1731 2133 1820 2163 aliquo
1838 2132 1927 2156 modo.

1358 2169 1425 2191 Sero
1445 2167 1557 2190 veniunt
1579 2173 1624 2190 res
1641 2167 1775 2194 Deorum.
1795 2167 1843 2189 sed
1861 2166 2000 2196 postremo
2020 2170 2074 2188 uon
2091 2163 2223 2187 infirmae.

1360 2202 1422 2226 Cre.
1443 2202 1464 2225 0
1484 2201 1540 2229 fili,
1567 2207 1660 2224 eamus
1681 2202 1796 2225 domum.

1359 2236 1431 2260 Min.
1453 2235 1507 2261 lte:
1534 2241 1635 2265 sequar
1654 2241 1720 2258 vero
1740 2241 1799 2266 ego.

1359 2270 1422 2294 Cre.
1441 2269 1530 2300 Digna
1549 2275 1640 2292 comes
1658 2269 1755 2299 vobis,
1783 2269 1810 2291 et
1827 2273 1921 2290 amans
1939 2265 2068 2290 civitatis.

1361 2304 1432 2328 Min.
1453 2303 1482 2326 111
1501 2303 1583 2326 sedes
1599 2303 1727 2332 antiquas
1747 2302 1862 2326 colloca.
1911 2301 1974 2326 Cre.
1994 2301 2110 2331 Dignam
2128 2305 2242 2330 posses-

1663 2337 1768 2360 siouem
1787 2341 1883 2360 meam.

1362 2373 1445 2397 Chor.
1467 2372 1489 2396 Ο
1510 2370 1582 2394 lovis
1601 2371 1628 2393 et
1646 2371 1769 2394 Latonae
1787 2370 1901 2400 Apollo:
1928 2369 2009 2399 vale,
2034 2368 2076 2392 cui
2094 2368 2215 2399 agitatur

1361 2405 1566 2430 calamitatibus
1585 2404 1696 2433 domus,
1714 2405 1786 2434 pium
1805 2405 1872 2428 bono
1891 2403 1982 2427 animo
2001 2409 2064 2427 esse
2080 2402 2216 2427 convenit.

1360 2441 1426 2464 Nam
1445 2440 1480 2463 ad
1499 2440 1647 2462 extremum
1667 2439 1773 2468 quidem
1792 2438 1853 2463 boni
1871 2438 2074 2468 consequuntur
2091 2437 2191 2467 digna:

1360 2474 1477 2504 Improbi
1496 2479 1578 2503 vero,
1600 2474 1635 2498 ,ut
1653 2472 1727 2504 digni
1745 2476 1824 2504 sunt,
1851 2477 1986 2502 nunquam
2003 2472 2099 2495 felices
2118 2472 2206 2495 erunt.
