2373 2980
127 93 203 129 313

180 177 367 212 Validicae
385 174 453 209 huc
473 176 692 209 Cassandrae
708 174 804 208 fers?

180 234 267 266 Αηο.
293 228 482 261 Viventem
504 227 641 265 dixisti3
668 232 852 259 mortuum
872 237 958 258 vero
976 237 1050 257 non
1069 226 1127 258 de-

443 322 448 323 ⁷
546 279 667 323 ploras

179 331 296 365 Hunc.
339 330 407 364 Sed
424 329 564 374 adspice
581 340 709 373 corpus
730 327 903 360 nudatum
924 328 1077 368 mortui,

130 383 205 418 680
232 381 270 415 Si
284 381 352 414 tibi
369 381 556 426 apparebit
569 379 783 413 miraculum
802 384 836 411 et
851 385 994 423 praeter
1017 391 1128 423 spem.

179 436 260 468 Hec.
287 432 367 467 Heu
398 430 503 466 mihi!
545 431 650 464 video
685 430 830 475 quidem
862 430 973 464 filium
1008 443 1128 463 meum

545 486 757 515 mortuum?-

178 534 422 579 Polydorum,
472 544 579 578 quem
617 530 706 565 mihi
739 529 862 564 Thrax
892 532 1058 566 servabat
1092 531 1130 563 in

543 585 652 616 domo
676 583 743 616 vir.

181 635 279 669 Perii
296 635 437 674 infelix,
464 646 540 667 non
559 635 712 678 amplius
729 646 805 667 sum
827 645 923 668 sane.

182 687 215 720 O
233 687 303 726 fili,
329 686 399 726 fili,
424 684 506 718 hem
525 683 607 718 hem
628 685 762 729 incipio
779 696 949 719 numeros

132 736 208 772 685
235 735 448 776 Bacchic0s‚
485 749 526 769 ex
543 738 720 769 daemone
741 735 918 778 affligente

182 789 285 834 Quae
302 800 423 821 recens
439 787 591 831 cognovi
607 785 695 820 haec
710 787 804 819 mala
819 786 877 832 ³³).

182 843 270 874 Ano.
300 839 509 883 Cognovisti
530 839 667 871 cladem
684 838 767 877 filii,
797 850 817 870 o
833 838 963 871 misera
979 836 1044 871 tu?

506 921 672 971 [strophe
700 921 755 970 1.]

181 994 262 1027 Hec.
290 991 538 1031 Incredibilia,
564 990 788 1023 incredibilia
806 1001 921 1030 nova,
949 1001 1044 1022 nova
1071 989 1133 1022 ad-

542 1041 729 1088 spici034):

182 1093 263 1127 Alia
282 1094 326 1126 ab
344 1093 422 1126 aliis
437 1094 530 1126 mala
548 1093 654 1126 malis
668 1093 844 1125 incidunt.

132 1145 206 1180 690
231 1145 357 1190 Neque
385 1156 548 1190 unquam
581 1144 715 1189 absque
746 1144 863 1183 luctu,
911 1143 1043 1187 absque
1076 1153 1134 1184 ge-

544 1194 634 1227 mitu
648 1194 696 1240 35)

184 1247 271 1279 Dies
287 1258 344 1278 me
364 1245 512 1278 tenebit.

188 1299 286 1332 Ghor·
314 1296 504 1329 Horrenda
516 1322 526 1336 ‚
553 1308 573 1328 o
590 1295 719 1329 misera
734 1322 743 1335 ,
776 1293 957 1328 horrenda
975 1293 1134 1338 patimur

549 1347 656 1379 mala.

514 1427 679 1476 [Strophe
704 1427 761 1476 2]

184 1498 265 1530 Hec.
294 1496 328 1529 O
345 1495 414 1536 fili,
440 1496 491 1528 fili
507 1496 659 1530 miserae

135 1545 210 1580 695
236 1547 383 1586 Matris,
412 1560 483 1592 quo
505 1548 579 1580 fato
598 1546 775 1580 moreris?

183 1598 266 1643 Quo
283 1598 482 1631 infortunio
501 1598 616 1631 iaces?

185 1650 217 1682 A
238 1662 309 1695 quo
327 1647 516 1682 hominum
535 1648 762 1682 interfectus?

184 1704 271 1735 Anc.
296 1701 379 1734 Non
397 1700 487 1739 sci03
515 1700 553 1732 in
570 1701 691 1732 littore
711 1711 792 1732 eum
812 1698 934 1731 inveni
951 1698 1104 1732 marino.

185 1755 266 1786 Hec.
292 1751 480 1785 Abiectum
494 1778 503 1791 ,
532 1763 578 1784 an
596 1751 821 1784 intersectum
844 1756 989 1783 cruenta
1008 1748 1135 1784 hasta?

135 1805 211 1840 700
235 1806 321 1837 Anc.
348 1802 389 1835 In
407 1814 515 1835 arena
533 1803 641 1846 plana

185 1854 298 1888 Maris
315 1854 432 1898 ipsum
450 1854 553 1886 eiecit
571 1853 710 1886 marina
729 1852 898 1897 procella.

514 1945 680 1994 [strophe
706 1945 762 1994 3.]

186 2017 268 2049 Hec.
295 2014 375 2048 Heu
391 2012 499 2055 mihi,
527 2013 575 2048 ah
593 2012 653 2048 ah!

186 2065 348 2111 Intelligo
365 2067 546 2100 somnium
566 2066 825 2110 oculorumque
840 2076 1004 2096 meorum

186 2117 369 2151 Visionem
389 2117 490 2163 (Non
509 2130 567 2150 me
583 2117 725 2151 transiit
743 2115 940 2160 spectrum)

170 2268 220 2301 33)
238 2266 520 2299 Bacchicos—mala]
539 2268 567 2291 hi
586 2268 637 2291 duo
657 2272 758 2290 versus
778 2264 805 2288 in
815 2265 865 2289 Ed.
876 2265 992 2289 Barnes.
1012 2263 1040 2287 in
1054 2271 1135 2288 unum

204 2303 343 2327 coniuncti
362 2304 426 2326 sunt
445 2303 500 2326 sic:

205 2338 256 2361 685
291 2338 454 2363 Bacchicos,
474 2343 507 2360 ex
522 2336 654 2360 daemone
673 2334 813 2365 affligente
832 2339 901 2364 quae
915 2339 1014 2357 recens
1031 2339 1135 2364 cogno-

552 2371 579 2394 vi
601 2371 684 2395 mala.

170 2422 218 2450 34)
237 2422 306 2446 nuic
330 2423 424 2447 versui
448 2424 474 2447 in
500 2424 551 2449 Ed.
573 2422 648 2447 1562.
674 2420 817 2450 adscripta
841 2421 885 2443 est
909 2420 975 2443 nota
1001 2419 1134 2450 margum

205 2456 287 2480 Nulla
304 2458 447 2482 calamitas
467 2459 538 2483 sola.
858 2448 869 2458 ⁸

170 2506 218 2538 35)
237 2507 301 2532 Alia
318 2521 352 2525 —
370 2508 485 2540 gemitu]
504 2509 532 2532 hi
550 2508 602 2532 duo
628 2513 730 2531 versus
753 2506 781 2529 in
799 2506 849 2531 Ed.
869 2505 983 2529 Bai-nes.
1006 2504 1133 2528 disiuncti

204 2541 269 2565 sunt
290 2542 318 2566 in
337 2543 387 2566 hos
407 2545 539 2573 quatuor:

289 2576 354 2600 Alia
371 2578 404 2601 ab
422 2577 486 2600 aliis

287 2611 361 2635 Mala
377 2611 457 2635 malis
474 2611 612 2642 incidunt,

203 2644 256 2667 69⁰
291 2645 385 2675 Neque
404 2651 520 2675 unquam
538 2647 643 2676 absque
662 2645 752 2673 luctu,

291 2680 403 2709 Absque
421 2680 538 2710 gemitu,

618 87 695 124 LV.
748 87 961 123 INTERPP-
968 87 1153 128 ETATIO

1182 87 1408 122 HECUBAE
1435 86 1686 122 EURIPIDIS.
2103 86 2125 120 3
2133 85 2179 120 14

1183 172 1257 208 705
1284 174 1381 208 Atris
1401 174 1464 208 alis
1483 186 1588 220 quam
1616 172 1760 218 adspexi

1233 225 1288 258 De
1308 232 1361 265 te,
1389 238 1408 258 0
1427 226 1495 266 fili,
1522 238 1595 258 non
1615 238 1689 257 am-

1234 277 1328 320 plius
1346 276 1516 310 existente
1534 276 1628 310 Iovis
1646 276 1682 308 in
1701 276 1788 308 luce.

1237 329 1335 361 Ghor.
1361 327 1536 371 Quisnam
1555 328 1669 371 ipsum
1688 325 1882 364 interfecit,
1910 331 2058 368 potesne
2076 329 2113 356 tu
2130 322 2183 354 in-

1599 378 1760 421 telligens
1779 376 1917 410 somnia
1936 373 2079 409 dicere?

1561 459 1727 508 [Strophe
1756 459 1810 507 4.]

1185 531 1259 564 710
1284 532 1365 564 Hec.
1393 529 1495 562 Meus
1512 526 1641 573 hospes
1656 526 1843 561 Threicius
1860 539 1978 572 eques,

1235 582 1308 614 Ubi
1327 593 1432 615 senex
1448 586 1550 625 pater
1566 579 1731 624 deposuit
1748 579 1849 611 illum
1869 579 2048 612 occultans
2057 577 2118 622 ³⁶).

1237 634 1334 668 chor.
1362 632 1442 666 Heu
1465 629 1572 664 mihi!
1608 631 1695 676 quid
1718 629 1870 663 narras?
1911 641 2037 662 aurum
2062 635 2102 662 ut
2123 627 2187 661 ha-

1591 683 1703 722 beret,
1720 688 1910 726 postquam
1930 679 2186 713 interfecisset?

1236 737 1316 769 Hec.
1343 734 1515 774 Infanda,
1554 734 1762 767 detestanda
1787 733 1879 766 ultra
1907 743 2051 765 omnem
2074 730 2187 763 admi-

1604 785 1781 817 rationem
1794 810 1803 823 ,

1187 836 1261 872 715
1288 838 1371 872 Non
1388 837 1445 882 pia
1465 849 1582 882 neque
1599 836 1818 872 tolleranda;
1835 834 1895 868 ubi
1912 836 1965 868 ius
1980 831 2187 877 hospitum?

1562 920 1726 969 [Strophe
1754 918 1811 967 5,]

1237 990 1294 1024 Ah
1312 991 1479 1025 scelerate
1496 989 1571 1029 vir,
1592 1001 1699 1034 quam
1719 987 1861 1020 laniasti

1239 1043 1378 1086 Corpus
1393 1042 1509 1074 ferreo
1524 1052 1646 1074 secans
1667 1051 1749 1073 ense
1762 1065 1771 1079 ,

1189 1093 1263 1130 720
1290 1093 1454 1126 Membra
1471 1090 1578 1125 huius
1595 1091 1717 1135 pueri,
1745 1101 1860 1134 neque
1878 1088 2044 1121 misertus
2064 1086 2172 1132 esl37)

1239 1147 1336 1180 Chor.
1365 1144 1397 1178 O
1423 1143 1564 1182 infelix,
1608 1154 1715 1187 quam
1739 1148 1772 1174 te
1795 1139 2062 1174 afflictissimam
2092 1150 2190 1171 mor-

1614 1193 1740 1227 talium

1239 1247 1406 1280 Daemon
1425 1247 1545 1291 posuit
1557 1273 1566 1286 ‚
1596 1245 1800 1291 quicunque
1818 1249 1869 1276 est
1887 1241 1952 1274 tibi
1968 1241 2138 1275 infensus.

1241 1299 1329 1338 Sed,
1357 1299 1463 1331 video
1481 1298 1576 1331 enim
1595 1297 1707 1341 ipsius
1723 1294 1862 1328 domini
1879 1305 2008 1337 corpus

1190 1348 1264 1386 725
1291 1349 1593 1395 Agamemnonis,
1621 1345 1770 1392 posthac
1787 1352 1981 1384 taceamus,
2005 1356 2025 1376 o
2043 1343 2190 1376 amicae.

1400 1432 1739 1481 [Ayamemnon‚
1767 1425 1979 1475 Hecuba]

1196 1516 1199 1520 ·
1238 1504 1360 1547 Ayam.
1388 1501 1422 1535 Ο
1440 1501 1605 1540 Hecuba,
1638 1499 1724 1545 quid
1752 1497 1930 1531 cunctaris
1953 1496 2064 1529 filiam
2090 1502 2189 1529 tuam

1605 1548 1782 1584 occultare
1800 1546 1990 1594 sepulchro

1241 1605 1398 1638 Veniens
1410 1631 1418 1644 ,
1441 1605 1531 1638 sicut
1548 1600 1764 1647 Talthybius
1779 1600 1961 1635 nuntiavit
1977 1596 2068 1632 mihi
2079 1623 2088 1637 ‚

1240 1658 1294 1692 Ne
1313 1658 1501 1701 attingeret
1520 1662 1618 1689 tuam
1641 1654 1832 1699 quisquam
1850 1651 2069 1696 Argivorum
2093 1648 2193 1692 puel-

1605 1704 1702 1738 lam?

1242 1760 1317 1794 Nos
1336 1759 1460 1804 utique
1475 1758 1645 1797 sinimus,
1673 1768 1790 1801 neque
1807 1753 2032 1798 attingimus;

1191 1813 1266 1847 730
1295 1811 1353 1844 Tu
1368 1822 1454 1843 vero
1473 1809 1586 1843 otiosa
1606 1821 1658 1848 es,
1686 1814 1726 1840 ut
1742 1807 1852 1840 mirer
1867 1805 2045 1851 equidem.

1240 1862 1356 1895 Venio
1370 1873 1456 1894 vero
1475 1871 1655 1894 accersens
1671 1865 1717 1893 te.
1758 1858 1860 1903 Quae
1879 1857 1951 1889 illic
1969 1855 2077 1895 enim,
2100 1854 2190 1887 hene

1242 1915 1330 1947 Acta
1348 1919 1449 1953 sunt,
1477 1913 1505 1946 si
1522 1912 1607 1958 quid
1625 1917 1746 1943 tamen
1763 1908 1894 1943 horum
1914 1914 1965 1941 est
1978 1908 2082 1939 bene.

1241 1966 1331 1999 Hem
1344 1992 1354 2005 ,
1382 1977 1489 2010 quem
1506 1964 1624 1996 virum
1642 1960 1738 1995 hunc
1753 1961 1791 1994 in
1806 1958 2045 1993 tabernaculis
2062 1956 2166 1990 video

1241 2017 1428 2050 Mortuum
1456 2028 1497 2049 ex
1513 2012 1706 2048 Troianis?
1740 2025 1813 2046 non
1837 2011 1931 2045 enim
1957 2010 2191 2046 Graecorum,

1609 2070 1723 2099 vestes

1225 2202 1273 2234 36)
1293 2203 1360 2227 Hec.
1379 2204 1457 2227 Meus
1470 2215 1504 2219 —
1518 2200 1686 2229 occultans]
1706 2199 1733 2223 hi
1752 2205 1857 2230 quoque
1874 2197 1892 2222 2
1904 2203 1944 2221 νε.
1964 2195 1992 2220 in
2010 2195 2059 2219 Ed.
2073 2194 2190 2220 Bai-nes,

1258 2238 1287 2261 iu
1306 2239 1424 2267 quatuor
1443 2239 1507 2260 suut
1526 2236 1654 2259 disiuncti
1674 2235 1729 2258 sic:

1344 2273 1412 2296 Hec.
1431 2272 1510 2294 Meus
1530 2271 1631 2300 hospes

1258 2306 1309 2330 710
1344 2306 1488 2329 Threicius
1508 2311 1608 2335 eques,

1344 2341 1394 2364 Ubi
1415 2346 1501 2362 senex
1522 2341 1601 2369 pater

1345 2374 1477 2404 Deposuit
1496 2374 1573 2397 fflum
1593 2373 1745 2397 occultans.

1222 2433 1269 2465 37)
1290 2435 1332 2458 Ah
1349 2434 1486 2457 scelerate
1504 2446 1539 2450 —-
1557 2432 1688 2455 misertus
1708 2438 1739 2455 es
1749 2431 1771 2460 l]
1799 2430 1825 2454 hi
1850 2430 1867 2454 3
1887 2437 1929 2454 vs.
1954 2429 1982 2452 in
2006 2428 2056 2454 Ed.
2076 2428 2189 2451 Barnes.

1259 2469 1388 2492 disiuncti
1408 2470 1471 2491 sunt
1489 2468 1517 2490 in
1536 2467 1586 2490 hos
1606 2473 1669 2490 sex:

1339 2504 1379 2526 Ah
1400 2502 1536 2525 scelerate
1556 2500 1618 2532 vir,

1340 2537 1425 2565 Quam
1444 2535 1555 2559 laniasti

1339 2571 1465 2600 Corpus,
1487 2571 1579 2593 ferreo

1342 2607 1446 2629 Secans
1468 2611 1534 2628 ense

1254 2640 1305 2664 72⁰
1340 2640 1461 2662 Membra
1484 2639 1563 2661 huius
1584 2645 1635 2667 pn-

1343 2675 1398 2705 er5,
1418 2680 1508 2703 neque
1528 2675 1656 2697 misenus
1677 2674 1723 2696 es!
