2373 2980
213 122 287 159 395
776 118 897 152 PHIL.
934 117 1045 150 MEL.
1080 115 1283 149 SCRIPTA
1318 115 1654 150 PHILOLOGICA.
2161 119 2236 154 396

215 210 273 239 Ubi
297 209 424 246 deniqne
448 213 476 236 et
500 213 653 236 versuum
676 212 831 232 numerus
859 211 877 229 a
902 200 1017 229 sinistra
1039 201 1201 238 adscriptus
1223 206 1254 229 et
1274 199 1431 239 strophae
1453 199 1629 239 inscriptio
1652 200 1688 228 ad
1711 200 1838 229 medium
1859 210 1973 230 versum
1990 201 2158 230 Editionum
2172 203 2237 240 Xy-

214 252 309 280 laudr.
335 252 481 289 pertinet,
503 256 656 284 utrumque
679 247 791 283 signum
816 243 885 282 (*†)
910 245 989 279 voci,
1011 252 1028 270 a
1051 252 1107 280 qua
1130 249 1158 270 et
1183 252 1281 271 versus
1303 250 1333 272 et
1355 244 1475 281 strophe
1497 244 1524 270 in
1550 244 1603 272 Ed.
1627 244 1715 271 Barn.
1737 243 1864 279 orditur,
1892 245 2099 281 praesigemus.
2121 260 2163 266 --
2190 245 2238 273 Ex

212 295 287 320 notis
311 293 530 328 marginalibus,
559 298 632 326 quas
654 288 807 324 Xylander
838 287 958 323 singulis
990 286 1057 312 iocis
1080 285 1249 322 adscripsit,
1279 286 1307 313 in
1338 286 1392 313 hac
1422 286 1569 322 tragoedia
1593 291 1621 313 et
1645 286 1848 321 sequentibus,
1877 295 1926 314 eas
1949 287 2130 322 omittemus,
2161 296 2237 324 quae

212 335 283 362 nihil
305 335 453 363 continent
477 334 528 360 nisi
552 331 680 368 singulas
701 339 786 357 voces
802 338 818 357 e
834 334 916 356 textu
931 328 1082 365 repetitas
1099 343 1142 348 -—-
1162 327 1208 355 De
1222 329 1304 365 signo
1320 327 1372 367 („)
1388 328 1484 356 uiuitis
1508 327 1637 354 versibus
1651 327 1783 364 praefixo
1807 337 1894 366 supra
1915 338 1945 366 p.
1958 327 2021 358 293
2034 339 2076 366 sq,
2100 329 2235 358 diximus,

857 583 1168 622 EURIPIDIS
1203 583 1594 621 PHOENISSAE

750 660 972 691 PniLlrro
1004 659 1336 688 MELANTHONE
1375 660 1699 689 INTERPRETE.

310 761 391 793 Duo
426 765 507 793 sunt
535 756 717 802 praecipui
749 756 842 799 apud
870 755 1024 787 Graecos
1055 759 1194 795 tragoe-
1248 753 1333 786 dens
1358 753 1491 796 Argos,
1516 753 1616 786 duxit
1634 753 1741 785 filiam
1765 752 1856 796 regis
1873 753 2027 787 Adrasti.
2082 754 2236 798 Cupiens

208 815 287 848 diae
310 811 518 854 scriptores,
548 806 741 852 Sophocles
766 813 799 838 et
822 804 1032 848 Euripides,
1067 803 1194 848 quibus

208 860 466 906 Aristophanes
477 859 630 903 palmam
643 858 777 890 tribuit.
801 856 868 889 Sed
889 856 993 898 vulgo
1003 852 1194 898 Sophocles

209 916 385 950 iudicatur
415 910 603 955 grandium
641 909 824 953 aliquanto
854 906 966 950 magis
996 904 1194 938 rhetoricus

209 974 260 1001 est
277 963 476 1006 Euripides,
495 967 527 993 et
545 958 739 1004 plushabct
758 964 1066 990 ornamentorum.
1093 956 1193 988 Adeo

209 1017 335 1051 charus
366 1013 433 1046 suit
464 1011 629 1049 Graecis,
668 1016 706 1042 ut
738 1008 847 1041 Siculi
877 1008 1007 1040 multos
1036 1006 1195 1048 captivos

209 1065 409 1102 dimiserint
456 1068 665 1106 propterea,
706 1060 801 1104 quod
840 1058 976 1103 aliquas
1011 1055 1195 1100 Euripidis

209 1116 409 1162 tragoedi:·.s
431 1114 474 1146 ab
500 1113 582 1157 ipsis
611 1111 828 1149 didicerant,
860 1121 950 1154 quae
979 1114 1052 1140 tum
1075 1118 1194 1139 recen-

210 1178 260 1203 tes
302 1174 403 1201 erant
440 1165 476 1197 in
508 1163 669 1197 Graecia.
738 1160 874 1193 Eodem
909 1159 1003 1191 enim
1035 1164 1194 1201 tempore

208 1222 374 1254 vixerunt
396 1223 430 1250 et
452 1214 644 1258 Euripides
668 1218 702 1245 et
725 1209 977 1255 Sophocles¹),
1012 1209 1073 1254 qui
1104 1220 1195 1240 unus

210 1273 316 1306 etiam
347 1269 413 1302 suit
437 1279 476 1299 ex
501 1266 593 1305 istis,
629 1264 756 1309 quibus
789 1261 975 1294 commissa
1002 1266 1079 1292 erat
1111 1271 1194 1291 cura

209 1322 380 1356 exercitus
411 1319 578 1351 adversus
611 1315 759 1348 Siculos.
828 1313 944 1345 Porro
978 1309 1195 1344 Phoenissae

208 1385 340 1407 nomen
366 1369 500 1404 habent
525 1381 544 1401 a
565 1366 792 1404 mulieribus,
819 1375 909 1409 quac
933 1361 1081 1395 chorum
1111 1372 1197 1393 con-

209 1425 370 1459 stituunt.
431 1420 521 1454 Cum
554 1418 648 1451 enim
680 1415 861 1459 tragoedia
886 1414 929 1447 sit
958 1413 1076 1456 imago
1103 1412 1196 1444 vitae

210 1475 344 1509 aulicae
377 1484 439 1505 seu
462 1470 646 1514 politicae,
674 1465 784 1500 habet
816 1465 922 1498 etiam
948 1474 1118 1508 personas
1142 1473 1195 1494 re-

209 1527 304 1571 gias,
335 1522 513 1568 principes
540 1526 573 1552 et
597 1525 788 1563 tyrannos,
810 1515 940 1560 partim
966 1515 1092 1552 bonos,
1116 1524 1196 1556 par-

210 1578 273 1610 tim
298 1575 432 1610 malos;
456 1573 539 1604 item
563 1569 766 1607 ministros,
791 1579 854 1610 per
877 1578 965 1610 quos
986 1577 1042 1598 res
1067 1575 1196 1608 gerun-

210 1634 287 1662 tur:
328 1631 363 1658 et
384 1622 552 1660 chorum,
589 1619 650 1665 qui
678 1618 850 1663 populum
880 1616 1063 1659 significat.
1130 1613 1197 1645 Hic

207 1677 299 1712 nihil
331 1674 525 1708 admodum
552 1671 644 1714 agit,
676 1670 743 1702 nisi
773 1668 867 1713 quod
894 1666 1044 1710 imperio
1067 1664 1196 1708 princi-

209 1741 295 1774 pum
327 1725 514 1759 hincinde
541 1721 700 1765 rapitur,
732 1725 825 1752 recte
857 1718 948 1750 sacta
980 1717 1122 1753 laudat,
1153 1716 1196 1747 de

210 1778 350 1812 iniuriis
381 1773 631 1820 conqueritur,
668 1777 732 1803 etc.
806 1769 871 1801 Hic
907 1768 1014 1811 igitur
1047 1764 1194 1799 chorum

211 1827 394 1864 constituit
423 1839 463 1859 ex
491 1822 692 1857 Phoenissis
728 1820 956 1858 mulieribus,
987 1818 1069 1863 quia
1096 1817 1195 1862 Tyro

211 1887 333 1925 capta,
364 1877 491 1910 missae
516 1880 617 1908 erant
639 1873 745 1911 istae,
778 1877 817 1903 ut
840 1872 1061 1903 donarentur
1087 1868 1196 1911 Apol-

209 1932 276 1966 lini
307 1942 372 1975 pro
405 1933 506 1973 parta
537 1924 685 1957 victoria
717 1923 762 1955 ad
794 1919 986 1954 Thebanos
1024 1926 1194 1964 tanquam

211 1988 391 2026 cognatos.
444 1978 535 2012 Nam
554 1973 716 2008 Thebani
740 1985 757 2005 a
775 1970 979 2005 Phoenissis
997 1971 1066 2003 orti
1084 1975 1196 2008 erant,

211 2040 245 2067 et
270 2032 413 2078 quidem
435 2029 608 2062 Cadmum
634 2025 715 2057 inde
739 2024 955 2067 appellatum
981 2020 1196 2059 existimant,

211 2084 295 2130 quia
321 2081 426 2127 0772‘2)
447 2078 630 2112 Orientem
655 2073 877 2119 significatss).

520 2152 839 2195 Argumentum
854 2149 896 2189 ⁴).

326 2204 504 2244 Eteocles,
527 2208 669 2246 accepto
696 2212 804 2243 regno
829 2197 1034 2231 Thebarum
1049 2223 1057 2235 ,
1080 2196 1197 2239 privat

213 2263 314 2303 parte
346 2258 489 2289 fratrem
523 2266 624 2288 suum
652 2250 871 2295 Polyniceni.
932 2248 1021 2280 Exul
1059 2248 1114 2279 ille
1145 2259 1197 2279 ce-

252 2383 280 2414 l)
302 2380 450 2410 Sophocles
469 2379 542 2402 circa.
560 2378 601 2401 01.
619 2377 664 2404 70,
683 2378 706 2400 4.
729 2374 816 2405 (496.)
837 2375 933 2401 natus,
954 2372 995 2395 01.
1010 2371 1090 2396 9:22.
1112 2370 1198 2400 (406)

285 2418 408 2440 mortuus
429 2416 488 2441 est3
505 2412 649 2441 Euripides
670 2411 711 2433 ΟΙ.
732 2410 774 2437 75,
800 2411 821 2432 1.
843 2408 932 2436 (4250.)
952 2406 1041 2443 natus,
1063 2405 1103 2428 01.
1118 2405 1198 2443 913,3,

286 2449 373 2481 (405.)
395 2450 517 2471 mortuus
534 2448 592 2471 est,
613 2445 674 2467 vide
690 2443 866 2472 Bernhardy:
886 2440 1036 2464 Grundriss
1050 2439 1076 2462 d.
1091 2440 1197 2462 Gru-un.

285 2485 351 2508 Litt.
371 2483 400 2506 P.
416 2482 448 2504 ll.
469 2488 492 2510 ι).
506 2480 557 2503 7π3
570 2486 627 2508 sqq.
648 2478 699 2501 823
713 2484 771 2507 sqq.

250 2525 281 2556 2)
301 2525 379 2549 conf.
399 2520 509 2546 Gesenii
530 2521 651 2542 thesaur.
672 2525 693 2542 s,
714 2525 738 2541 v,
763 2517 840 2552 nfin-

251 2561 282 2590 3)
302 2560 376 2582 Haec
401 2555 535 2586 praefatio
553 2553 736 2576 Melantlionis
763 2553 788 2575 in
813 2551 883 2575 s'olis
908 2551 990 2574 Editt.
1012 2549 1102 2579 ¹558„
1125 2548 1197 2572 1562.

253 2593 388 2659 4)θὶῗίἶὲ
412 2622 513 2647 trifarii
535 2621 689 2650 argumenti
714 2622 786 2648 (curn
811 2619 941 2655 anneris)
966 2617 1121 2640 Melanthon
1146 2622 1198 2654 non

286 2662 403 2688 auctor,
430 2658 478 2681 sed
497 2657 633 2685 interpres
653 2656 704 2677 est.
730 2654 813 2677 Editt.
836 2654 925 2681 lixas,
953 2652 1025 2675 15fl2.
1051 2652 1136 2674 solani
1156 2657 1199 2672 in-

287 2692 512 2723 terpretationem
528 2691 638 2713 latinam
655 2688 791 2712 exhibent.
806 2688 853 2710 Ed,
867 2688 980 2710 Bai-110³.
992 2687 1081 2709 autem
1097 2685 1200 2708 textum

290 2734 419 2759 graecum
437 2733 495 2750 cum
515 2726 565 2748 hac
582 2722 808 2753 interpretatione
828 2721 946 2750 praebet.

1248 810 1366 836 autem
1391 805 1507 836 redire
1525 805 1561 836 in
1584 804 1735 848 patriam
1756 809 1789 835 et
1806 816 1975 846 persuaso
1994 817 2129 845 socero,
2153 817 2237 838 con-

1247 855 1407 898 gregavit
1436 867 1605 897 magnum
1638 853 1827 886 exercitum
1851 861 1972 887 contra
2004 856 2171 896 fratrem,
2202 862 2238 890 et

1247 906 1291 937 ad
1312 903 1454 938 Thebas
1478 906 1587 938 venit.
1638 905 1756 937 Mater
1782 905 1855 938 eius
1880 904 2012 939 Iocaste
2032 907 2114 940 fecit
2142 919 2236 948 eum,

1247 956 1346 988 sactis
1364 955 1534 996 induciis,
1556 957 1592 988 in
1609 957 1731 989 urbem
1752 956 1891 996 venire,
1917 963 1950 989 et
1968 957 2121 1002 colloqui
2137 957 2236 1001 prius

1248 1019 1325 1039 cum
1344 1007 1453 1039 fratre
1471 1008 1513 1040 de
1532 1007 1745 1051 principatu.
1794 1007 2018 1040 Terribiliter
2035 1021 2070 1041 se
2093 1015 2236 1051 gerente

1247 1056 1391 1090 Eteocle
1415 1064 1563 1102 propter
1580 1058 1828 1102 tyrannidem,
1851 1065 1965 1091 mater
1982 1057 2116 1092 Iocaste
2143 1059 2236 1092 filios

1247 1108 1477 1140 reconciliare
1493 1120 1566 1141 non
1583 1109 1711 1152 potuit.
1754 1109 1941 1153 Polynices
1961 1121 2045 1142 vero
2060 1115 2233 1155 tanquam

1248 1159 1292 1190 ad
1327 1170 1483 1201 pugnam
1514 1159 1724 1198 instructus,
1764 1159 1891 1192 deinde
1929 1160 2031 1192 cessit
2061 1172 2102 1193 ex
2134 1161 2234 1193 urbe.

1246 1208 1472 1242 Vaticinatur
1495 1209 1672 1249 Tiresias,
1698 1209 1883 1242 victoriam
1913 1210 2133 1253 propositam
2161 1222 2234 1244 esse

1248 1257 1448 1300 Thebanis,
1490 1260 1518 1293 si
1557 1260 1649 1293 filius
1678 1260 1841 1293 Creontis
1873 1260 2085 1294 Menoeceus
2125 1261 2236 1294 Marti

1248 1310 1515 1344 sacrificaretur.
1570 1311 1686 1344 Creon
1708 1323 1793 1344 vero
1815 1323 1850 1344 se
1867 1312 2033 1344 daturum
2058 1311 2169 1344 filium
2187 1311 2236 1345 ci-

1251 1361 1350 1393 vitati
1375 1361 1559 1395 infitiatur.
1611 1361 1751 1395 Iuvenis
1780 1368 1899 1395 tamen
1920 1362 2054 1403 voluit,
2078 1363 2234 1408 datoque

1249 1411 1299 1443 illi
1324 1412 1428 1444 exilio
1453 1424 1522 1445 una
1548 1425 1625 1445 cum
1645 1412 1804 1457 pecuniis
1825 1425 1844 1445 a
1867 1420 1966 1456 patre
1989 1419 2141 1446 mortem
2168 1413 2236 1447 sibi

1249 1463 1437 1502 conscivit,
1471 1470 1504 1495 et
1533 1464 1715 1507 negotium
1749 1464 1894 1506 peregit.
1954 1462 2039 1496 Inde
2069 1461 2235 1496 Thebani

1249 1514 1355 1546 duces
1383 1514 1599 1557 Argivorum
1633 1515 1897 1547 interfecerunt.
1955 1513 2115 1546 Eteocles
2148 1525 2234 1546 vero

1249 1570 1283 1596 et
1305 1564 1510 1608 Polynices,
1531 1564 1704 1607 singulari
1725 1564 1917 1596 certamine
1940 1563 2137 1607 congressi,
2161 1570 2236 1596 tru-

1249 1614 1414 1647 cidarunt
1450 1627 1486 1648 se
1527 1621 1663 1648 mutuo.
1731 1614 1847 1646 Mater
1885 1626 2008 1647 eorum
2049 1614 2236 1648 inveniens

1250 1671 1411 1698 mortuos
1432 1665 1543 1704 filios,
1567 1665 1633 1698 sibi
1657 1665 1723 1709 ipsi
1741 1670 1892 1698 mortem
1914 1665 2096 1698 conscivit.
2148 1664 2235 1698 Eius

1250 1721 1368 1748 autem
1400 1716 1510 1748 stater
1536 1716 1652 1749 Creon
1687 1728 1834 1760 regnum
1869 1716 2022 1759 accepit,
2057 1721 2091 1748 et
2110 1715 2235 1759 Argivi

1249 1767 1405 1810 superati
1430 1767 1466 1799 in
1492 1779 1629 1811 pugna,
1663 1772 1852 1800 cesserunt.
1914 1766 2030 1799 Creon
2059 1778 2162 1809 aegre
2185 1767 2236 1798 se-

1249 1829 1351 1857 rens,
1383 1830 1461 1857 eos,
1493 1818 1554 1862 qui
1577 1818 1750 1850 interfecti
1774 1818 1809 1849 in
1829 1817 1922 1849 bello
1955 1823 2031 1849 erat
2055 1817 2118 1850 sub
2144 1817 2235 1849 Cad-

1249 1880 1370 1907 maea,
1396 1868 1511 1901 noluit
1535 1870 1726 1901 concedere
1752 1870 1794 1900 ad
1820 1868 2059 1910 sepulturam;
2088 1867 2235 1912 Polyni-

1249 1931 1323 1951 cem
1349 1931 1433 1952 vero
1460 1918 1682 1952 inhumatum
1712 1918 1858 1957 abiecit,
1884 1925 1918 1951 et
1934 1918 2111 1962 Oedipum
2138 1917 2236 1951 misit

1249 1970 1284 2001 in
1300 1970 1441 2003 exilimn
1454 1996 1463 2009 ,
1483 1970 1518 2002 in
1541 1969 1716 2014 aliquibus
1733 1981 1878 2002 servans
1899 1967 2093 2001 humanam
2109 1969 2234 2011 legem,

1249 2020 1285 2052 in
1311 2021 1487 2065 aliquibus
1515 2020 1602 2052 irani
1628 2032 1797 2065 sequens,
1832 2031 1905 2051 non
1929 2019 2114 2052 miseratus
2142 2019 2234 2051 cala-

1250 2072 1408 2104 mitatem
1434 2083 1569 2104 eorum.

1649 2162 1782 2195 Aliud
1799 2162 1842 2208 ⁵).

1364 2239 1492 2271 Plenae
1524 2244 1604 2270 sunt
1638 2238 1824 2269 affectuum
1856 2234 2072 2268 Phoenissae
2104 2235 2139 2268 in
2168 2233 2234 2268 hac

1252 2290 1447 2333 tragoedia.
1501 2288 1665 2321 Mortuus
1687 2294 1737 2320 est
1760 2288 1850 2320 silius
1872 2286 2034 2319 Creontis
2061 2299 2124 2329 pro
2150 2286 2234 2318 civi-

1252 2348 1340 2379 tate;
1383 2340 1514 2372 mortni
1548 2346 1630 2372 sunt
1668 2346 1701 2371 ct
1741 2339 1867 2370 fratres
1899 2339 1970 2369 duo
2001 2343 2124 2369 mutua
2158 2348 2235 2368 cae-

1251 2393 1313 2430 dc;
1351 2397 1383 2423 et
1418 2397 1529 2422 mater
1561 2402 1684 2422 eorum
1709 2388 1879 2434 Iocastess)
1912 2401 1947 2421 se
1981 2388 2092 2431 ipsam
2127 2387 2235 2419 inter·
2272 2419 2274 2421 .

1250 2443 1331 2475 fecit
1354 2443 1445 2473 inter
1471 2442 1578 2478 filios;
1614 2447 1647 2473 et
1674 2441 1778 2473 duces
1803 2439 1945 2483 Argivi,
1978 2438 2039 2483 qui
2069 2439 2115 2470 ad
2141 2436 2235 2470 The-

1285 2594 1315 2625 5)
1343 2594 1415 2616 Haec
1444 2592 1586 2621 inscriptio
1617 2591 1700 2615 Editt,
1728 2590 1818 2619 1558,
1851 2589 1924 2612 1562.
1955 2587 2080 2617 exprimit
2108 2592 2235 2625 graecam

1322 2625 1377 2650 Καὶ
1402 2624 1504 2654 ἄλλως,
1529 2631 1598 2655 qnae
1623 2626 1648 2647 in
1676 2625 1768 2653 Eurip.
1789 2623 1836 2647 Ed.
1858 2623 1939 2647 Basil.
1962 2624 2036 2647 1551.
2062 2623 2179 2653 legitur3
2207 2627 2235 2644 m

1322 2662 1370 2686 Ed.
1391 2662 1505 2685 Barues.
1525 2662 1638 2688 utraque
1658 2658 1799 2688 inscriptio
1819 2658 1905 2680 deest.

1287 2713 1317 2744 G)
1337 2714 1456 2740 locuste]
1476 2712 1517 2735 sic
1536 2712 1583 2735 Ed.
1604 2711 1694 2741 ¹558.;
1715 2710 1797 2735 Editt.
1818 2709 1909 2739 1562,
1927 2709 2006 2732 Bai-n.
2027 2708 2139 2731 locasta.
