2373 2980
189 89 263 124 925

246 174 297 206 To
317 169 426 208 mori,
454 167 512 201 scd
531 163 686 197 moriens
704 161 842 195 iuvabis
860 161 987 193 fratres
1004 166 1094 193 tuos.

247 226 340 259 Blae.
364 218 548 263 Sapienter
563 215 675 248 iubes:
696 225 740 246 ne
758 219 893 246 metuas
909 211 1087 256 particeps
1105 210 1181 243 fieri

249 276 330 308 Meo
351 269 527 316 periculo;
557 267 616 300 sed
633 271 759 308 sponte
777 264 926 297 morior.

199 328 272 363 560
299 321 473 368 Smpwrefl,
499 329 622 355 senex,
649 316 684 348 in
711 315 779 348 tuis
796 315 960 348 manibus
977 314 1058 347 volo
1077 312 1181 345 morl.

250 379 420 410 Praesens
433 376 552 415 postea
566 375 641 410 tege
653 379 769 399 meum
780 378 908 410 corpus
918 365 1005 399 meis
1016 364 1182 398 vestibus.

250 428 350 460 Vndo
369 423 462 456 enim
479 422 523 454 ad
542 418 779 452 miserabilem
799 429 934 457 necem,

251 479 284 512 Si
305 476 448 522 quidem
476 477 559 505 nata
587 468 721 514 sum'ffl)
747 481 787 502 ex
813 469 874 501 illo
896 474 1022 512 patre,
1054 479 1094 499 ex
1113 478 1183 511 quo

611 520 758 564 glorior.

251 581 308 615 101.
329 578 411 612 Non
429 586 571 619 possum
589 573 708 605 adesse
726 578 806 604 tuae
824 570 913 603 neci.

202 631 274 668 565
301 631 394 665 DIac.
420 627 486 660 Sed
505 624 657 658 concede
674 621 761 662 hoc,
785 634 829 654 ne
851 619 1009 654 exhalem
1028 618 1184 651 animam

252 683 291 716 ln
311 681 471 714 xirorum
488 675 664 713 manibus,
680 674 740 707 sed
758 673 794 705 in
812 672 975 705 manibus
986 670 1185 703 mulierum.

252 735 313 769 101.
337 731 386 764 Ita
402 731 483 768 fiat,
509 740 529 760 o
548 726 676 759 misera
695 724 891 767 virginum,
917 722 999 767 quia

253 783 344 818 Mihi
365 780 432 814 hoc
455 785 543 813 esset
568 784 689 820 turpe,
719 782 750 807 te
769 780 947 807 mortuam
967 784 1040 805 non
1059 782 1187 804 ornare

614 825 760 872 pulchre

257 889 408 930 Propter
426 881 549 919 multa,
567 885 600 911 et
618 884 761 922 propter
776 874 1059 918 magnitudinem
1079 872 1186 906 animi
1215 896 1217 932 Ξ

617 936 688 967 tui,

207 991 280 1026 570
306 987 351 1020 Et
368 982 555 1018 iustitiam3
582 978 817 1012 miserrimam
835 982 951 1009 autem
970 982 1002 1008 te

259 1037 430 1074 Omnium
449 1032 637 1066 mulierum
657 1029 730 1061 vidi
750 1027 860 1061 oculis
875 1027 974 1059 meis.

260 1091 326 1125 Sed
345 1088 372 1122 si
389 1086 461 1124 vis,
482 1081 548 1116 hos
566 1082 734 1126 procede:
761 1091 880 1112 senem

259 1141 326 1176 Abi
345 1144 524 1184 postremo
548 1130 832 1176 allocutum⁴¹⁰³).

261 1195 353 1228 Blae.
379 1188 412 1222 O
431 1187 507 1220 vale
520 1212 528 1225 ,
551 1196 675 1221 senex,
701 1182 778 1215 vale
800 1188 833 1213 et
850 1181 935 1213 doce

213 1243 286 1280 575
313 1242 413 1276 Meos
428 1239 573 1275 fratres,
598 1241 637 1268 ut
651 1235 736 1266 fiant
754 1234 797 1265 ad
815 1231 935 1264 omnia
953 1241 1033 1262 vere
1050 1226 1170 1260 idonei

264 1296 360 1330 Sicut
381 1299 439 1331 tu,
463 1287 553 1322 nihil
579 1286 750 1329 411nplius3
775 1289 878 1316 erum
903 1281 996 1314 enim
1014 1279 1096 1313 satis
1114 1290 1195 1323 pro-

625 1336 720 1376 bati,

264 1397 310 1431 Et
327 1405 444 1430 serves
461 1404 538 1430 eos,
561 1388 652 1423 habe
668 1387 844 1420 rationem
863 1391 943 1417 tuae
960 1382 1065 1414 vitae.

265 1448 336 1482 Tui
351 1445 451 1491 pueri
471 1454 610 1480 sumus,
635 1439 704 1472 tuis
721 1437 886 1470 manibus
905 1433 980 1467 aliti
997 1443 1129 1466 sumus.

217 1500 291 1535 580
315 1498 422 1531 Vides
440 1495 533 1528 enim
557 1504 612 1526 me
624 1518 633 1531 ,
659 1501 749 1535 quae
765 1486 784 1504 ᾖ
801 1489 847 1520 do
864 1497 981 1518 meam
999 1483 1197 1516 adolescen-
1224 1479 1226 1491 ⁴

627 1541 713 1574 tiam
734 1551 799 1584 pro
816 1537 889 1571 istis
907 1535 1031 1569 morti:

268 1601 314 1635 Et
332 1611 414 1639 vos,
437 1602 556 1630 coetus
577 1595 727 1626 fratrum
747 1600 925 1634 praesens,

270 1652 351 1687 Sitis
365 1649 479 1688 beati,
498 1653 531 1680 et
550 1644 758 1686 contingant
774 1640 874 1673 vobis
890 1639 948 1671 illa
959 1665 967 1678 ,
992 1649 1058 1682 pro
1076 1635 1202 1681 quibus

631 1706 695 1739 ego
714 1691 918 1726 interficior.

270 1754 317 1787 Et
332 1751 507 1786 honorate
524 1759 644 1782 senem
658 1772 666 1786 ‚
694 1751 727 1778 et
746 1755 853 1777 anum
871 1742 908 1774 in
925 1742 1044 1777 domo,

222 1804 295 1841 585
319 1805 364 1838 Et
377 1809 528 1836 matrem
545 1799 749 1832 Alcmenam
768 1794 879 1839 patris
895 1791 977 1831 mei,

275 1857 319 1891 Et
349 1854 414 1889 hos
436 1851 604 1896 hospites.
666 1847 772 1892 Quod
799 1846 827 1878 si
856 1843 993 1877 fueritis
1019 1837 1160 1872 liberati
1187 1849 1203 1868 a

635 1899 749 1936 mulis,

276 1959 319 1991 Et
335 1955 441 1990 fuerit
459 1954 559 1987 vobis
574 1951 707 1984 reditus
726 1961 743 1981 a
760 1947 847 1985 Diis,

277 2006 509 2045 Meministis,
544 2004 636 2049 quod
670 1998 857 2034 conveniat
888 2008 949 2028 vos
981 1991 1206 2026 servatricem

639 2058 790 2086 vestram
808 2047 955 2082 honeste
973 2043 1138 2088 sepelire:

279 2109 466 2154 Magnifice
486 2112 578 2140 certe
595 2115 747 2149 aequum
766 2107 832 2137 est3
855 2110 928 2131 non
947 2096 1041 2130 enim
1059 2094 1153 2127 defui

231 2163 303 2199 590
326 2160 456 2200 Vobis,
480 2159 540 2192 sed
556 2162 696 2189 mortua
714 2166 790 2187 sum
808 2163 874 2196 pro
892 2161 971 2182 meo
988 2158 1125 2191 genere.

281 2214 328 2248 Et
342 2213 402 2246 illa
420 2212 496 2244 laus
513 2208 579 2241 erit
596 2204 684 2240 mibi
700 2207 973 2237 monumentum
990 2210 1055 2242 pro
1074 2195 1194 2229 liberis

282 2265 327 2299 Et
340 2275 418 2297 mea
436 2259 639 2304 virginitate
651 2284 660 2298 ,
683 2256 711 2290 si
729 2255 871 2301 quidem
888 2252 951 2285 sub
966 2257 1061 2282 terra

282 2314 375 2349 Mihi
391 2312 481 2347 nihil
499 2311 565 2344 erit
579 2309 771 2354 reliquum.
827 2304 947 2345 „Nam
965 2302 991 2335 si
1010 2307 1043 2333 et
1063 2299 1139 2333 istic

288 2364 483 2408 „Habituri
503 2373 623 2397 sumus
632 2360 678 2406 4¹)
698 2370 799 2392 curas
818 2361 898 2401 post
912 2359 1080 2391 mortem,

273 2500 320 2527 40)
340 2500 403 2522 nata
423 2495 492 2527 sum]
512 2495 551 2518 sic
571 2494 617 2525 (=
635 2493 726 2522 Eurip.
745 2489 872 2523 πέφυκα)
894 2488 976 2513 Editt.
997 2488 1116 2511 recent.:
1136 2484 1219 2508 Editt.

309 2534 400 2557 1555..
422 2531 494 2555 1562.
515 2530 585 2552 mala
603 2534 670 2551 sum.

273 2577 338 2604 403.)
359 2575 412 2599 Sed
431 2575 455 2597 si
475 2574 561 2596 vis—
574 2570 744 2596 allocutun1.l
767 2568 806 2590 sic
825 2566 908 2591 Editt.
929 2565 1013 2593 1558,
1036 2563 1125 2591 1562.;
1146 2562 1220 2586 Fix.:

311 2610 364 2634 Sed
385 2609 409 2632 si
428 2608 489 2638 quid
510 2606 579 2629 velis
599 2606 680 2628 hosce
701 2606 726 2626 et
747 2608 838 2625 senem
857 2600 1038 2630 compellare,
1058 2598 1108 2623 lto,
1129 2596 1221 2620 ultimo

311 2643 430 2674 alloquio
448 2640 625 2671 compellans.

279 2689 326 2716 41)
346 2684 450 2716 sumus]
473 2684 520 2707 Ed.
543 2681 616 2706 1562.
637 2680 732 2704 mendo
752 2681 879 2709 typogr.:
899 2682 998 2700 sumas.

764 74 884 108 PHlL.
920 73 1031 108 MEL.
1067 72 1269 108 SCRIPTA
1301 68 1635 106 PHILOLOGICA.

2144 68 2219 105 924

1233 156 1307 193 595
1331 157 1435 199 „Non
1452 156 1523 190 scio
1535 182 1543 195 ,
1570 165 1641 200 quo
1659 152 1786 198 aliquis
1802 159 1971 187 vertatur.
2005 153 2102 187 Mors
2123 154 2217 188 enim

1653 215 1730 248 ipsa

1516 256 1711 289 multorum
1759 255 1996 289 maximorum
2042 256 2219 290 malorum

1648 306 1859 340 remedium.

1288 363 1347 395 Iol.
1383 361 1449 393 Sed
1470 372 1489 391 o
1509 358 1661 391 maxime
1688 357 1858 391 excellens
1882 364 2029 401 propter
2045 358 2221 402 magnitu-

1649 409 1768 441 dinem
1787 409 1912 448 animi,

1289 462 1383 496 Scito
1421 468 1453 494 te
1490 473 1562 494 esse
1597 458 1910 493 honoratissimam
1949 460 2110 493 omnium
2147 473 2221 493 mu-

1651 511 1793 550 lierum,

1290 563 1333 596 Et
1354 563 1470 595 vix-:un
1489 567 1522 593 et
1540 566 1720 595 mortuam
1739 563 1814 595 fore
1831 562 1945 595 nobis.

1241 616 1314 648 600
1343 615 1411 647 Sed
1429 613 1521 649 vale;
1551 623 1676 645 vereor
1695 613 1788 645 enim
1807 614 1946 646 laedere
1964 612 2080 646 verbis
2097 612 2224 653 Deam,

1292 665 1357 699 Cui
1374 671 1474 698 tuum
1491 675 1618 707 corpus
1636 663 1816 697 initiatum
1833 671 1902 704 est,
1926 664 2063 697 Cereris
2077 664 2198 698 filiam.

1290 717 1322 751 O
1343 716 1426 755 filii,
1452 714 1627 760 perimus:
1653 721 1863 759 merguntur
1883 716 2044 748 membra

1294 768 1425 801 Dolore
1437 793 1446 807 ,
1473 763 1681 811 prehendite
1699 772 1732 799 et
1749 767 1919 799 collocate
1937 778 1992 799 me
2009 766 2046 798 in
2062 767 2193 806 sedem,

1294 820 1366 852 Hac
1385 824 1479 851 veste
1496 817 1545 849 ibi
1562 823 1736 860 tegentes,
1765 830 1785 851 o
1803 817 1878 857 filii,

1243 870 1316 905 605
1358 868 1540 914 Quoniam
1570 880 1686 913 neque
1721 866 1775 902 his
1808 869 1964 902 delector
1976 894 1985 908 ‚
2017 879 2109 913 quae
2134 868 2225 900 facta

1654 926 1748 959 sunt,

1295 972 1338 1004 Et
1363 978 1482 1004 tamen
1509 970 1652 1004 oraculo
1677 983 1748 1003 non
1775 970 1929 1014 perfecto
1954 981 2028 1002 non
2055 969 2228 1014 potuisse-

1651 1034 1729 1055 mus
1746 1033 1878 1061 Vivere,

1297 1073 1389 1118 Quia
1409 1070 1524 1104 maius
1540 1071 1673 1104 malum
1691 1072 1889 1110 accidisset;
1905 1078 2025 1104 tamen
2034 1069 2103 1104 hoc
2120 1071 2227 1104 etiam

1659 1129 1710 1156 est
1727 1123 1985 1156 calamitosum.

1300 1175 1395 1209 Cher.
1421 1172 1541 1212 „Dico
1556 1173 1736 1206 neminem
1754 1174 1828 1206 sine
1844 1172 1921 1206 Diis
1936 1173 2078 1206 beatum
2096 1173 2184 1213 fieri,

1299 1225 1451 1268 „Neque
1469 1225 1575 1256 etiam
1593 1224 1773 1258 miserum.

1251 1277 1324 1310 610
1347 1275 1501 1320 „Reque
1519 1287 1676 1320 unquam
1694 1276 1842 1308 eandem
1862 1276 2008 1308 domum
2026 1287 2166 1320 semper
2179 1274 2232 1308 uti

1302 1326 1533 1366 „Felicitate3
1557 1327 1668 1360 fatum
1691 1326 1778 1360 alias
1798 1326 1905 1359 alium
1927 1326 2052 1369 agitat:

1303 1378 1444 1418 „Modo
1460 1377 1578 1410 reddit
1594 1377 1757 1421 exiguum
1769 1404 1777 1416 ‚
1804 1378 2002 1410 detractum
2024 1378 2068 1409 ab
2084 1377 2169 1416 alto,

1303 1429 1443 1469 „Modo
1463 1440 1627 1460 erronem
1643 1428 1726 1460 facit
1743 1428 1886 1461 beatum
1897 1427 1955 1471 Μ).

1253 1478 1326 1514 615
1353 1479 1465 1519 „Non
1482 1485 1532 1512 est
1548 1479 1600 1512 fas
1613 1477 1753 1511 homini
1770 1478 1922 1521 effugere
1940 1477 2073 1516 fatum,
2097 1477 2175 1510 nul-

1306 1531 1367 1571 „la
1386 1530 1420 1563 id
1440 1529 1612 1574 sapientia
1632 1535 1749 1573 potest
1765 1529 1952 1573 depellere.

1306 1582 1404 1623 „Sed
1425 1582 1485 1626 qui
1504 1587 1653 1613 conatur
1672 1580 1841 1624 repellere
1860 1580 1986 1617 satum,

1307 1660 1327 1673 „
1339 1633 1484 1665 Frustra
1502 1637 1651 1665 conatur
1663 1657 1672 1671 ,
1696 1643 1835 1675 semper
1850 1631 2010 1663 laborem

1307 1711 1328 1724 „
1340 1683 1503 1716 Habebit.

1308 1736 1374 1768 Sed
1391 1741 1429 1767 tu
1445 1746 1517 1766 non
1536 1740 1634 1778 petas
1653 1745 1713 1773 ea,
1738 1744 1828 1778 quae
1846 1737 1927 1765 sunt
1945 1742 2051 1775 supra
2068 1729 2176 1769 Deos,

1259 1787 1333 1822 620
1354 1787 1476 1831 Neque
1493 1785 1644 1818 nimium
1663 1785 1794 1818 doleas.

1310 1837 1370 1870 llla
1392 1837 1517 1870 misera
1537 1836 1684 1870 sustinet
1706 1836 1837 1868 claram
1856 1840 2022 1872 mortem,

1312 1889 1382 1922 Pro
1416 1888 1584 1922 fratribus
1613 1893 1647 1920 et
1675 1899 1741 1931 pro
1772 1892 1866 1919 terra
1880 1912 1889 1925 ,
1939 1885 1995 1918 vel
2023 1895 2088 1928 pro
2121 1887 2242 1915 nostra

1680 1937 1833 1977 civitate,

1311 1991 1435 2035 Neque
1451 1990 1575 2034 exigua
1595 1989 1707 2033 gloria

1313 2041 1474 2085 Excipiet
1491 2054 1568 2074 eam
1588 2041 1631 2073 ab
1648 2038 1871 2073 hominibus:

1265 2092 1339 2128 625
1364 2092 1514 2133 „Virtus
1531 2092 1629 2125 vadit
1648 2103 1711 2136 per
1729 2091 1881 2124 labores.

1315 2143 1410 2177 Haec
1425 2144 1516 2177 facta
1534 2149 1617 2177 sunt
1633 2143 1738 2187 digna
1756 2148 1855 2186 patre
1873 2146 1907 2173 et
1922 2137 2102 2171 fratribus.

1318 2195 1353 2228 Si
1369 2196 1457 2228 bene
1473 2194 1580 2229 sentis
1598 2195 1640 2227 de
1659 2193 1809 2227 mortuis
1823 2190 1926 2225 bonis
1937 2216 1946 2229 ,
1969 2195 2084 2222 tecum
2102 2186 2227 2221 sentio.

1287 260 1465 301 „Videtur

1310 2270 1549 2319 [Famulus,
1577 2271 1740 2310 Iolaus,
1767 2269 1987 2306 Alcmene,
2018 2261 2211 2311 Chorus]

1320 2333 1411 2365 Fam.
1443 2329 1475 2362 O
1493 2329 1574 2369 filii,
1601 2329 1749 2367 salvete,
1775 2327 1836 2360 ubi
1855 2332 1906 2360 est
1921 2336 2027 2359 senex
2042 2322 2170 2363 Iolaus,

1321 2381 1368 2414 Et
1384 2387 1498 2413 mater
1513 2379 1697 2425 patris‘ffi),
1718 2380 1816 2412 abest
1833 2379 1875 2410 ab
1894 2376 1960 2410 hac
1977 2374 2081 2409 sede?

1320 2434 1379 2467 102.
1406 2431 1596 2471 Adsumus,
1613 2430 1725 2476 qualis
1745 2429 1859 2476 qualis
1877 2434 1928 2462 est
1942 2439 2020 2460 mea
2039 2422 2252 2470 praesentia.

1307 2559 1354 2589 42)
1380 2560 1411 2583 Η.
1432 2559 1450 2583 1.
1475 2558 1502 2581 in
1529 2558 1611 2582 Editt.
1639 2557 1732 2585 1558,
1762 2556 1834 2580 1562.
1865 2556 1929 2578 nota
1953 2559 2056 2583 marg.:
2089 2547 2255 2575 vicissitudo

1343 2600 1442 2618 rerum.

1309 2637 1355 2667 43)
1379 2634 1478 2667 patris]
1498 2636 1559 2658 huie
1578 2635 1638 2658 voci
1658 2634 1683 2658 in
1699 2640 1784 2664 marg.
1798 2633 1881 2656 Editt.
1898 2631 1983 2655 1558..
2001 2629 2074 2653 1562.
2093 2626 2258 2657 adscriptum

1345 2673 1387 2695 est
1405 2676 1517 2694 nomen:
1539 2669 1673 2694 Herculis·

2351 1415 2358 1440 ,Ὺ-
