2373 2980
102 56 201 91 1049
618 53 740 89 LXXI.

151 145 224 177 Ion.
255 141 392 187 Quibus
409 140 563 180 facibus,
591 146 651 173 aut
668 152 737 186 qua
756 140 900 174 flamina
918 141 1033 185 ignis?

103 192 200 229 1295
229 195 301 229 Cre.
329 191 418 225 Eras
437 203 663 235 possessurus
686 204 784 232 mea,
821 205 876 226 ine
901 192 1013 226 invita
1040 206 1096 226 oc-

510 254 655 286 cupans.

150 298 222 330 Ιοη.
250 294 357 328 Patre
374 294 589 327 concedente
607 300 761 334 terrain,
796 306 902 340 quam
927 295 1095 329 bellando

519 345 716 390 acquisivit.

151 398 224 432 Cre.
253 395 354 441 Quae
371 396 521 430 societas
535 396 637 429 Aeoli
657 396 806 440 posteris
823 408 902 430 cum
919 397 1006 431 urbe
1015 397 1096 432 Pal-

513 447 628 481 ludis?

148 501 220 532 lon.
249 497 368 532 Armis
388 510 464 531 eam
482 498 669 538 liberavit,
697 509 772 531 non
789 498 918 533 verbis.

151 552 225 585 Cre.
253 549 336 582 Fuit
354 549 564 590 auxiliator,
592 562 665 583 non
684 556 803 582 tamen
822 562 1003 594 possessor
1013 550 1071 598 ²⁴).

100 599 198 635 1300
226 603 299 634 Ion.
328 599 424 645 Ergo
445 601 605 635 occidisti
621 613 676 634 me
695 607 793 634 metu
808 601 946 636 futuri?

150 654 224 687 Cre.
251 651 304 685 Ne
322 664 500 693 morerer,
529 652 557 686 si
577 659 615 686 tu
631 664 705 686 non
722 653 923 686 morereris.

148 706 222 737 Ion.
250 701 410 743 lux-ides,
437 705 533 750 quod
555 710 656 749 pater
681 704 819 737 invenit
841 716 916 744 me,
952 716 1030 737 cum
1057 710 1094 737 tu

508 768 627 790 careas
643 754 789 788 liberis?

149 807 222 840 Cre.
250 805 308 840 Tu
327 818 409 850 ergo
433 819 579 847 eorum,
606 806 668 852 qui
691 812 812 839 carent
833 804 973 844 liberis,
1009 804 1093 837 diri-

511 858 585 903 pies
607 855 890 891 haereditatem?

146 909 219 941 lon.
256 908 368 943 Nobis
399 921 519 942 nonne
552 915 628 942 erat
658 921 741 953 pars
768 914 940 953 paternae
968 904 1092 939 haere-

521 959 666 993 ditatis?

99 1008 196 1043 1305
225 1012 298 1045 Cre.
335 1010 519 1056 Quantum
549 1017 600 1045 est
622 1011 765 1056 clypeus
789 1016 821 1042 et
844 1007 966 1050 hasta,
1008 1008 1093 1042 haec

510 1070 561 1096 est
580 1069 639 1096 tua
654 1061 841 1106 possessio.

146 1113 218 1145 Ion.
248 1111 425 1158 Relinque
443 1125 541 1146 aram
556 1140 564 1153 ,
591 1120 624 1146 et
641 1114 787 1146 numine
804 1113 926 1157 plenas
944 1113 1054 1146 sedes.

147 1165 222 1197 Cre.
250 1162 402 1198 Erudias
421 1170 519 1197 tuam
539 1171 709 1204 matrem,
739 1164 942 1209 ubicunque
959 1171 1021 1197 est.

145 1216 218 1248 Ion.
255 1214 349 1248 Num
387 1222 424 1249 tu
459 1228 532 1248 non
569 1216 669 1249 dabis
705 1228 857 1260 poenam
895 1227 950 1248 me
986 1215 1093 1247 inter-

510 1267 656 1301 ficiens?

259 1316 295 1350 Si
322 1316 466 1362 quidem
495 1317 589 1351 intra
620 1320 726 1363 adyta
763 1319 858 1352 voles
895 1330 950 1350 me
986 1317 1093 1350 inter·

505 1369 619 1403 ficere.

98 1417 194 1451 1310
220 1419 293 1451 Ion.
323 1417 424 1463 Quae
443 1419 607 1464 voluptas
623 1420 687 1453 tibi
704 1426 755 1453 est
772 1422 816 1452 ad
836 1432 936 1452 aram
958 1418 1076 1452 mori?

146 1471 219 1504 Cre.
246 1469 409 1504 Afficiam
427 1470 564 1511 dolore,
592 1483 611 1503 a
630 1484 701 1516 quo
721 1472 845 1504 dolore
862 1471 986 1505 affecta
1003 1484 1092 1504 suni.

144 1523 217 1554 Ion.
245 1518 360 1553 Proli!

1123 169 1126 194 l

148 1318 222 1351 Cre.

507 1586 581 1606 non
599 1580 693 1607 recte
712 1575 806 1618 leges

146 1622 302 1662 „Posuit
318 1622 414 1657 Dens
433 1636 549 1670 neque
566 1625 756 1669 sapienter.

146 1673 334 1713 „iniustos
364 1675 457 1707 eniin
493 1677 538 1708 ad
570 1688 668 1709 aram
702 1689 775 1709 non
808 1680 929 1710 sedere
966 1689 1092 1710 conve‘
1119 1695 1120 1719 3

503 1727 624 1760 niebat
636 1754 644 1767 ,

97 1774 193 1809 1315
228 1777 326 1815 „Sed
352 1778 481 1821 depelli
506 1778 606 1816 incle;
642 1790 756 1822 neque
783 1778 876 1810 enini
905 1777 1091 1812 honestum
1119 1787 1121 1820 ζ

508 1836 559 1862 est
577 1829 759 1862 attrectari

127 1986 175 2012 24)
195 1985 259 2008 Cre.
279 1982 418 2006 Interdico
438 1993 471 1998 —
489 1988 647 2012 possessor.
668 1985 722 2011 (vs.
742 1983 965 2014 ἠδὲ-1299)]
986 1984 1028 2007 sic
1043 1986 1092 2010 Ed.
1118 2020 1119 2027 ἵ

164 2018 255 2045 1562.;
282 2017 331 2040 Ed.
353 2017 440 2039 1553:

198 2053 261 2076 Cre.
280 2051 434 2079 Interdico,
463 2052 490 2073 te
509 2057 562 2073 non
581 2051 739 2074 interficere
759 2057 808 2074 ine.

198 2087 231 2109 Et
251 2091 299 2115 pro
319 2091 360 2108 ine
379 2085 456 2113 ipsa,
486 2087 513 2107 et
532 2085 604 2111 Deo,
631 2086 675 2107 uhi
695 2088 810 2108 stamus.

198 2121 258 2144 lon.
279 2120 348 2149 Quid
370 2121 414 2142 est
434 2119 540 2142 Phoebo
561 2119 664 2148 tibique
682 2125 824 2142 commune
843 2117 982 2144 invicem?

196 2156 260 2179 Cre.
280 2156 394 2177 Sacrum
415 2154 463 2176 hoc
482 2159 581 2181 corpus
601 2154 657 2176 Deo
677 2154 710 2176 do
732 2155 841 2177 habere.

196 2190 257 2213 Ion.
278 2189 312 2211 Et
334 2188 431 2211 deinde
449 2187 614 2210 interfecisti
633 2188 747 2211 venenis
768 2195 844 2212 eum.
865 2187 909 2217 qni
929 2187 978 2210 fuit
999 2189 1055 2213 Dei.

196 2224 258 2248 Cre.

199 2258 257 2282 lon.

197 2293 259 2316 Cre.

277 2258 312 2280 At
330 2262 456 2285 eramus,
485 2256 573 2284 patris
593 2262 660 2279 vero
679 2257 837 2280 facultatem
857 2257 974 2279 vindico.

280 2292 339 2314 Nou
358 2293 415 2314 tum
434 2295 514 2317 eraS,
544 2296 616 2313 nune
634 2296 701 2314 vero
722 2297 789 2322 ego,
822 2293 849 2314 tu
872 2297 937 2314 vero
957 2297 1010 2314 non
1030 2298 1087 2315 alu-

506 2325 577 2354 plius
595 2330 634 2347 es.

279 2360 339 2383 Non
354 2360 465 2382 sacrata
484 2365 528 2385 es,
551 2365 595 2382 res
610 2365 679 2382 vero
695 2364 770 2382 meae
785 2362 913 2382 sacratae
928 2361 1007 2383 erant
1022 2362 1087 2386 tum,
1113 2359 1115 2373 ³

280 2393 407 2417 Interfeci
427 2399 492 2415 vero
513 2393 677 2416 existentem
696 2394 803 2416 hostem
823 2394 947 2418 domibus
967 2394 1042 2418 meis.
1113 2396 1114 2399 ’

251 2449 256 2455 ,
277 2429 345 2452 Num
364 2434 423 2451 cum
442 2427 526 2449 armis
544 2427 608 2450 veni
625 2428 660 2450 ad
679 2428 752 2450 tuam
772 2425 898 2451 terram?

196 2464 258 2488 Cre.
279 2463 411 2489 Maxime,
439 2462 466 2484 et
485 2461 669 2484 succendebas
690 2462 833 2485 Erechthei
852 2463 956 2486 domos.

196 2499 256 2523 [οη.
276 2497 379 2527 Quibus
398 2495 538 2523 torribus,
564 2497 611 2518 aut
630 2501 683 2525 qua
700 2496 774 2525 ignis
793 2494 920 2520 flannna‘.e

196 2533 260 2558 Cre.
279 2530 403 2555 Voluisti
421 2530 544 2553 incolere
562 2534 638 2552 meas
657 2535 719 2559 res,
745 2537 787 2554 me
806 2530 910 2556 invita,
937 2531 1085 2560 accipiens.
1111 2549 1113 2555 ,

197 2568 258 2591 lo‘n.
278 2566 362 2590 Patre
380 2564 485 2594 quidem
504 2565 609 2586 terram
623 2565 804 2595 concedente,
825 2571 903 2595 quain
920 2566 1084 2594 possidebat.

196 2602 259 2626 Cre.
279 2600 359 2623 Filiis
376 2598 455 2622 Aeoli
473 2598 607 2628 quomodo
627 2598 760 2622 intererat
779 2600 856 2623 tei-ra
874 2597 1019 2624 Palladis?

196 2636 257 2660 Ion.
277 2634 367 2657 Arinis
387 2638 463 2661 eam,
491 2637 544 2654 non
564 2632 658 2654 verbis
677 2632 812 2656 liberavit.

197 2671 260 2695 Cre.
279 2668 434 2692 Auxiliator
452 2667 543 2691 incola
563 2666 670 2695 quidem
689 2672 743 2690 non
762 2668 799 2690 sit
819 2669 919 2692 terrae.

198 2361 258 2385 lon.

198 2395 259 2420 Cre.

197 2431 246 2454 lou

415 1521 581 1562 „Odiosa
599 1534 656 1556 res
673 1529 741 1562 est,
771 1523 868 1568 quod
888 1520 1093 1556 hominibus
1119 1536 1120 1573 j

279 2223 382 2245 Verum
402 2227 455 2245 non
473 2222 589 2250 amplius
609 2227 672 2245 eras
686 2223 838 2251 Apollinis.
859 2223 946 2251 patris
962 2229 1028 2246 vero
1043 2224 1088 2246 tui.
1115 2217 1117 2235 ⁴¹

794 54 1191 92 INTERPRETATIO
1226 57 1351 93 10le
1386 58 1638 96 EURIPIDIS.

1119 942 1120 953 ¹
1150 966 1247 1003 1325
1273 970 1372 1012 Pyth.
1409 969 1478 1003 sed
1502 976 1535 1003 ta

1118 1945 1121 1958 l

2054 61 2149 97 1050

1201 171 1222 184 „
1235 144 1329 178 Deos
1346 156 1455 179 inanu
1473 145 1602 180 iniusta
1614 172 1623 186 ,
1649 148 1709 180 sed
1730 147 1840 182 iustos

1202 197 1286 235 „Ad
1305 208 1403 229 aram
1424 198 1544 231 sedere
1561 199 1762 242 oportebat,
1790 200 1818 233 si
1834 199 1913 245 quis
1929 199 2073 234 illorum
2093 213 2144 234 es-

1570 255 1621 282 set
1640 249 1770 283 iniuria
1789 251 1954 291 affectus,

1203 323 1223 337 „
1235 297 1281 330 Et
1315 311 1390 331 nou
1419 300 1581 345 aequalia
1611 298 1742 335 habere
1777 309 1919 336 euntem
1955 302 2000 335 ad
2034 312 2143 335 unum

1563 352 1680 385 locum

1201 398 1374 438 „Bonum
1393 407 1427 434 et
1444 402 1577 435 malum
1597 414 1615 435 a
1631 402 1708 437 Diis
1717 403 1776 450 25).

1120 489 1350 538 J[Pythia,
1375 493 1468 532 Ion,
1497 494 1676 534 Creusa,
1700 495 1917 535 Minerva,
1946 493 2139 542 Chorus]

1120 573 1122 614 γς
1152 560 1248 595 1520
1276 560 1413 603 Pythia.
1433 560 1585 594 Contine
1604 569 1655 603 te,
1685 576 1704 596 o
1722 564 1789 602 fili3
1817 565 1935 598 sedern
1952 566 2046 598 enim
2065 577 2143 598 ora-

1560 614 1630 646 culi

1197 662 1272 705 Ego
1290 662 1515 707 relinquens,
1544 670 1686 698 transeo
1704 665 1807 700 istum
1827 667 1978 700 limitem

1197 712 1335 746 Phoebi
1352 715 1538 754 sacerdos,
1566 716 1750 761 antiquam
1769 718 2054 752 observationem
2080 718 2141 750 tri-

1557 767 1661 810 podis

1197 814 1350 849 Servans
1368 816 1475 849 electa
1494 829 1534 850 ex
1554 818 1720 852 omnibus
1736 817 1977 867 Delphinisw)
1997 820 2040 852 ad
2062 817 2141 853 hoc.

1197 868 1270 899 Ion.
1298 866 1420 907 Salve,
1457 880 1477 900 o
1504 866 1610 901 chara
1633 876 1766 910 mater,
1799 871 1963 916 quamvis
1984 882 2058 903 non
2085 882 2143 914 pe-

1558 931 1704 964 pererls.

1541 983 1622 1004 men
1649 973 1768 1013 dicor,
1804 979 1838 1006 et
1858 979 1910 1007 est
1933 970 2022 1005 mihi
2044 979 2142 1018 grata

1564 1024 1770 1067 appellatio.

1198 1072 1270 1103 lon.
1296 1071 1491 1112 Audivisti,
1519 1080 1558 1105 ut
1576 1071 1663 1107 haec
1680 1087 1735 1107 nie
1754 1075 1931 1107 interfecit
1947 1075 2062 1110 dolis?

1199 1122 1298 1165 Pyth.
1325 1122 1457 1155 Audivi
1469 1149 1477 1163 ‚
1507 1130 1540 1155 et
1557 1131 1593 1157 tu
1611 1126 1818 1159 crudelitate
1834 1137 1968 1169 peccas.

1198 1175 1270 1206 lon.
1287 1173 1416 1206 Nonne
1433 1175 1531 1207 decet
1548 1175 1792 1210 interfectores
1807 1177 1957 1210 vicissim
1971 1176 2142 1221 perdere?

1199 1225 1298 1267 Pffle.
1328 1225 1507 1269 „Semper
1524 1234 1605 1259 sunt
1624 1227 1770 1261 infestae
1791 1240 1919 1262 uxores
1934 1229 2118 1273 privignis.

1151 1274 1248 1309 1330
1276 1278 1348 1309 Ion.
1378 1276 1452 1316 „Et
1469 1289 1534 1311 nos
1552 1291 1673 1313 surnus
1696 1280 1813 1314 infesti
1836 1280 2019 1321 novercis,
2053 1291 2142 1325 quae

1558 1331 1662 1364 nobis
1679 1332 1769 1364 male
1787 1333 1957 1365 fecerunt.

1199 1379 1299 1421 Pyth.
1334 1377 1417 1412 Non
1444 1377 1530 1413 haec
1554 1382 1759 1427 relinquens
1783 1394 1880 1417 sacra
1907 1388 1940 1415 et
1966 1381 2087 1415 abiens
2104 1381 2140 1413 in

1562 1434 1729 1475 patriam.

1198 1481 1270 1512 Ion.
1303 1479 1400 1525 Quid
1432 1493 1487 1514 me
1518 1483 1632 1516 facere
1665 1484 1832 1518 convenit
1863 1484 1924 1518 ahs
1954 1490 1988 1517 te
2020 1484 2142 1517 admo—

1563 1534 1705 1568 nitum?

1197 1582 1298 1624 Pyrh.
1327 1581 1425 1616 Vade
1444 1596 1554 1627 purus
1569 1584 1728 1620 Athenas
1746 1587 1842 1620 bono
1861 1587 1992 1621 omine.

1198 1634 1269 1665 1οη.
1296 1633 1412 1668 Purus
1430 1641 1498 1676 est,
1527 1638 1686 1683 quisquis
1706 1638 1833 1671 occidit
1850 1635 1978 1671 hostes.

1180 1776 1228 1807 25)
1250 1776 1310 1801 lon.
1329 1777 1404 1808 Ergo
1426 1790 1459 1794 —
1479 1784 1495 1802 a
1514 1779 1581 1803 Diis.
1602 1782 1657 1808 (vs,
1678 1781 1899 1810 1300—1318.)]
1926 1781 1967 1804 sic
1984 1781 2032 1804 Ed.
2052 1781 2140 1805 1562:

1214 1810 1262 1835 Ed.
1278 1811 1367 1834 ¹553:

1251 1845 1312 1867 lon.
1332 1846 1367 1867 Et
1387 1846 1483 1869 deinde
1503 1848 1542 1869 rei
1562 1848 1671 1872 futurae
1690 1856 1731 1872 me
1750 1850 1913 1874 interfecisti
1932 1847 2026 1874 metu?

1251 1879 1314 1902 Cre.
1334 1880 1373 1902 Ne
1393 1886 1532 1910 morerer,
1558 1883 1581 1905 si
1600 1885 1628 1905 tu
1648 1890 1701 1907 non
1721 1888 1852 1908 cunctans
1872 1885 1996 1914 potieris.

1249 1913 1311 1936 Ιοη.
1330 1914 1456 1942 Invides,
1482 1921 1580 1938 carens
1597 1918 1708 1947 liberm,
1733 1920 1804 1948 quod
1823 1922 1900 1948 pater
1918 1919 2023 1943 invenit
2041 1918 2103 1943 me?

1249 1947 1313 1971 Cre.
1334 1948 1372 1970 Tu
1387 1954 1453 1978 ergo
1468 1955 1578 1981 eorum,
1598 1952 1642 1980 qui
1656 1955 1752 1976 carent
1766 1953 1877 1984 liberis⁷
1897 1954 2008 1983 diripies
2022 1950 2138 1977 domos?

1248 1981 1310 2005 Ion.
1331 1981 1414 2005 Nobis
1433 1983 1509 2012 atqui
1528 1986 1660 2013 paternae
1677 1988 1865 2016 possessionis
1885 1994 1937 2012 non
1956 1989 1993 2011 sit
2011 1984 2122 2017 portio?

1249 2014 1311 2040 Cre.
1333 2017 1516 2047 Quaecunque
1534 2019 1664 2050 clypeuS,
1691 2023 1718 2044 et
1735 2023 1830 2053 hasta,
1856 2024 1922 2046 haec
1941 2022 1989 2046 tihi
2006 2022 2138 2046 universa

1558 2055 1708 2083 possessio.

1330 2084 1437 2108 Desere
1455 2092 1549 2117 aram,
1577 2091 1604 2111 et
1623 2089 1731 2113 numine
1750 2090 1846 2119 plenas
1865 2091 1954 2116 sedes.

1333 2119 1415 2142 Tuam
1435 2121 1479 2143 ubi
1499 2121 1546 2143 tibi
1567 2123 1680 2146 matrem
1700 2125 1737 2146 sit
1755 2125 1908 2150 admoneto.

1328 2153 1365 2176 Tu
1384 2159 1439 2176 non
1458 2155 1609 2179 sustinebis
1627 2158 1772 2188 mulctam,
1797 2159 1964 2183 interficiens
1981 2157 2044 2184 me?

1331 2187 1360 2210 Si
1380 2193 1420 2210 me
1440 2187 1513 2212 iutra
1532 2190 1598 2213 haec
1616 2191 1702 2220 adyta
1721 2193 1859 2217 trucidare
1878 2194 1957 2219 velis,

1327 2221 1404 2249 Quae
1423 2223 1550 2252 voluptas
1570 2224 1633 2253 tibi,
1660 2225 1712 2249 Dei
1729 2227 1799 2250 niori
1818 2227 1889 2251 inter
1908 2225 2048 2252 coronas?

1329 2255 1482 2279 Laedemus
1500 2258 1635 2287 aliquem,
1661 2264 1678 2282 a
1691 2260 1787 2289 quibus
1809 2261 1924 2285 tristitia
1943 2262 2033 2287 affecti
2053 2261 2134 2295 [proz

1554 2292 1683 2321 affectae]
1703 2300 1806 2318 snmus.

1248 2084 1309 2108 Ion.

1249 2118 1311 2142 Cre.

1247 2152 1306 2176 Ιοη.

1247 2185 1310 2210 Cre.

1246 2220 1306 2245 Ion.

1246 2255 1309 2279 Cre.

1245 2323 1307 2347 Ion.
1326 2324 1410 2347 Eheu.

1244 2356 1404 2388 „Miserum
1424 2357 1547 2388 quidem,
1571 2360 1734 2384 mortalibus
1754 2362 1831 2393 leges
1849 2370 1904 2388 non
1922 2367 1997 2389 recte

1243 2407 1261 2420 „
1273 2391 1376 2414 Statuit
1394 2391 1484 2421 Deus,
1509 2399 1596 2423 neque
1615 2395 1764 2425 sapienter.

1243 2425 1392 2455 „Iniustos
1412 2425 1483 2449 enim
1501 2427 1536 2450 ad
1554 2433 1630 2452 aram
1650 2436 1703 2453 non
1723 2431 1822 2455 sedere
1840 2433 2035 2461 conveniebat,

1242 2458 1325 2489 „sed
1343 2460 1516 2491 propellere;
1542 2468 1629 2492 neque
1649 2464 1719 2487 enim
1738 2468 1890 2491 attrectare
1909 2469 2039 2492 convenit

1242 2493 1388 2523 „Deorum
1409 2500 1455 2517 res
1472 2495 1600 2519 iniustam
1620 2504 1746 2529 manum,
1773 2501 1821 2523 sed
1842 2502 1931 2525 iustos

1242 2526 1310 2556 „Ad
1330 2533 1413 2551 sacra
1432 2529 1545 2559 sedere,
1571 2531 1722 2562 quicunque
1742 2534 1913 2565 laederetur,
1938 2542 2070 2567 aequum3

1240 2561 1297 2591 „Et
1309 2567 1397 2591 neque
1410 2563 1444 2586 ad
1458 2569 1538 2587 unum
1552 2566 1665 2589 eundem
1683 2568 1771 2591 locuni
1786 2571 1890 2593 euntem
1903 2571 2002 2594 habere
2016 2572 2129 2601 aequale

1241 2595 1371 2623 „Bonum
1390 2597 1571 2630 existentem,
1597 2603 1625 2623 et
1642 2600 1791 2630 improbum
1803 2620 1810 2632 ,
1835 2609 1851 2627 a
1871 2604 1936 2627 Diis.

1172 2634 1219 2667 26)
1240 2637 1396 2666 Delphinis]
1415 2638 1457 2662 sic
1476 2639 1524 2662 Ed.
1540 2641 1631 2671 1562.;
1663 2644 1747 2669 Editt.
1767 2649 1885 2669 receut.:
1912 2647 2048 2677 Delphicis
2066 2654 2130 2673 mu-

1205 2671 1328 2696 lieribus
1350 2672 1459 2703 (Eurip.
1478 2673 1650 2707 Δελφίδων).
