<?xml version="1.0" encoding="UTF-8"?>
<!DOCTYPE html PUBLIC "-//W3C//DTD XHTML 1.0 Transitional//EN"
    "http://www.w3.org/TR/xhtml1/DTD/xhtml1-transitional.dtd">
<html xmlns="http://www.w3.org/1999/xhtml" xml:lang="en" lang="en">
 <head>
  <title>
</title>
<meta http-equiv="Content-Type" content="text/html;charset=utf-8" />
  <meta name='ocr-system' content='tesseract 3.04.00' />
  <meta name='ocr-capabilities' content='ocr_page ocr_carea ocr_par ocr_line ocrx_word'/>
</head>
<body>
  <div class='ocr_page' id='page_1' title='image "./operaquaesupersu18melauoft/operaquaesupersu18melauoft_0402.png"; bbox 0 0 2373 2980; ppageno 0'>
   <div class='ocr_carea' id='block_1_1' title="bbox 201 97 2227 141">
    <p class='ocr_par' dir='ltr' id='par_1_1' title="bbox 201 97 2227 141">
     <span class='ocr_line' id='line_1_1' title="bbox 201 97 2227 141; baseline -0.004 0"><span class='ocrx_word' id='word_1_1' title='bbox 201 107 272 141; x_wconf 79' lang='lat'>779</span> <span class='ocrx_word' id='word_1_2' title='bbox 792 97 913 133; x_wconf 70' lang='lat' dir='ltr'>Ptin„</span> <span class='ocrx_word' id='word_1_3' title='bbox 943 98 1055 133; x_wconf 68' lang='lat' dir='ltr'><strong>MEL.</strong></span> <span class='ocrx_word' id='word_1_4' title='bbox 1083 99 1284 134; x_wconf 76' lang='lat' dir='ltr'>SCfflPTA</span> <span class='ocrx_word' id='word_1_5' title='bbox 1312 98 1646 135; x_wconf 69' lang='lat' dir='ltr'>PHILOLOGICA.</span> <span class='ocrx_word' id='word_1_6' title='bbox 2154 106 2227 139; x_wconf 87' lang='lat'>780</span> 
     </span>
    </p>
   </div>
   <div class='ocr_carea' id='block_1_2' title="bbox 1217 1088 1225 1642">
    <p class='ocr_par' dir='ltr' id='par_1_2' title="bbox 1217 1088 1225 1642">
     <span class='ocr_line' id='line_1_2' title="bbox 1217 1088 1225 1642; baseline 0 0"><span class='ocrx_word' id='word_1_7' title='bbox 1217 1088 1225 1642; x_wconf 95' lang='lat' dir='ltr'> </span> 
     </span>
    </p>
   </div>
   <div class='ocr_carea' id='block_1_3' title="bbox 204 184 2240 2282">
    <p class='ocr_par' dir='ltr' id='par_1_3' title="bbox 204 184 2240 2282">
     <span class='ocr_line' id='line_1_3' title="bbox 252 184 2227 242; baseline -0.002 -14"><span class='ocrx_word' id='word_1_8' title='bbox 252 196 343 227; x_wconf 74' lang='lat' dir='ltr'>nect.</span> <span class='ocrx_word' id='word_1_9' title='bbox 369 190 484 223; x_wconf 81' lang='lat' dir='ltr'>Habes</span> <span class='ocrx_word' id='word_1_10' title='bbox 507 185 720 220; x_wconf 78' lang='lat' dir='ltr'>conveniens</span> <span class='ocrx_word' id='word_1_11' title='bbox 737 196 868 218; x_wconf 92' lang='lat' dir='ltr'>nomen</span> <span class='ocrx_word' id='word_1_12' title='bbox 884 184 956 225; x_wconf 85' lang='lat' dir='ltr'>rei,</span> <span class='ocrx_word' id='word_1_13' title='bbox 979 191 1013 218; x_wconf 90' lang='lat' dir='ltr'>et</span> <span class='ocrx_word' id='word_1_14' title='bbox 1032 197 1067 219; x_wconf 91' lang='lat' dir='ltr'>es</span> <span class='ocrx_word' id='word_1_15' title='bbox 1089 197 1186 219; x_wconf 85' lang='lat' dir='ltr'>ama·</span> <span class='ocrx_word' id='word_1_16' title='bbox 1212 221 1214 242; x_wconf 66' lang='grc' dir='ltr'>Ι</span> <span class='ocrx_word' id='word_1_17' title='bbox 1291 187 1437 220; x_wconf 88' lang='lat' dir='ltr'>Donum</span> <span class='ocrx_word' id='word_1_18' title='bbox 1462 199 1517 219; x_wconf 88' lang='lat' dir='ltr'>mc</span> <span class='ocrx_word' id='word_1_19' title='bbox 1544 185 1718 231; x_wconf 85' lang='lat' dir='ltr'>accepisse</span> <span class='ocrx_word' id='word_1_20' title='bbox 1751 184 2031 230; x_wconf 87' lang='lat' dir='ltr'>pulcherrimum</span> <span class='ocrx_word' id='word_1_21' title='bbox 2056 201 2122 235; x_wconf 90' lang='lat' dir='ltr'>pro</span> <span class='ocrx_word' id='word_1_22' title='bbox 2149 203 2227 225; x_wconf 87' lang='lat' dir='ltr'>mea</span> 
     </span>
     <span class='ocr_line' id='line_1_4' title="bbox 609 235 1871 280; baseline 0 -7"><span class='ocrx_word' id='word_1_23' title='bbox 609 243 665 269; x_wconf 84' lang='lat' dir='ltr'>tor</span> <span class='ocrx_word' id='word_1_24' title='bbox 684 235 835 280; x_wconf 77' lang='lat' dir='ltr'>patriae,</span> <span class='ocrx_word' id='word_1_25' title='bbox 1211 250 1214 265; x_wconf 66' lang='grc' dir='ltr'>ι</span> <span class='ocrx_word' id='word_1_26' title='bbox 1647 236 1871 273; x_wconf 84' lang='lat' dir='ltr'>fortitudine.</span> 
     </span>
     <span class='ocr_line' id='line_1_5' title="bbox 255 287 2229 336; baseline 0.001 -12"><span class='ocrx_word' id='word_1_27' title='bbox 255 296 387 328; x_wconf 66' lang='lat' dir='ltr'>Dolum</span> <span class='ocrx_word' id='word_1_28' title='bbox 415 290 523 336; x_wconf 85' lang='lat' dir='ltr'>patris</span> <span class='ocrx_word' id='word_1_29' title='bbox 539 288 632 322; x_wconf 88' lang='lat' dir='ltr'>enim</span> <span class='ocrx_word' id='word_1_30' title='bbox 652 288 799 320; x_wconf 86' lang='lat' dir='ltr'>domum</span> <span class='ocrx_word' id='word_1_31' title='bbox 821 287 917 331; x_wconf 87' lang='lat' dir='ltr'>prius</span> <span class='ocrx_word' id='word_1_32' title='bbox 933 287 1103 328; x_wconf 86' lang='lat' dir='ltr'>nobilem,</span> <span class='ocrx_word' id='word_1_33' title='bbox 1212 314 1214 324; x_wconf 75' lang='grc'>,</span> <span class='ocrx_word' id='word_1_34' title='bbox 1289 289 1340 322; x_wconf 84' lang='lat' dir='ltr'>Te</span> <span class='ocrx_word' id='word_1_35' title='bbox 1358 300 1441 322; x_wconf 69' lang='lat' dir='ltr'>xero</span> <span class='ocrx_word' id='word_1_36' title='bbox 1461 301 1533 321; x_wconf 90' lang='lat' dir='ltr'>non</span> <span class='ocrx_word' id='word_1_37' title='bbox 1559 288 1719 322; x_wconf 74' lang='lat' dir='ltr'>invidere</span> <span class='ocrx_word' id='word_1_38' title='bbox 1738 296 1898 333; x_wconf 77' lang='lat' dir='ltr'>oportet3</span> <span class='ocrx_word' id='word_1_39' title='bbox 1923 291 2059 326; x_wconf 84' lang='lat' dir='ltr'>infinita</span> <span class='ocrx_word' id='word_1_40' title='bbox 2076 292 2143 326; x_wconf 81' lang='lat' dir='ltr'>alia</span> <span class='ocrx_word' id='word_1_41' title='bbox 2165 293 2229 326; x_wconf 89' lang='lat' dir='ltr'>tibi</span> 
     </span>
     <span class='ocr_line' id='line_1_6' title="bbox 205 338 1743 381; baseline -0.005 -4"><span class='ocrx_word' id='word_1_42' title='bbox 205 348 272 381; x_wconf 86' lang='grc'>160</span> <span class='ocrx_word' id='word_1_43' title='bbox 299 346 400 378; x_wconf 58' lang='grc' dir='ltr'>ΑΧιιιιε</span> <span class='ocrx_word' id='word_1_44' title='bbox 418 342 530 375; x_wconf 88' lang='lat' dir='ltr'>multo</span> <span class='ocrx_word' id='word_1_45' title='bbox 546 339 665 373; x_wconf 80' lang='lat' dir='ltr'>reddis</span> <span class='ocrx_word' id='word_1_46' title='bbox 679 338 906 372; x_wconf 73' lang='lat' dir='ltr'><strong>nobiliorem.</strong></span> <span class='ocrx_word' id='word_1_47' title='bbox 1650 346 1743 379; x_wconf 84' lang='lat' dir='ltr'>sunt,</span> 
     </span>
     <span class='ocr_line' id='line_1_7' title="bbox 252 389 2154 438; baseline -0.003 -8"><span class='ocrx_word' id='word_1_48' title='bbox 252 398 325 430; x_wconf 86' lang='grc' dir='ltr'><strong><em>ΠοΙ.</em></strong></span> <span class='ocrx_word' id='word_1_49' title='bbox 354 394 434 427; x_wconf 88' lang='lat' dir='ltr'>ldeo</span> <span class='ocrx_word' id='word_1_50' title='bbox 457 393 622 425; x_wconf 71' lang='lat' dir='ltr'>laborare</span> <span class='ocrx_word' id='word_1_51' title='bbox 648 401 704 422; x_wconf 88' lang='lat' dir='ltr'>me</span> <span class='ocrx_word' id='word_1_52' title='bbox 729 389 913 427; x_wconf 79' lang='lat' dir='ltr'>convenit;</span> <span class='ocrx_word' id='word_1_53' title='bbox 937 391 997 424; x_wconf 92' lang='lat' dir='ltr'>sed</span> <span class='ocrx_word' id='word_1_54' title='bbox 1019 390 1186 424; x_wconf 87' lang='lat' dir='ltr'>laboran-</span> <span class='ocrx_word' id='word_1_55' title='bbox 1213 412 1214 421; x_wconf 34' lang='grc' dir='ltr'>η</span> <span class='ocrx_word' id='word_1_56' title='bbox 1290 390 1429 436; x_wconf 78' lang='lat' dir='ltr'><strong>Quibus</strong></span> <span class='ocrx_word' id='word_1_57' title='bbox 1447 391 1678 425; x_wconf 70' lang='lat' dir='ltr'>delectaberis</span> <span class='ocrx_word' id='word_1_58' title='bbox 1696 391 1886 425; x_wconf 81' lang='lat' dir='ltr'>dominans</span> <span class='ocrx_word' id='word_1_59' title='bbox 1903 389 1984 426; x_wconf 88' lang='lat' dir='ltr'>huic</span> <span class='ocrx_word' id='word_1_60' title='bbox 2003 394 2154 438; x_wconf 82' lang='lat' dir='ltr'>regioni.</span> 
     </span>
     <span class='ocr_line' id='line_1_8' title="bbox 611 441 1690 486; baseline -0.004 -12"><span class='ocrx_word' id='word_1_61' title='bbox 611 448 682 474; x_wconf 86' lang='lat' dir='ltr'>tem</span> <span class='ocrx_word' id='word_1_62' title='bbox 706 441 806 474; x_wconf 81' lang='lat' dir='ltr'>decet</span> <span class='ocrx_word' id='word_1_63' title='bbox 1212 443 1214 480; x_wconf 54' lang='grc' dir='ltr'>ἶ</span> <span class='ocrx_word' id='word_1_64' title='bbox 1683 479 1690 486; x_wconf 49' lang='grc'><strong>.</strong></span> 
     </span>
     <span class='ocr_line' id='line_1_9' title="bbox 252 474 1913 532; baseline -0.003 -2"><span class='ocrx_word' id='word_1_65' title='bbox 252 497 451 530; x_wconf 74' lang='lat' dir='ltr'>Mercedem</span> <span class='ocrx_word' id='word_1_66' title='bbox 469 495 627 530; x_wconf 79' lang='lat' dir='ltr'>auferre;</span> <span class='ocrx_word' id='word_1_67' title='bbox 651 492 844 532; x_wconf 87' lang='lat' dir='ltr'>„additum</span> <span class='ocrx_word' id='word_1_68' title='bbox 864 491 959 525; x_wconf 88' lang='lat' dir='ltr'>enim</span> <span class='ocrx_word' id='word_1_69' title='bbox 976 492 1075 525; x_wconf 88' lang='lat' dir='ltr'>omni</span> <span class='ocrx_word' id='word_1_70' title='bbox 1212 481 1214 499; x_wconf 22' lang='grc' dir='ltr'>γ</span> <span class='ocrx_word' id='word_1_71' title='bbox 1555 474 1913 525; x_wconf 51' lang='grc' dir='ltr'>[Απῗῖ-ςίνθΡῙῑθ-ΞΙ</span> 
     </span>
     <span class='ocr_line' id='line_1_10' title="bbox 251 542 2229 593; baseline 0 -12"><span class='ocrx_word' id='word_1_72' title='bbox 251 547 432 592; x_wconf 58' lang='lat' dir='ltr'>„Negotio</span> <span class='ocrx_word' id='word_1_73' title='bbox 451 547 609 583; x_wconf 86' lang='lat' dir='ltr'>lucrum,</span> <span class='ocrx_word' id='word_1_74' title='bbox 635 544 730 587; x_wconf 74' lang='lat' dir='ltr'>parit</span> <span class='ocrx_word' id='word_1_75' title='bbox 749 544 878 588; x_wconf 82' lang='lat' dir='ltr'>duplex</span> <span class='ocrx_word' id='word_1_76' title='bbox 894 544 1063 577; x_wconf 87' lang='lat' dir='ltr'>studium.</span> <span class='ocrx_word' id='word_1_77' title='bbox 1213 559 1215 593; x_wconf 48' lang='grc' dir='ltr'>ξ</span> <span class='ocrx_word' id='word_1_78' title='bbox 1242 542 1314 578; x_wconf 87' lang='grc'>195</span> <span class='ocrx_word' id='word_1_79' title='bbox 1340 545 1438 579; x_wconf 74' lang='lat' dir='ltr'>ebor.</span> <span class='ocrx_word' id='word_1_80' title='bbox 1466 543 1637 588; x_wconf 79' lang='lat' dir='ltr'>Magnum</span> <span class='ocrx_word' id='word_1_81' title='bbox 1665 550 1866 585; x_wconf 82' lang='lat' dir='ltr'>certamen,</span> <span class='ocrx_word' id='word_1_82' title='bbox 1894 557 2061 590; x_wconf 84' lang='lat' dir='ltr'>magnum</span> <span class='ocrx_word' id='word_1_83' title='bbox 2088 559 2229 593; x_wconf 88' lang='lat' dir='ltr'>quoque</span> 
     </span>
     <span class='ocr_line' id='line_1_11' title="bbox 252 592 2145 644; baseline -0.001 -10"><span class='ocrx_word' id='word_1_84' title='bbox 252 603 342 635; x_wconf 70' lang='lat' dir='ltr'>Hecr.</span> <span class='ocrx_word' id='word_1_85' title='bbox 368 598 495 635; x_wconf 79' lang='lat' dir='ltr'>Recte,</span> <span class='ocrx_word' id='word_1_86' title='bbox 522 597 652 629; x_wconf 83' lang='lat' dir='ltr'>iustum</span> <span class='ocrx_word' id='word_1_87' title='bbox 671 592 739 628; x_wconf 87' lang='lat' dir='ltr'>hoc</span> <span class='ocrx_word' id='word_1_88' title='bbox 756 601 827 634; x_wconf 81' lang='lat' dir='ltr'>est,</span> <span class='ocrx_word' id='word_1_89' title='bbox 849 607 913 628; x_wconf 82' lang='lat' dir='ltr'>nec</span> <span class='ocrx_word' id='word_1_90' title='bbox 929 595 1118 630; x_wconf 55' lang='lat' dir='ltr'>dissentio.</span> <span class='ocrx_word' id='word_1_91' title='bbox 1213 596 1215 644; x_wconf 61' lang='grc' dir='ltr'>ξ</span> <span class='ocrx_word' id='word_1_92' title='bbox 1650 595 1850 639; x_wconf 85' lang='lat' dir='ltr'>praemium</span> <span class='ocrx_word' id='word_1_93' title='bbox 1871 597 1969 641; x_wconf 90' lang='lat' dir='ltr'>cupis</span> <span class='ocrx_word' id='word_1_94' title='bbox 1986 598 2145 643; x_wconf 79' lang='lat' dir='ltr'>adipisci.</span> 
     </span>
     <span class='ocr_line' id='line_1_12' title="bbox 204 645 1952 693; baseline -0.004 -6"><span class='ocrx_word' id='word_1_95' title='bbox 204 651 272 687; x_wconf 83' lang='lat'>165</span> <span class='ocrx_word' id='word_1_96' title='bbox 306 651 372 684; x_wconf 82' lang='lat' dir='ltr'>Sed</span> <span class='ocrx_word' id='word_1_97' title='bbox 400 655 514 683; x_wconf 86' lang='lat' dir='ltr'>statue</span> <span class='ocrx_word' id='word_1_98' title='bbox 538 647 693 692; x_wconf 88' lang='lat' dir='ltr'>primum</span> <span class='ocrx_word' id='word_1_99' title='bbox 706 673 715 685; x_wconf 88' lang='lat'>‚</span> <span class='ocrx_word' id='word_1_100' title='bbox 740 646 826 691; x_wconf 87' lang='lat' dir='ltr'>quid</span> <span class='ocrx_word' id='word_1_101' title='bbox 842 646 892 680; x_wconf 81' lang='lat' dir='ltr'>vis</span> <span class='ocrx_word' id='word_1_102' title='bbox 909 653 1051 691; x_wconf 84' lang='lat' dir='ltr'>praeter</span> <span class='ocrx_word' id='word_1_103' title='bbox 1069 657 1185 679; x_wconf 85' lang='lat' dir='ltr'>meum</span> <span class='ocrx_word' id='word_1_104' title='bbox 1214 689 1215 693; x_wconf 13' lang='grc' dir='ltr'><strong>Ἰ</strong></span> <span class='ocrx_word' id='word_1_105' title='bbox 1292 646 1354 680; x_wconf 87' lang='lat' dir='ltr'>His</span> <span class='ocrx_word' id='word_1_106' title='bbox 1373 645 1504 690; x_wconf 87' lang='lat' dir='ltr'>potitus</span> <span class='ocrx_word' id='word_1_107' title='bbox 1516 673 1524 686; x_wconf 93' lang='lat'>‚</span> <span class='ocrx_word' id='word_1_108' title='bbox 1547 647 1706 691; x_wconf 86' lang='lat' dir='ltr'>profecto</span> <span class='ocrx_word' id='word_1_109' title='bbox 1724 647 1848 680; x_wconf 89' lang='lat' dir='ltr'>beatus</span> <span class='ocrx_word' id='word_1_110' title='bbox 1865 648 1952 686; x_wconf 86' lang='lat' dir='ltr'>eris;</span> 
     </span>
     <span class='ocr_line' id='line_1_13' title="bbox 614 695 1916 746; baseline 0.002 -16"><span class='ocrx_word' id='word_1_111' title='bbox 614 697 789 741; x_wconf 79' lang='lat' dir='ltr'>regnum?</span> <span class='ocrx_word' id='word_1_112' title='bbox 1214 702 1216 746; x_wconf 50' lang='lat' dir='ltr'>l</span> <span class='ocrx_word' id='word_1_113' title='bbox 1291 697 1359 731; x_wconf 90' lang='lat' dir='ltr'>Sed</span> <span class='ocrx_word' id='word_1_114' title='bbox 1377 695 1433 730; x_wconf 88' lang='lat' dir='ltr'>hic</span> <span class='ocrx_word' id='word_1_115' title='bbox 1447 697 1549 730; x_wconf 86' lang='lat' dir='ltr'>labor</span> <span class='ocrx_word' id='word_1_116' title='bbox 1567 709 1710 743; x_wconf 91' lang='lat' dir='ltr'>quoque</span> <span class='ocrx_word' id='word_1_117' title='bbox 1727 698 1916 741; x_wconf 82' lang='lat' dir='ltr'>gloriosus.</span> 
     </span>
     <span class='ocr_line' id='line_1_14' title="bbox 250 747 2232 794; baseline -0.002 -6"><span class='ocrx_word' id='word_1_118' title='bbox 250 755 328 788; x_wconf 81' lang='grc' dir='ltr'><strong><em>Ποῖ.</em></strong></span> <span class='ocrx_word' id='word_1_119' title='bbox 353 753 434 787; x_wconf 56' lang='lat' dir='ltr'>Non</span> <span class='ocrx_word' id='word_1_120' title='bbox 451 750 613 784; x_wconf 80' lang='lat' dir='ltr'>desidero</span> <span class='ocrx_word' id='word_1_121' title='bbox 632 756 733 781; x_wconf 84' lang='lat' dir='ltr'>tuum</span> <span class='ocrx_word' id='word_1_122' title='bbox 753 755 879 793; x_wconf 75' lang='lat' dir='ltr'>potens</span> <span class='ocrx_word' id='word_1_123' title='bbox 896 760 1057 792; x_wconf 80' lang='lat' dir='ltr'>regnum.</span> <span class='ocrx_word' id='word_1_124' title='bbox 1213 747 1216 791; x_wconf 75' lang='grc' dir='ltr'>ξ</span> <span class='ocrx_word' id='word_1_125' title='bbox 1290 749 1462 793; x_wconf 86' lang='lat' dir='ltr'>Magnum</span> <span class='ocrx_word' id='word_1_126' title='bbox 1498 761 1641 793; x_wconf 88' lang='lat' dir='ltr'>quoque</span> <span class='ocrx_word' id='word_1_127' title='bbox 1678 755 1748 789; x_wconf 88' lang='lat' dir='ltr'>est,</span> <span class='ocrx_word' id='word_1_128' title='bbox 1798 750 1874 782; x_wconf 90' lang='lat' dir='ltr'>fieri</span> <span class='ocrx_word' id='word_1_129' title='bbox 1912 763 2080 794; x_wconf 84' lang='lat' dir='ltr'>generum</span> <span class='ocrx_word' id='word_1_130' title='bbox 2118 751 2232 785; x_wconf 90' lang='lat' dir='ltr'>domi—</span> 
     </span>
     <span class='ocr_line' id='line_1_15' title="bbox 254 799 1799 845; baseline -0.004 -6"><span class='ocrx_word' id='word_1_131' title='bbox 254 808 345 839; x_wconf 73' lang='lat' dir='ltr'>Heci.</span> <span class='ocrx_word' id='word_1_132' title='bbox 371 804 427 836; x_wconf 90' lang='lat' dir='ltr'>Tu</span> <span class='ocrx_word' id='word_1_133' title='bbox 444 814 528 835; x_wconf 75' lang='lat' dir='ltr'>vero</span> <span class='ocrx_word' id='word_1_134' title='bbox 547 801 617 834; x_wconf 87' lang='lat' dir='ltr'>iam</span> <span class='ocrx_word' id='word_1_135' title='bbox 639 799 825 845; x_wconf 86' lang='lat' dir='ltr'>ducens¹⁰)</span> <span class='ocrx_word' id='word_1_136' title='bbox 843 812 989 833; x_wconf 78' lang='lat' dir='ltr'>uxorem</span> <span class='ocrx_word' id='word_1_137' title='bbox 1002 828 1011 839; x_wconf 84' lang='lat'>‚</span> <span class='ocrx_word' id='word_1_138' title='bbox 1036 799 1187 833; x_wconf 88' lang='lat' dir='ltr'>Priami·</span> <span class='ocrx_word' id='word_1_139' title='bbox 1215 805 1216 820; x_wconf 67' lang='lat'>¹</span> <span class='ocrx_word' id='word_1_140' title='bbox 1655 811 1799 834; x_wconf 89' lang='lat' dir='ltr'>norum.</span> 
     </span>
     <span class='ocr_line' id='line_1_16' title="bbox 611 850 1841 895; baseline 0.001 -11"><span class='ocrx_word' id='word_1_141' title='bbox 611 852 737 885; x_wconf 85' lang='lat' dir='ltr'>darum</span> <span class='ocrx_word' id='word_1_142' title='bbox 756 864 863 895; x_wconf 82' lang='lat' dir='ltr'>gener</span> <span class='ocrx_word' id='word_1_143' title='bbox 879 852 952 884; x_wconf 87' lang='lat' dir='ltr'>fias.</span> <span class='ocrx_word' id='word_1_144' title='bbox 1215 866 1217 894; x_wconf 74' lang='grc' dir='ltr'>Ι</span> <span class='ocrx_word' id='word_1_145' title='bbox 1292 850 1387 883; x_wconf 88' lang='lat' dir='ltr'>Haec</span> <span class='ocrx_word' id='word_1_146' title='bbox 1405 850 1524 882; x_wconf 72' lang='lat' dir='ltr'>divina</span> <span class='ocrx_word' id='word_1_147' title='bbox 1544 857 1677 895; x_wconf 80' lang='lat' dir='ltr'><strong>spectet</strong></span> <span class='ocrx_word' id='word_1_148' title='bbox 1696 851 1841 885; x_wconf 81' lang='lat' dir='ltr'>iustitia.</span> 
     </span>
     <span class='ocr_line' id='line_1_17' title="bbox 253 899 2231 947; baseline -0.002 -6"><span class='ocrx_word' id='word_1_149' title='bbox 253 909 328 941; x_wconf 84' lang='grc' dir='ltr'><strong><em>Ποῖ.</em></strong></span> <span class='ocrx_word' id='word_1_150' title='bbox 353 906 446 940; x_wconf 59' lang='lat' dir='ltr'>Nolo</span> <span class='ocrx_word' id='word_1_151' title='bbox 472 916 513 938; x_wconf 83' lang='lat' dir='ltr'>ex</span> <span class='ocrx_word' id='word_1_152' title='bbox 539 903 722 947; x_wconf 84' lang='lat' dir='ltr'>superiore</span> <span class='ocrx_word' id='word_1_153' title='bbox 743 903 868 935; x_wconf 83' lang='lat' dir='ltr'>ordine</span> <span class='ocrx_word' id='word_1_154' title='bbox 887 902 1029 946; x_wconf 72' lang='lat' dir='ltr'>nuptias</span> <span class='ocrx_word' id='word_1_155' title='bbox 1048 908 1188 935; x_wconf 90' lang='lat' dir='ltr'>contra-</span> <span class='ocrx_word' id='word_1_156' title='bbox 1216 917 1217 945; x_wconf 60' lang='lat' dir='ltr'>f</span> <span class='ocrx_word' id='word_1_157' title='bbox 1241 902 1316 937; x_wconf 77' lang='lat'>200</span> <span class='ocrx_word' id='word_1_158' title='bbox 1339 901 1446 946; x_wconf 87' lang='lat' dir='ltr'>Quod</span> <span class='ocrx_word' id='word_1_159' title='bbox 1467 902 1510 934; x_wconf 89' lang='lat' dir='ltr'>ad</span> <span class='ocrx_word' id='word_1_160' title='bbox 1528 899 1684 935; x_wconf 79' lang='lat' dir='ltr'>humana</span> <span class='ocrx_word' id='word_1_161' title='bbox 1703 902 1830 935; x_wconf 75' lang='lat' dir='ltr'>attinet</span> <span class='ocrx_word' id='word_1_162' title='bbox 1843 928 1852 942; x_wconf 87' lang='lat'>,</span> <span class='ocrx_word' id='word_1_163' title='bbox 1867 899 1954 935; x_wconf 81' lang='lat' dir='ltr'>haec</span> <span class='ocrx_word' id='word_1_164' title='bbox 1972 903 2139 938; x_wconf 83' lang='lat' dir='ltr'>videntur</span> <span class='ocrx_word' id='word_1_165' title='bbox 2158 916 2231 938; x_wconf 87' lang='lat' dir='ltr'>esse</span> 
     </span>
     <span class='ocr_line' id='line_1_18' title="bbox 617 951 1767 993; baseline 0 -7"><span class='ocrx_word' id='word_1_166' title='bbox 617 951 715 987; x_wconf 88' lang='lat' dir='ltr'>here.</span> <span class='ocrx_word' id='word_1_167' title='bbox 1216 961 1218 993; x_wconf 60' lang='grc' dir='ltr'>ζ,</span> <span class='ocrx_word' id='word_1_168' title='bbox 1660 959 1767 987; x_wconf 84' lang='lat' dir='ltr'>certa.</span> 
     </span>
     <span class='ocr_line' id='line_1_19' title="bbox 252 1002 1905 1048; baseline -0.006 -2"><span class='ocrx_word' id='word_1_169' title='bbox 252 1015 343 1046; x_wconf 68' lang='lat' dir='ltr'>[lect.</span> <span class='ocrx_word' id='word_1_170' title='bbox 368 1008 549 1041; x_wconf 82' lang='lat' dir='ltr'>Habemus</span> <span class='ocrx_word' id='word_1_171' title='bbox 566 1016 712 1044; x_wconf 88' lang='lat' dir='ltr'>aurum,</span> <span class='ocrx_word' id='word_1_172' title='bbox 734 1004 763 1037; x_wconf 89' lang='lat' dir='ltr'>si</span> <span class='ocrx_word' id='word_1_173' title='bbox 779 1002 847 1037; x_wconf 89' lang='lat' dir='ltr'>hoc</span> <span class='ocrx_word' id='word_1_174' title='bbox 871 1004 1071 1048; x_wconf 87' lang='lat' dir='ltr'>praemium</span> <span class='ocrx_word' id='word_1_175' title='bbox 1088 1004 1188 1048; x_wconf 86' lang='lat' dir='ltr'>petis.</span> <span class='ocrx_word' id='word_1_176' title='bbox 1294 1005 1372 1038; x_wconf 92' lang='grc' dir='ltr'><strong><em>Ποῖ.</em></strong></span> <span class='ocrx_word' id='word_1_177' title='bbox 1398 1003 1460 1036; x_wconf 87' lang='lat' dir='ltr'>Ibo</span> <span class='ocrx_word' id='word_1_178' title='bbox 1480 1004 1613 1038; x_wconf 82' lang='lat' dir='ltr'>vadens</span> <span class='ocrx_word' id='word_1_179' title='bbox 1631 1005 1726 1037; x_wconf 81' lang='lat' dir='ltr'>intra</span> <span class='ocrx_word' id='word_1_180' title='bbox 1744 1005 1905 1044; x_wconf 89' lang='lat' dir='ltr'>domum,</span> 
     </span>
     <span class='ocr_line' id='line_1_20' title="bbox 205 1050 1992 1100; baseline -0.005 -3"><span class='ocrx_word' id='word_1_181' title='bbox 205 1064 275 1097; x_wconf 82' lang='lat'>170</span> <span class='ocrx_word' id='word_1_182' title='bbox 299 1062 376 1096; x_wconf 88' lang='grc' dir='ltr'><strong><em>Ποῖ.</em></strong></span> <span class='ocrx_word' id='word_1_183' title='bbox 402 1058 510 1091; x_wconf 82' lang='lat' dir='ltr'>Domi</span> <span class='ocrx_word' id='word_1_184' title='bbox 527 1054 660 1093; x_wconf 63' lang='lat' dir='ltr'>bahem</span> <span class='ocrx_word' id='word_1_185' title='bbox 685 1068 759 1088; x_wconf 91' lang='lat' dir='ltr'>non</span> <span class='ocrx_word' id='word_1_186' title='bbox 778 1067 919 1099; x_wconf 86' lang='lat' dir='ltr'>egemus</span> <span class='ocrx_word' id='word_1_187' title='bbox 938 1056 1077 1099; x_wconf 88' lang='lat' dir='ltr'>opibus.</span> <span class='ocrx_word' id='word_1_188' title='bbox 1216 1050 1218 1085; x_wconf 61' lang='grc' dir='ltr'>ζ’</span> <span class='ocrx_word' id='word_1_189' title='bbox 1293 1055 1487 1099; x_wconf 81' lang='lat' dir='ltr'>Apparaho</span> <span class='ocrx_word' id='word_1_190' title='bbox 1506 1067 1634 1098; x_wconf 92' lang='lat' dir='ltr'>corpus</span> <span class='ocrx_word' id='word_1_191' title='bbox 1651 1062 1826 1100; x_wconf 87' lang='lat' dir='ltr'>apparatu</span> <span class='ocrx_word' id='word_1_192' title='bbox 1842 1055 1992 1089; x_wconf 88' lang='lat' dir='ltr'>decenti.</span> 
     </span>
     <span class='ocr_line' id='line_1_21' title="bbox 253 1105 2154 1156; baseline -0.003 -9"><span class='ocrx_word' id='word_1_193' title='bbox 253 1116 347 1148; x_wconf 71' lang='lat' dir='ltr'>[lect.</span> <span class='ocrx_word' id='word_1_194' title='bbox 384 1109 480 1156; x_wconf 66' lang='lat' dir='ltr'>Quiri</span> <span class='ocrx_word' id='word_1_195' title='bbox 511 1107 618 1151; x_wconf 84' lang='lat' dir='ltr'>igitur</span> <span class='ocrx_word' id='word_1_196' title='bbox 649 1106 747 1150; x_wconf 89' lang='lat' dir='ltr'>cupis</span> <span class='ocrx_word' id='word_1_197' title='bbox 781 1118 904 1139; x_wconf 88' lang='lat' dir='ltr'>earum</span> <span class='ocrx_word' id='word_1_198' title='bbox 930 1119 1070 1147; x_wconf 91' lang='lat' dir='ltr'>rerum,</span> <span class='ocrx_word' id='word_1_199' title='bbox 1103 1118 1190 1151; x_wconf 88' lang='lat' dir='ltr'>quas</span> <span class='ocrx_word' id='word_1_200' title='bbox 1217 1108 1219 1152; x_wconf 71' lang='grc' dir='ltr'>ξ</span> <span class='ocrx_word' id='word_1_201' title='bbox 1294 1105 1378 1139; x_wconf 89' lang='lat' dir='ltr'>Inde</span> <span class='ocrx_word' id='word_1_202' title='bbox 1397 1106 1577 1150; x_wconf 84' lang='lat' dir='ltr'>proferam</span> <span class='ocrx_word' id='word_1_203' title='bbox 1593 1107 1720 1150; x_wconf 90' lang='lat' dir='ltr'>pedem</span> <span class='ocrx_word' id='word_1_204' title='bbox 1737 1107 1781 1139; x_wconf 84' lang='lat' dir='ltr'>ad</span> <span class='ocrx_word' id='word_1_205' title='bbox 1798 1118 1908 1140; x_wconf 75' lang='lat' dir='ltr'>naves</span> <span class='ocrx_word' id='word_1_206' title='bbox 1924 1105 2154 1151; x_wconf 79' lang='lat' dir='ltr'>Argivorum.</span> 
     </span>
     <span class='ocr_line' id='line_1_22' title="bbox 620 1154 2141 1202; baseline 0.001 -12"><span class='ocrx_word' id='word_1_207' title='bbox 620 1156 723 1191; x_wconf 88' lang='lat' dir='ltr'>Ilium</span> <span class='ocrx_word' id='word_1_208' title='bbox 743 1156 863 1190; x_wconf 79' lang='lat' dir='ltr'>tenet?</span> <span class='ocrx_word' id='word_1_209' title='bbox 1296 1159 1394 1191; x_wconf 66' lang='grc' dir='ltr'>δῖνον.</span> <span class='ocrx_word' id='word_1_210' title='bbox 1417 1157 1512 1191; x_wconf 86' lang='lat' dir='ltr'>Num</span> <span class='ocrx_word' id='word_1_211' title='bbox 1530 1154 1676 1191; x_wconf 89' lang='lat' dir='ltr'>habebis</span> <span class='ocrx_word' id='word_1_212' title='bbox 1693 1157 1800 1190; x_wconf 85' lang='lat' dir='ltr'>aliam</span> <span class='ocrx_word' id='word_1_213' title='bbox 1821 1163 1951 1190; x_wconf 77' lang='lat' dir='ltr'>vestem</span> <span class='ocrx_word' id='word_1_214' title='bbox 1968 1170 2035 1202; x_wconf 88' lang='lat' dir='ltr'>pro</span> <span class='ocrx_word' id='word_1_215' title='bbox 2051 1156 2141 1191; x_wconf 77' lang='lat' dir='ltr'>hac?</span> 
     </span>
     <span class='ocr_line' id='line_1_23' title="bbox 255 1206 2235 1253; baseline -0.004 -2"><span class='ocrx_word' id='word_1_216' title='bbox 255 1217 330 1251; x_wconf 80' lang='grc' dir='ltr'><strong><em>Ποῖ.</em></strong></span> <span class='ocrx_word' id='word_1_217' title='bbox 360 1214 448 1247; x_wconf 87' lang='lat' dir='ltr'>Cum</span> <span class='ocrx_word' id='word_1_218' title='bbox 467 1219 506 1246; x_wconf 87' lang='lat' dir='ltr'>tu</span> <span class='ocrx_word' id='word_1_219' title='bbox 525 1209 648 1243; x_wconf 69' lang='lat' dir='ltr'>viceris</span> <span class='ocrx_word' id='word_1_220' title='bbox 668 1209 843 1248; x_wconf 78' lang='lat' dir='ltr'>Graecos,</span> <span class='ocrx_word' id='word_1_221' title='bbox 870 1208 1040 1253; x_wconf 80' lang='lat' dir='ltr'>promitte</span> <span class='ocrx_word' id='word_1_222' title='bbox 1059 1209 1165 1242; x_wconf 86' lang='lat' dir='ltr'>dona.</span> <span class='ocrx_word' id='word_1_223' title='bbox 1244 1207 1319 1243; x_wconf 73' lang='lat'>205</span> <span class='ocrx_word' id='word_1_224' title='bbox 1343 1209 1421 1242; x_wconf 87' lang='grc' dir='ltr'><strong><em>Ποῖ.</em></strong></span> <span class='ocrx_word' id='word_1_225' title='bbox 1440 1207 1721 1241; x_wconf 84' lang='lat' dir='ltr'>Convenientem</span> <span class='ocrx_word' id='word_1_226' title='bbox 1738 1206 1821 1241; x_wconf 86' lang='lat' dir='ltr'>huic</span> <span class='ocrx_word' id='word_1_227' title='bbox 1837 1208 1980 1252; x_wconf 84' lang='lat' dir='ltr'>negotio</span> <span class='ocrx_word' id='word_1_228' title='bbox 1999 1215 2032 1242; x_wconf 90' lang='lat' dir='ltr'>et</span> <span class='ocrx_word' id='word_1_229' title='bbox 2050 1209 2235 1243; x_wconf 83' lang='lat' dir='ltr'>insidiato-</span> 
     </span>
     <span class='ocr_line' id='line_1_24' title="bbox 254 1259 1867 1308; baseline -0.006 -6"><span class='ocrx_word' id='word_1_230' title='bbox 254 1270 346 1302; x_wconf 71' lang='lat' dir='ltr'>Hect.</span> <span class='ocrx_word' id='word_1_231' title='bbox 368 1265 493 1302; x_wconf 81' lang='lat' dir='ltr'>Dab03</span> <span class='ocrx_word' id='word_1_232' title='bbox 519 1261 658 1308; x_wconf 83' lang='lat' dir='ltr'>postula</span> <span class='ocrx_word' id='word_1_233' title='bbox 685 1267 822 1293; x_wconf 83' lang='lat' dir='ltr'>tautum</span> <span class='ocrx_word' id='word_1_234' title='bbox 847 1267 989 1304; x_wconf 88' lang='lat' dir='ltr'>praeter</span> <span class='ocrx_word' id='word_1_235' title='bbox 1007 1261 1113 1293; x_wconf 87' lang='lat' dir='ltr'>duces</span> <span class='ocrx_word' id='word_1_236' title='bbox 1129 1272 1191 1293; x_wconf 83' lang='lat' dir='ltr'>na·</span> <span class='ocrx_word' id='word_1_237' title='bbox 1661 1259 1717 1292; x_wconf 90' lang='lat' dir='ltr'>rio</span> <span class='ocrx_word' id='word_1_238' title='bbox 1736 1259 1867 1293; x_wconf 89' lang='lat' dir='ltr'>itineri.</span> 
     </span>
     <span class='ocr_line' id='line_1_25' title="bbox 610 1309 2236 1356; baseline 0.001 -12"><span class='ocrx_word' id='word_1_239' title='bbox 610 1312 720 1344; x_wconf 68' lang='lat' dir='ltr'>vium.</span> <span class='ocrx_word' id='word_1_240' title='bbox 918 1317 920 1319; x_wconf 85' lang='lat'>&#39;</span> <span class='ocrx_word' id='word_1_241' title='bbox 1219 1317 1221 1352; x_wconf 49' lang='grc' dir='ltr'><em>ᾗ</em></span> <span class='ocrx_word' id='word_1_242' title='bbox 1299 1311 1395 1345; x_wconf 79' lang='grc' dir='ltr'><strong><em>Οῖιον.</em></strong></span> <span class='ocrx_word' id='word_1_243' title='bbox 1445 1336 1466 1349; x_wconf 80' lang='lat'>‚,</span> <span class='ocrx_word' id='word_1_244' title='bbox 1481 1309 1511 1342; x_wconf 75' lang='lat' dir='ltr'><strong>A</strong></span> <span class='ocrx_word' id='word_1_245' title='bbox 1555 1309 1713 1354; x_wconf 81' lang='lat' dir='ltr'>sapiente</span> <span class='ocrx_word' id='word_1_246' title='bbox 1759 1310 1837 1343; x_wconf 80' lang='lat' dir='ltr'>viro</span> <span class='ocrx_word' id='word_1_247' title='bbox 1882 1312 1981 1344; x_wconf 89' lang='lat' dir='ltr'>decet</span> <span class='ocrx_word' id='word_1_248' title='bbox 2023 1311 2236 1356; x_wconf 80' lang='lat' dir='ltr'>sapientiam</span> 
     </span>
     <span class='ocr_line' id='line_1_26' title="bbox 258 1361 1803 1407; baseline -0.006 -4"><span class='ocrx_word' id='word_1_249' title='bbox 258 1371 332 1404; x_wconf 83' lang='grc' dir='ltr'><strong><em>Ποῖ.</em></strong></span> <span class='ocrx_word' id='word_1_250' title='bbox 358 1366 536 1403; x_wconf 73' lang='lat' dir='ltr'>Iutrrfice,</span> <span class='ocrx_word' id='word_1_251' title='bbox 560 1376 633 1397; x_wconf 89' lang='lat' dir='ltr'>non</span> <span class='ocrx_word' id='word_1_252' title='bbox 653 1363 794 1407; x_wconf 90' lang='lat' dir='ltr'>postulo</span> <span class='ocrx_word' id='word_1_253' title='bbox 814 1369 846 1395; x_wconf 87' lang='lat' dir='ltr'>te</span> <span class='ocrx_word' id='word_1_254' title='bbox 868 1363 1045 1396; x_wconf 86' lang='lat' dir='ltr'>abstinere</span> <span class='ocrx_word' id='word_1_255' title='bbox 1065 1374 1192 1396; x_wconf 87' lang='lat' dir='ltr'>manus</span> <span class='ocrx_word' id='word_1_256' title='bbox 1658 1361 1803 1395; x_wconf 86' lang='lat' dir='ltr'>discere.</span> 
     </span>
     <span class='ocr_line' id='line_1_27' title="bbox 615 1412 2056 1456; baseline -0.001 -10"><span class='ocrx_word' id='word_1_257' title='bbox 615 1414 793 1447; x_wconf 82' lang='lat' dir='ltr'>Menelao.</span> <span class='ocrx_word' id='word_1_258' title='bbox 1219 1420 1222 1432; x_wconf 78' lang='lat'><em>¹</em></span> <span class='ocrx_word' id='word_1_259' title='bbox 1299 1412 1404 1445; x_wconf 92' lang='lat' dir='ltr'>Dicas</span> <span class='ocrx_word' id='word_1_260' title='bbox 1417 1438 1426 1450; x_wconf 82' lang='grc'><em>,</em></span> <span class='ocrx_word' id='word_1_261' title='bbox 1448 1413 1545 1456; x_wconf 91' lang='lat' dir='ltr'>quod</span> <span class='ocrx_word' id='word_1_262' title='bbox 1563 1412 1629 1444; x_wconf 93' lang='lat' dir='ltr'>erit</span> <span class='ocrx_word' id='word_1_263' title='bbox 1644 1419 1784 1456; x_wconf 85' lang='lat' dir='ltr'>tegmen</span> <span class='ocrx_word' id='word_1_264' title='bbox 1802 1412 1854 1444; x_wconf 89' lang='lat' dir='ltr'>tui</span> <span class='ocrx_word' id='word_1_265' title='bbox 1870 1412 2056 1456; x_wconf 81' lang='lat' dir='ltr'>corporis?</span> 
     </span>
     <span class='ocr_line' id='line_1_28' title="bbox 209 1462 2192 1509; baseline -0.005 -2"><span class='ocrx_word' id='word_1_266' title='bbox 209 1476 224 1507; x_wconf 88' lang='lat'>1</span> <span class='ocrx_word' id='word_1_267' title='bbox 236 1472 278 1506; x_wconf 80' lang='grc'>75</span> <span class='ocrx_word' id='word_1_268' title='bbox 303 1473 397 1505; x_wconf 79' lang='lat' dir='ltr'>Hect.</span> <span class='ocrx_word' id='word_1_269' title='bbox 422 1468 516 1502; x_wconf 69' lang='lat' dir='ltr'>Num</span> <span class='ocrx_word' id='word_1_270' title='bbox 534 1466 629 1500; x_wconf 80' lang='lat' dir='ltr'>Oilei</span> <span class='ocrx_word' id='word_1_271' title='bbox 644 1466 755 1499; x_wconf 86' lang='lat' dir='ltr'>filium</span> <span class='ocrx_word' id='word_1_272' title='bbox 773 1465 931 1509; x_wconf 86' lang='lat' dir='ltr'>postulas</span> <span class='ocrx_word' id='word_1_273' title='bbox 947 1464 1130 1509; x_wconf 75' lang='lat' dir='ltr'>accipere?</span> <span class='ocrx_word' id='word_1_274' title='bbox 1298 1464 1376 1496; x_wconf 90' lang='grc' dir='ltr'><strong><em>Ποῖ.</em></strong></span> <span class='ocrx_word' id='word_1_275' title='bbox 1401 1463 1540 1496; x_wconf 87' lang='lat' dir='ltr'>Ponam</span> <span class='ocrx_word' id='word_1_276' title='bbox 1561 1462 1720 1506; x_wconf 84' lang='lat' dir='ltr'>lupinam</span> <span class='ocrx_word' id='word_1_277' title='bbox 1739 1463 1865 1507; x_wconf 86' lang='lat' dir='ltr'>pellem</span> <span class='ocrx_word' id='word_1_278' title='bbox 1886 1463 2017 1496; x_wconf 85' lang='lat' dir='ltr'>circum</span> <span class='ocrx_word' id='word_1_279' title='bbox 2033 1465 2192 1504; x_wconf 84' lang='lat' dir='ltr'>dorsum,</span> 
     </span>
     <span class='ocr_line' id='line_1_29' title="bbox 260 1513 2185 1562; baseline -0.004 -6"><span class='ocrx_word' id='word_1_280' title='bbox 260 1524 334 1556; x_wconf 88' lang='grc' dir='ltr'><strong><em>Ποῖ.</em></strong></span> <span class='ocrx_word' id='word_1_281' title='bbox 357 1520 517 1561; x_wconf 81' lang='lat' dir='ltr'>„Manus</span> <span class='ocrx_word' id='word_1_282' title='bbox 535 1529 702 1562; x_wconf 85' lang='lat' dir='ltr'>generose</span> <span class='ocrx_word' id='word_1_283' title='bbox 723 1516 827 1549; x_wconf 70' lang='lat' dir='ltr'>alitae,</span> <span class='ocrx_word' id='word_1_284' title='bbox 847 1528 921 1549; x_wconf 85' lang='lat' dir='ltr'>uon</span> <span class='ocrx_word' id='word_1_285' title='bbox 937 1523 1019 1549; x_wconf 86' lang='lat' dir='ltr'>suut</span> <span class='ocrx_word' id='word_1_286' title='bbox 1044 1516 1192 1549; x_wconf 75' lang='lat' dir='ltr'>idoneae</span> <span class='ocrx_word' id='word_1_287' title='bbox 1298 1513 1342 1546; x_wconf 83' lang='lat' dir='ltr'>Et</span> <span class='ocrx_word' id='word_1_288' title='bbox 1358 1514 1484 1546; x_wconf 86' lang='lat' dir='ltr'>faciem</span> <span class='ocrx_word' id='word_1_289' title='bbox 1502 1514 1651 1559; x_wconf 69' lang='lat' dir='ltr'>fernen)</span> <span class='ocrx_word' id='word_1_290' title='bbox 1669 1514 1760 1547; x_wconf 87' lang='lat' dir='ltr'>circa</span> <span class='ocrx_word' id='word_1_291' title='bbox 1778 1526 1897 1547; x_wconf 88' lang='lat' dir='ltr'>meum</span> <span class='ocrx_word' id='word_1_292' title='bbox 1916 1521 2023 1558; x_wconf 84' lang='lat' dir='ltr'>caput</span> <span class='ocrx_word' id='word_1_293' title='bbox 2037 1526 2185 1558; x_wconf 86' lang='lat' dir='ltr'>ponam,</span> 
     </span>
     <span class='ocr_line' id='line_1_30' title="bbox 619 1565 2088 1615; baseline -0.001 -15"><span class='ocrx_word' id='word_1_294' title='bbox 619 1569 664 1601; x_wconf 84' lang='lat' dir='ltr'>ad</span> <span class='ocrx_word' id='word_1_295' title='bbox 680 1568 852 1600; x_wconf 87' lang='lat' dir='ltr'>laborem.</span> <span class='ocrx_word' id='word_1_296' title='bbox 1221 1602 1224 1615; x_wconf 74' lang='lat'>‹</span> <span class='ocrx_word' id='word_1_297' title='bbox 1248 1566 1323 1601; x_wconf 75' lang='lat'>210</span> <span class='ocrx_word' id='word_1_298' title='bbox 1348 1565 1516 1598; x_wconf 78' lang='lat' dir='ltr'>Gressmu</span> <span class='ocrx_word' id='word_1_299' title='bbox 1535 1577 1552 1597; x_wconf 83' lang='lat' dir='ltr'>e</span> <span class='ocrx_word' id='word_1_300' title='bbox 1570 1565 1748 1608; x_wconf 83' lang='lat' dir='ltr'>prioribus</span> <span class='ocrx_word' id='word_1_301' title='bbox 1768 1565 1931 1598; x_wconf 84' lang='lat' dir='ltr'>manibus</span> <span class='ocrx_word' id='word_1_302' title='bbox 1949 1571 2088 1609; x_wconf 82' lang='lat' dir='ltr'>aptans,</span> 
     </span>
     <span class='ocr_line' id='line_1_31' title="bbox 261 1615 2105 1667; baseline -0.004 -10"><span class='ocrx_word' id='word_1_303' title='bbox 261 1627 349 1658; x_wconf 72' lang='lat' dir='ltr'>Hect.</span> <span class='ocrx_word' id='word_1_304' title='bbox 387 1622 503 1667; x_wconf 85' lang='lat' dir='ltr'>Quem</span> <span class='ocrx_word' id='word_1_305' title='bbox 530 1620 637 1665; x_wconf 79' lang='lat' dir='ltr'>igitur</span> <span class='ocrx_word' id='word_1_306' title='bbox 663 1620 883 1652; x_wconf 84' lang='lat' dir='ltr'>Graecorum</span> <span class='ocrx_word' id='word_1_307' title='bbox 914 1617 1092 1650; x_wconf 74' lang='lat' dir='ltr'>viventem</span> <span class='ocrx_word' id='word_1_308' title='bbox 1117 1618 1193 1651; x_wconf 88' lang='lat' dir='ltr'>dari</span> <span class='ocrx_word' id='word_1_309' title='bbox 1299 1615 1343 1649; x_wconf 89' lang='lat' dir='ltr'>Et</span> <span class='ocrx_word' id='word_1_310' title='bbox 1360 1617 1465 1660; x_wconf 92' lang='lat' dir='ltr'>pedes</span> <span class='ocrx_word' id='word_1_311' title='bbox 1483 1616 1632 1659; x_wconf 89' lang='lat' dir='ltr'>pedibus</span> <span class='ocrx_word' id='word_1_312' title='bbox 1648 1616 1917 1661; x_wconf 78' lang='lat' dir='ltr'>quadrupedem</span> <span class='ocrx_word' id='word_1_313' title='bbox 1934 1615 2105 1649; x_wconf 83' lang='lat' dir='ltr'>imitabor</span> 
     </span>
     <span class='ocr_line' id='line_1_32' title="bbox 625 1665 2137 1712; baseline -0.002 -9"><span class='ocrx_word' id='word_1_314' title='bbox 625 1670 690 1703; x_wconf 90' lang='lat' dir='ltr'>tibi</span> <span class='ocrx_word' id='word_1_315' title='bbox 707 1670 758 1703; x_wconf 77' lang='lat' dir='ltr'>vis</span> <span class='ocrx_word' id='word_1_316' title='bbox 776 1668 940 1702; x_wconf 73' lang='lat' dir='ltr'>muneri?</span> <span class='ocrx_word' id='word_1_317' title='bbox 1299 1667 1392 1712; x_wconf 86' lang='lat' dir='ltr'>Lupi</span> <span class='ocrx_word' id='word_1_318' title='bbox 1413 1667 1585 1700; x_wconf 88' lang='lat' dir='ltr'>incessum</span> <span class='ocrx_word' id='word_1_319' title='bbox 1603 1665 1763 1700; x_wconf 85' lang='lat' dir='ltr'>hostibus</span> <span class='ocrx_word' id='word_1_320' title='bbox 1781 1667 1958 1700; x_wconf 79' lang='lat' dir='ltr'>difficilem</span> <span class='ocrx_word' id='word_1_321' title='bbox 1976 1667 2137 1707; x_wconf 87' lang='lat' dir='ltr'>inventu,</span> 
     </span>
     <span class='ocr_line' id='line_1_33' title="bbox 259 1717 2238 1769; baseline -0.004 -10"><span class='ocrx_word' id='word_1_322' title='bbox 259 1727 336 1761; x_wconf 83' lang='grc' dir='ltr'><strong><em>Ποῖ.</em></strong></span> <span class='ocrx_word' id='word_1_323' title='bbox 362 1723 472 1769; x_wconf 78' lang='lat' dir='ltr'>Atqui</span> <span class='ocrx_word' id='word_1_324' title='bbox 491 1729 594 1755; x_wconf 84' lang='lat' dir='ltr'>antea</span> <span class='ocrx_word' id='word_1_325' title='bbox 612 1722 704 1761; x_wconf 83' lang='lat' dir='ltr'>dixi,</span> <span class='ocrx_word' id='word_1_326' title='bbox 721 1733 776 1754; x_wconf 87' lang='lat' dir='ltr'>me</span> <span class='ocrx_word' id='word_1_327' title='bbox 792 1720 891 1754; x_wconf 88' lang='lat' dir='ltr'>domi</span> <span class='ocrx_word' id='word_1_328' title='bbox 909 1717 1040 1752; x_wconf 78' lang='lat' dir='ltr'>habere</span> <span class='ocrx_word' id='word_1_329' title='bbox 1057 1732 1195 1753; x_wconf 83' lang='lat' dir='ltr'>aurum.</span> <span class='ocrx_word' id='word_1_330' title='bbox 1301 1718 1606 1763; x_wconf 82' lang='lat' dir='ltr'>Appropinquans</span> <span class='ocrx_word' id='word_1_331' title='bbox 1623 1719 1666 1751; x_wconf 86' lang='lat' dir='ltr'>ad</span> <span class='ocrx_word' id='word_1_332' title='bbox 1682 1719 1812 1751; x_wconf 77' lang='lat' dir='ltr'>fossam</span> <span class='ocrx_word' id='word_1_333' title='bbox 1824 1724 1857 1750; x_wconf 89' lang='lat' dir='ltr'>et</span> <span class='ocrx_word' id='word_1_334' title='bbox 1872 1717 2018 1751; x_wconf 83' lang='lat' dir='ltr'>navium</span> <span class='ocrx_word' id='word_1_335' title='bbox 2034 1730 2238 1764; x_wconf 81' lang='lat' dir='ltr'>propugna-</span> 
     </span>
     <span class='ocr_line' id='line_1_34' title="bbox 261 1769 1751 1820; baseline -0.007 -9"><span class='ocrx_word' id='word_1_336' title='bbox 261 1781 353 1811; x_wconf 69' lang='lat' dir='ltr'>Hect.</span> <span class='ocrx_word' id='word_1_337' title='bbox 380 1777 497 1820; x_wconf 79' lang='lat' dir='ltr'>Atque</span> <span class='ocrx_word' id='word_1_338' title='bbox 515 1786 556 1806; x_wconf 79' lang='lat' dir='ltr'>ex</span> <span class='ocrx_word' id='word_1_339' title='bbox 572 1773 694 1817; x_wconf 89' lang='lat' dir='ltr'>spoliis</span> <span class='ocrx_word' id='word_1_340' title='bbox 714 1784 879 1816; x_wconf 77' lang='lat' dir='ltr'>praesens</span> <span class='ocrx_word' id='word_1_341' title='bbox 898 1771 971 1815; x_wconf 89' lang='lat' dir='ltr'>ipse</span> <span class='ocrx_word' id='word_1_342' title='bbox 989 1771 1105 1815; x_wconf 87' lang='lat' dir='ltr'>eliges.</span> <span class='ocrx_word' id='word_1_343' title='bbox 1662 1769 1751 1802; x_wconf 87' lang='lat' dir='ltr'>cula.</span> 
     </span>
     <span class='ocr_line' id='line_1_35' title="bbox 214 1819 2239 1870; baseline -0.004 -7"><span class='ocrx_word' id='word_1_344' title='bbox 214 1830 283 1863; x_wconf 78' lang='lat'>180</span> <span class='ocrx_word' id='word_1_345' title='bbox 309 1829 386 1862; x_wconf 84' lang='grc' dir='ltr'><strong><em>Ποῖ.</em></strong></span> <span class='ocrx_word' id='word_1_346' title='bbox 414 1825 532 1870; x_wconf 81' lang='lat' dir='ltr'>Spolia</span> <span class='ocrx_word' id='word_1_347' title='bbox 550 1824 725 1868; x_wconf 85' lang='lat' dir='ltr'>suspende</span> <span class='ocrx_word' id='word_1_348' title='bbox 741 1823 819 1856; x_wconf 85' lang='lat' dir='ltr'>Diis</span> <span class='ocrx_word' id='word_1_349' title='bbox 837 1823 873 1855; x_wconf 91' lang='lat' dir='ltr'>in</span> <span class='ocrx_word' id='word_1_350' title='bbox 890 1822 1043 1866; x_wconf 84' lang='lat' dir='ltr'>templis.</span> <span class='ocrx_word' id='word_1_351' title='bbox 1303 1821 1457 1865; x_wconf 86' lang='lat' dir='ltr'>Quando</span> <span class='ocrx_word' id='word_1_352' title='bbox 1490 1832 1573 1853; x_wconf 82' lang='lat' dir='ltr'>vero</span> <span class='ocrx_word' id='word_1_353' title='bbox 1604 1820 1730 1864; x_wconf 89' lang='lat' dir='ltr'>procul</span> <span class='ocrx_word' id='word_1_354' title='bbox 1761 1831 1779 1852; x_wconf 82' lang='lat' dir='ltr'>a</span> <span class='ocrx_word' id='word_1_355' title='bbox 1811 1819 1962 1852; x_wconf 83' lang='lat' dir='ltr'>navibus</span> <span class='ocrx_word' id='word_1_356' title='bbox 1993 1820 2175 1864; x_wconf 84' lang='lat' dir='ltr'>ingredior</span> <span class='ocrx_word' id='word_1_357' title='bbox 2202 1822 2239 1854; x_wconf 91' lang='lat' dir='ltr'>in</span> 
     </span>
     <span class='ocr_line' id='line_1_36' title="bbox 261 1870 1914 1921; baseline -0.006 -9"><span class='ocrx_word' id='word_1_358' title='bbox 261 1882 354 1914; x_wconf 79' lang='lat' dir='ltr'>Hect.</span> <span class='ocrx_word' id='word_1_359' title='bbox 379 1877 487 1921; x_wconf 84' lang='lat' dir='ltr'>Quod</span> <span class='ocrx_word' id='word_1_360' title='bbox 500 1875 608 1920; x_wconf 83' lang='lat' dir='ltr'>igitur</span> <span class='ocrx_word' id='word_1_361' title='bbox 625 1874 740 1907; x_wconf 87' lang='lat' dir='ltr'>maius</span> <span class='ocrx_word' id='word_1_362' title='bbox 758 1872 812 1907; x_wconf 84' lang='lat' dir='ltr'>his</span> <span class='ocrx_word' id='word_1_363' title='bbox 829 1886 847 1905; x_wconf 84' lang='lat' dir='ltr'>a</span> <span class='ocrx_word' id='word_1_364' title='bbox 866 1886 922 1906; x_wconf 90' lang='lat' dir='ltr'>me</span> <span class='ocrx_word' id='word_1_365' title='bbox 938 1873 1027 1917; x_wconf 84' lang='lat' dir='ltr'>petis</span> <span class='ocrx_word' id='word_1_366' title='bbox 1046 1873 1198 1906; x_wconf 60' lang='lat' dir='ltr'>munus?</span> <span class='ocrx_word' id='word_1_367' title='bbox 1668 1872 1806 1904; x_wconf 85' lang='lat' dir='ltr'>deserto</span> <span class='ocrx_word' id='word_1_368' title='bbox 1823 1870 1914 1909; x_wconf 82' lang='lat' dir='ltr'>loco,</span> 
     </span>
     <span class='ocr_line' id='line_1_37' title="bbox 264 1920 2240 1973; baseline -0.003 -11"><span class='ocrx_word' id='word_1_369' title='bbox 264 1931 339 1964; x_wconf 89' lang='grc' dir='ltr'><strong><em>Ποῖ.</em></strong></span> <span class='ocrx_word' id='word_1_370' title='bbox 365 1928 486 1973; x_wconf 85' lang='lat' dir='ltr'>Equos</span> <span class='ocrx_word' id='word_1_371' title='bbox 504 1924 668 1963; x_wconf 84' lang='lat' dir='ltr'>Achillis;</span> <span class='ocrx_word' id='word_1_372' title='bbox 691 1926 791 1958; x_wconf 88' lang='lat' dir='ltr'>decet</span> <span class='ocrx_word' id='word_1_373' title='bbox 813 1937 869 1958; x_wconf 82' lang='lat' dir='ltr'>me</span> <span class='ocrx_word' id='word_1_374' title='bbox 890 1936 955 1969; x_wconf 90' lang='lat' dir='ltr'>pro</span> <span class='ocrx_word' id='word_1_375' title='bbox 982 1924 1087 1968; x_wconf 84' lang='lat' dir='ltr'>digna</span> <span class='ocrx_word' id='word_1_376' title='bbox 1105 1937 1199 1958; x_wconf 87' lang='lat' dir='ltr'>mer—</span> <span class='ocrx_word' id='word_1_377' title='bbox 1252 1921 1327 1958; x_wconf 74' lang='lat'>215</span> <span class='ocrx_word' id='word_1_378' title='bbox 1358 1922 1465 1967; x_wconf 87' lang='lat' dir='ltr'>Bipes</span> <span class='ocrx_word' id='word_1_379' title='bbox 1489 1922 1690 1966; x_wconf 86' lang='lat' dir='ltr'>ingredior;</span> <span class='ocrx_word' id='word_1_380' title='bbox 1723 1920 1790 1955; x_wconf 88' lang='lat' dir='ltr'>hoc</span> <span class='ocrx_word' id='word_1_381' title='bbox 1812 1923 1921 1954; x_wconf 90' lang='lat' dir='ltr'>modo</span> <span class='ocrx_word' id='word_1_382' title='bbox 1947 1923 2164 1966; x_wconf 88' lang='lat' dir='ltr'>compositus</span> <span class='ocrx_word' id='word_1_383' title='bbox 2189 1930 2240 1957; x_wconf 89' lang='lat' dir='ltr'>est</span> 
     </span>
     <span class='ocr_line' id='line_1_38' title="bbox 621 1974 1778 2016; baseline -0.002 -7"><span class='ocrx_word' id='word_1_384' title='bbox 621 1977 703 2009; x_wconf 88' lang='lat' dir='ltr'>cede</span> <span class='ocrx_word' id='word_1_385' title='bbox 719 1976 897 2016; x_wconf 82' lang='lat' dir='ltr'>laborare,</span> <span class='ocrx_word' id='word_1_386' title='bbox 1664 1974 1778 2007; x_wconf 89' lang='lat' dir='ltr'>dolus.</span> 
     </span>
     <span class='ocr_line' id='line_1_39' title="bbox 263 2023 2239 2070; baseline -0.003 -5"><span class='ocrx_word' id='word_1_387' title='bbox 263 2032 507 2066; x_wconf 71' lang='lat' dir='ltr'>Adducentem</span> <span class='ocrx_word' id='word_1_388' title='bbox 526 2028 635 2060; x_wconf 76' lang='lat' dir='ltr'>vitam</span> <span class='ocrx_word' id='word_1_389' title='bbox 655 2028 690 2060; x_wconf 88' lang='lat' dir='ltr'>in</span> <span class='ocrx_word' id='word_1_390' title='bbox 711 2028 824 2060; x_wconf 83' lang='lat' dir='ltr'>aleam</span> <span class='ocrx_word' id='word_1_391' title='bbox 843 2028 1020 2061; x_wconf 84' lang='lat' dir='ltr'>fortunae.</span> <span class='ocrx_word' id='word_1_392' title='bbox 1307 2026 1402 2060; x_wconf 79' lang='lat' dir='ltr'>Gkor.</span> <span class='ocrx_word' id='word_1_393' title='bbox 1436 2024 1546 2070; x_wconf 89' lang='lat' dir='ltr'>Atqui</span> <span class='ocrx_word' id='word_1_394' title='bbox 1573 2026 1663 2057; x_wconf 87' lang='lat' dir='ltr'>bene</span> <span class='ocrx_word' id='word_1_395' title='bbox 1687 2031 1720 2057; x_wconf 84' lang='lat' dir='ltr'>te</span> <span class='ocrx_word' id='word_1_396' title='bbox 1745 2023 1862 2057; x_wconf 86' lang='lat' dir='ltr'>Maiae</span> <span class='ocrx_word' id='word_1_397' title='bbox 1882 2023 1974 2057; x_wconf 87' lang='lat' dir='ltr'>filius</span> <span class='ocrx_word' id='word_1_398' title='bbox 1999 2023 2080 2058; x_wconf 89' lang='lat' dir='ltr'>illuc</span> <span class='ocrx_word' id='word_1_399' title='bbox 2105 2032 2138 2058; x_wconf 90' lang='lat' dir='ltr'>et</span> <span class='ocrx_word' id='word_1_400' title='bbox 2161 2037 2239 2059; x_wconf 82' lang='lat' dir='ltr'>rur-</span> 
     </span>
     <span class='ocr_line' id='line_1_40' title="bbox 262 2073 1831 2126; baseline -0.007 -8"><span class='ocrx_word' id='word_1_401' title='bbox 262 2086 356 2118; x_wconf 78' lang='lat' dir='ltr'>Hect.</span> <span class='ocrx_word' id='word_1_402' title='bbox 380 2080 491 2126; x_wconf 83' lang='lat' dir='ltr'>Atqui</span> <span class='ocrx_word' id='word_1_403' title='bbox 507 2091 605 2113; x_wconf 81' lang='lat' dir='ltr'>amas</span> <span class='ocrx_word' id='word_1_404' title='bbox 623 2091 733 2124; x_wconf 85' lang='lat' dir='ltr'>equos</span> <span class='ocrx_word' id='word_1_405' title='bbox 751 2091 808 2111; x_wconf 89' lang='lat' dir='ltr'>me</span> <span class='ocrx_word' id='word_1_406' title='bbox 825 2091 896 2112; x_wconf 85' lang='lat' dir='ltr'>una</span> <span class='ocrx_word' id='word_1_407' title='bbox 915 2084 1069 2111; x_wconf 84' lang='lat' dir='ltr'>amante.</span> <span class='ocrx_word' id='word_1_408' title='bbox 1661 2088 1737 2109; x_wconf 86' lang='lat' dir='ltr'>sum</span> <span class='ocrx_word' id='word_1_409' title='bbox 1762 2073 1831 2108; x_wconf 86' lang='lat' dir='ltr'>huc</span> 
     </span>
     <span class='ocr_line' id='line_1_41' title="bbox 218 2126 2237 2172; baseline -0.004 -4"><span class='ocrx_word' id='word_1_410' title='bbox 218 2133 289 2170; x_wconf 81' lang='lat'>185</span> <span class='ocrx_word' id='word_1_411' title='bbox 312 2133 363 2166; x_wconf 77' lang='lat' dir='ltr'>Ex</span> <span class='ocrx_word' id='word_1_412' title='bbox 379 2131 641 2165; x_wconf 83' lang='lat' dir='ltr'>immortalibus</span> <span class='ocrx_word' id='word_1_413' title='bbox 659 2130 753 2163; x_wconf 86' lang='lat' dir='ltr'>enim</span> <span class='ocrx_word' id='word_1_414' title='bbox 770 2130 990 2163; x_wconf 84' lang='lat' dir='ltr'>immortales</span> <span class='ocrx_word' id='word_1_415' title='bbox 1006 2128 1081 2162; x_wconf 90' lang='lat' dir='ltr'>nati</span> <span class='ocrx_word' id='word_1_416' title='bbox 1307 2127 1467 2161; x_wconf 82' lang='lat' dir='ltr'>Reducat</span> <span class='ocrx_word' id='word_1_417' title='bbox 1507 2126 1724 2167; x_wconf 82' lang='lat' dir='ltr'>Mercurius,</span> <span class='ocrx_word' id='word_1_418' title='bbox 1778 2126 1840 2172; x_wconf 89' lang='lat' dir='ltr'>qui</span> <span class='ocrx_word' id='word_1_419' title='bbox 1892 2132 1942 2159; x_wconf 90' lang='lat' dir='ltr'>est</span> <span class='ocrx_word' id='word_1_420' title='bbox 1989 2126 2237 2160; x_wconf 86' lang='lat' dir='ltr'>insidiatorum</span> 
     </span>
     <span class='ocr_line' id='line_1_42' title="bbox 266 2181 1814 2219; baseline -0.006 0"><span class='ocrx_word' id='word_1_421' title='bbox 266 2183 435 2219; x_wconf 83' lang='lat' dir='ltr'>Trahunt</span> <span class='ocrx_word' id='word_1_422' title='bbox 447 2182 545 2216; x_wconf 86' lang='lat' dir='ltr'>Pelei</span> <span class='ocrx_word' id='word_1_423' title='bbox 561 2182 768 2215; x_wconf 87' lang='lat' dir='ltr'>bellicosum</span> <span class='ocrx_word' id='word_1_424' title='bbox 786 2181 908 2214; x_wconf 76' lang='lat' dir='ltr'>filium.</span> <span class='ocrx_word' id='word_1_425' title='bbox 1668 2189 1814 2211; x_wconf 88' lang='lat' dir='ltr'>numen.</span> 
     </span>
     <span class='ocr_line' id='line_1_43' title="bbox 267 2215 1975 2282; baseline -0.006 -13"><span class='ocrx_word' id='word_1_426' title='bbox 267 2235 434 2270; x_wconf 79' lang='lat' dir='ltr'>Tradidit</span> <span class='ocrx_word' id='word_1_427' title='bbox 452 2232 518 2267; x_wconf 89' lang='lat' dir='ltr'>hos</span> <span class='ocrx_word' id='word_1_428' title='bbox 537 2245 711 2279; x_wconf 86' lang='lat' dir='ltr'>equorum</span> <span class='ocrx_word' id='word_1_429' title='bbox 729 2232 886 2265; x_wconf 77' lang='lat' dir='ltr'>domitor</span> <span class='ocrx_word' id='word_1_430' title='bbox 1228 2215 1232 2282; x_wconf 75' lang='lat' dir='ltr'>i</span> <span class='ocrx_word' id='word_1_431' title='bbox 1307 2229 1396 2262; x_wconf 86' lang='lat' dir='ltr'>Rem</span> <span class='ocrx_word' id='word_1_432' title='bbox 1414 2235 1530 2266; x_wconf 84' lang='lat' dir='ltr'>tenes;</span> <span class='ocrx_word' id='word_1_433' title='bbox 1555 2229 1644 2262; x_wconf 85' lang='lat' dir='ltr'>adsit</span> <span class='ocrx_word' id='word_1_434' title='bbox 1664 2236 1802 2262; x_wconf 80' lang='lat' dir='ltr'>tantum</span> <span class='ocrx_word' id='word_1_435' title='bbox 1820 2228 1975 2260; x_wconf 81' lang='lat' dir='ltr'>fortuna.</span> 
     </span>
    </p>
   </div>
   <div class='ocr_carea' id='block_1_4' title="bbox 223 2278 2241 2532">
    <p class='ocr_par' dir='ltr' id='par_1_4' title="bbox 223 2278 2241 2532">
     <span class='ocr_line' id='line_1_44' title="bbox 266 2278 2111 2330; baseline -0.004 -10"><span class='ocrx_word' id='word_1_436' title='bbox 266 2287 430 2320; x_wconf 77' lang='lat' dir='ltr'>Marinus</span> <span class='ocrx_word' id='word_1_437' title='bbox 444 2285 632 2330; x_wconf 83' lang='lat' dir='ltr'>Neptunus</span> <span class='ocrx_word' id='word_1_438' title='bbox 648 2284 755 2317; x_wconf 91' lang='lat' dir='ltr'>Peleo</span> <span class='ocrx_word' id='word_1_439' title='bbox 767 2310 776 2323; x_wconf 89' lang='lat'>‚</span> <span class='ocrx_word' id='word_1_440' title='bbox 798 2290 839 2316; x_wconf 88' lang='lat' dir='ltr'>ut</span> <span class='ocrx_word' id='word_1_441' title='bbox 857 2282 990 2315; x_wconf 87' lang='lat' dir='ltr'>dicunt.</span> <span class='ocrx_word' id='word_1_442' title='bbox 1307 2281 1384 2314; x_wconf 85' lang='grc' dir='ltr'><strong><em>Ποῖ.</em></strong></span> <span class='ocrx_word' id='word_1_443' title='bbox 1408 2280 1532 2313; x_wconf 85' lang='lat' dir='ltr'>Salvus</span> <span class='ocrx_word' id='word_1_444' title='bbox 1550 2292 1610 2313; x_wconf 91' lang='lat' dir='ltr'>ero</span> <span class='ocrx_word' id='word_1_445' title='bbox 1623 2307 1631 2319; x_wconf 73' lang='lat'>,</span> <span class='ocrx_word' id='word_1_446' title='bbox 1659 2287 1692 2313; x_wconf 86' lang='lat' dir='ltr'>et</span> <span class='ocrx_word' id='word_1_447' title='bbox 1708 2278 1920 2312; x_wconf 80' lang='lat' dir='ltr'>interficiens</span> <span class='ocrx_word' id='word_1_448' title='bbox 1936 2278 2111 2323; x_wconf 80' lang='lat' dir='ltr'>Ulyssem,</span> 
     </span>
     <span class='ocr_line' id='line_1_45' title="bbox 271 2328 2240 2380; baseline -0.004 -9"><span class='ocrx_word' id='word_1_449' title='bbox 271 2339 339 2372; x_wconf 79' lang='lat' dir='ltr'>Sed</span> <span class='ocrx_word' id='word_1_450' title='bbox 356 2349 429 2370; x_wconf 93' lang='lat' dir='ltr'>non</span> <span class='ocrx_word' id='word_1_451' title='bbox 445 2343 478 2369; x_wconf 88' lang='lat' dir='ltr'>te</span> <span class='ocrx_word' id='word_1_452' title='bbox 496 2336 648 2369; x_wconf 88' lang='lat' dir='ltr'>incitans</span> <span class='ocrx_word' id='word_1_453' title='bbox 667 2335 806 2368; x_wconf 80' lang='lat' dir='ltr'>fallam:</span> <span class='ocrx_word' id='word_1_454' title='bbox 834 2334 922 2380; x_wconf 91' lang='lat' dir='ltr'>quin</span> <span class='ocrx_word' id='word_1_455' title='bbox 940 2333 1032 2366; x_wconf 81' lang='lat' dir='ltr'>dabo</span> <span class='ocrx_word' id='word_1_456' title='bbox 1053 2332 1117 2364; x_wconf 86' lang='lat' dir='ltr'>tibi</span> <span class='ocrx_word' id='word_1_457' title='bbox 1257 2332 1331 2367; x_wconf 72' lang='lat'>220</span> <span class='ocrx_word' id='word_1_458' title='bbox 1356 2331 1442 2365; x_wconf 82' lang='lat' dir='ltr'>Eius</span> <span class='ocrx_word' id='word_1_459' title='bbox 1459 2338 1564 2375; x_wconf 87' lang='lat' dir='ltr'>caput</span> <span class='ocrx_word' id='word_1_460' title='bbox 1580 2331 1643 2364; x_wconf 91' lang='lat' dir='ltr'>tibi</span> <span class='ocrx_word' id='word_1_461' title='bbox 1662 2332 1785 2371; x_wconf 85' lang='lat' dir='ltr'>seram,</span> <span class='ocrx_word' id='word_1_462' title='bbox 1805 2336 1937 2363; x_wconf 84' lang='lat' dir='ltr'>certum</span> <span class='ocrx_word' id='word_1_463' title='bbox 1954 2330 2092 2374; x_wconf 85' lang='lat' dir='ltr'>signum</span> <span class='ocrx_word' id='word_1_464' title='bbox 2112 2328 2240 2368; x_wconf 84' lang='lat' dir='ltr'>habeo,</span> 
     </span>
     <span class='ocr_line' id='line_1_46' title="bbox 223 2380 2180 2430; baseline -0.006 -5"><span class='ocrx_word' id='word_1_465' title='bbox 223 2391 294 2425; x_wconf 87' lang='grc'>190</span> <span class='ocrx_word' id='word_1_466' title='bbox 323 2386 607 2422; x_wconf 83' lang='lat' dir='ltr'>Pulcherrimam</span> <span class='ocrx_word' id='word_1_467' title='bbox 632 2386 731 2419; x_wconf 88' lang='lat' dir='ltr'>domi</span> <span class='ocrx_word' id='word_1_468' title='bbox 755 2385 1034 2430; x_wconf 81' lang='lat' dir='ltr'>possessionem,</span> <span class='ocrx_word' id='word_1_469' title='bbox 1058 2380 1204 2417; x_wconf 81' lang='lat' dir='ltr'>Achillis</span> <span class='ocrx_word' id='word_1_470' title='bbox 1308 2382 1428 2428; x_wconf 88' lang='lat' dir='ltr'>(Dices</span> <span class='ocrx_word' id='word_1_471' title='bbox 1443 2382 1620 2415; x_wconf 85' lang='lat' dir='ltr'>Dolonem</span> <span class='ocrx_word' id='word_1_472' title='bbox 1639 2383 1682 2414; x_wconf 82' lang='lat' dir='ltr'>ad</span> <span class='ocrx_word' id='word_1_473' title='bbox 1700 2394 1807 2415; x_wconf 73' lang='lat' dir='ltr'>naves</span> <span class='ocrx_word' id='word_1_474' title='bbox 1824 2381 2044 2415; x_wconf 89' lang='lat' dir='ltr'>Graecorum</span> <span class='ocrx_word' id='word_1_475' title='bbox 2060 2381 2180 2427; x_wconf 88' lang='lat' dir='ltr'>ivisse)</span> 
     </span>
     <span class='ocr_line' id='line_1_47' title="bbox 638 2421 2069 2477; baseline -0.003 -6"><span class='ocrx_word' id='word_1_476' title='bbox 638 2450 794 2471; x_wconf 89' lang='lat' dir='ltr'>currum.</span> <span class='ocrx_word' id='word_1_477' title='bbox 1230 2421 1234 2468; x_wconf 77' lang='lat' dir='ltr'>l</span> <span class='ocrx_word' id='word_1_478' title='bbox 1309 2434 1380 2466; x_wconf 89' lang='lat' dir='ltr'>Aut</span> <span class='ocrx_word' id='word_1_479' title='bbox 1396 2434 1508 2466; x_wconf 85' lang='lat' dir='ltr'>filium</span> <span class='ocrx_word' id='word_1_480' title='bbox 1527 2433 1639 2477; x_wconf 90' lang='lat' dir='ltr'>Tydei</span> <span class='ocrx_word' id='word_1_481' title='bbox 1657 2445 1730 2465; x_wconf 92' lang='lat' dir='ltr'>non</span> <span class='ocrx_word' id='word_1_482' title='bbox 1747 2433 1930 2466; x_wconf 79' lang='lat' dir='ltr'>incruenta</span> <span class='ocrx_word' id='word_1_483' title='bbox 1950 2444 2069 2466; x_wconf 80' lang='lat' dir='ltr'>manu.</span> 
     </span>
     <span class='ocr_line' id='line_1_48' title="bbox 270 2484 2241 2532; baseline -0.005 -7"><span class='ocrx_word' id='word_1_484' title='bbox 270 2493 350 2527; x_wconf 83' lang='lat' dir='ltr'>Dol.</span> <span class='ocrx_word' id='word_1_485' title='bbox 391 2490 535 2529; x_wconf 80' lang='lat' dir='ltr'>Laudo,</span> <span class='ocrx_word' id='word_1_486' title='bbox 575 2495 608 2522; x_wconf 86' lang='lat' dir='ltr'>et</span> <span class='ocrx_word' id='word_1_487' title='bbox 633 2489 661 2522; x_wconf 92' lang='lat' dir='ltr'>si</span> <span class='ocrx_word' id='word_1_488' title='bbox 685 2500 873 2532; x_wconf 85' lang='lat' dir='ltr'>accepero,</span> <span class='ocrx_word' id='word_1_489' title='bbox 910 2484 1092 2531; x_wconf 80' lang='lat' dir='ltr'>gloriabor</span> <span class='ocrx_word' id='word_1_490' title='bbox 1113 2485 1205 2518; x_wconf 84' lang='lat' dir='ltr'>inter</span> <span class='ocrx_word' id='word_1_491' title='bbox 1309 2484 1447 2517; x_wconf 82' lang='lat' dir='ltr'>Redibo</span> <span class='ocrx_word' id='word_1_492' title='bbox 1471 2485 1638 2524; x_wconf 86' lang='lat' dir='ltr'>domum,</span> <span class='ocrx_word' id='word_1_493' title='bbox 1667 2485 1874 2530; x_wconf 85' lang='lat' dir='ltr'>priusquam</span> <span class='ocrx_word' id='word_1_494' title='bbox 1903 2484 2022 2517; x_wconf 89' lang='lat' dir='ltr'>lumen</span> <span class='ocrx_word' id='word_1_495' title='bbox 2042 2484 2164 2516; x_wconf 82' lang='lat' dir='ltr'>redeat</span> <span class='ocrx_word' id='word_1_496' title='bbox 2185 2495 2241 2516; x_wconf 93' lang='lat' dir='ltr'>su-</span> 
     </span>
    </p>
   </div>
   <div class='ocr_carea' id='block_1_5' title="bbox 637 2538 1903 2584">
    <p class='ocr_par' dir='ltr' id='par_1_5' title="bbox 637 2538 1903 2584">
     <span class='ocr_line' id='line_1_49' title="bbox 637 2538 1903 2584; baseline -0.002 -12"><span class='ocrx_word' id='word_1_497' title='bbox 637 2538 810 2584; x_wconf 79' lang='lat' dir='ltr'>Phrygas,</span> <span class='ocrx_word' id='word_1_498' title='bbox 1674 2548 1736 2580; x_wconf 87' lang='lat' dir='ltr'>pra</span> <span class='ocrx_word' id='word_1_499' title='bbox 1758 2542 1903 2569; x_wconf 82' lang='lat' dir='ltr'>terram.</span> 
     </span>
    </p>
   </div>
   <div class='ocr_carea' id='block_1_6' title="bbox 1229 2283 1234 2420">
    <p class='ocr_par' dir='ltr' id='par_1_6' title="bbox 1229 2283 1234 2420">
     <span class='ocr_line' id='line_1_50' title="bbox 1229 2283 1234 2420; baseline 0 560"><span class='ocrx_word' id='word_1_500' title='bbox 1229 2283 1234 2420; x_wconf 95' lang='lat' dir='ltr'> </span> 
     </span>
    </p>
   </div>
   <div class='ocr_carea' id='block_1_7' title="bbox 1230 2469 1235 2648">
    <p class='ocr_par' dir='ltr' id='par_1_7' title="bbox 1230 2469 1235 2648">
     <span class='ocr_line' id='line_1_51' title="bbox 1230 2469 1235 2648; baseline 0 332"><span class='ocrx_word' id='word_1_501' title='bbox 1230 2469 1235 2648; x_wconf 95' lang='lat' dir='ltr'> </span> 
     </span>
    </p>
   </div>
   <div class='ocr_carea' id='block_1_8' title="bbox 258 2672 1206 2740">
    <p class='ocr_par' dir='ltr' id='par_1_8' title="bbox 258 2672 1206 2740">
     <span class='ocr_line' id='line_1_52' title="bbox 258 2672 1206 2707; baseline -0.006 -7"><span class='ocrx_word' id='word_1_502' title='bbox 258 2676 303 2707; x_wconf 82' lang='lat'>10)</span> <span class='ocrx_word' id='word_1_503' title='bbox 331 2675 382 2699; x_wconf 86' lang='lat' dir='ltr'>iam</span> <span class='ocrx_word' id='word_1_504' title='bbox 407 2672 522 2704; x_wconf 82' lang='lat' dir='ltr'>ducens]</span> <span class='ocrx_word' id='word_1_505' title='bbox 548 2673 587 2696; x_wconf 79' lang='lat' dir='ltr'>sic</span> <span class='ocrx_word' id='word_1_506' title='bbox 612 2674 693 2697; x_wconf 78' lang='lat' dir='ltr'>Editt.</span> <span class='ocrx_word' id='word_1_507' title='bbox 722 2672 814 2696; x_wconf 76' lang='lat'>1562..</span> <span class='ocrx_word' id='word_1_508' title='bbox 840 2673 937 2695; x_wconf 72' lang='lat' dir='ltr'>Bam,</span> <span class='ocrx_word' id='word_1_509' title='bbox 970 2672 1091 2700; x_wconf 49' lang='lat' dir='ltr'>uragu:</span> <span class='ocrx_word' id='word_1_510' title='bbox 1122 2672 1206 2695; x_wconf 67' lang='lat' dir='ltr'>Mitt.</span> 
     </span>
     <span class='ocr_line' id='line_1_53' title="bbox 294 2708 610 2740; baseline -0.013 -6"><span class='ocrx_word' id='word_1_511' title='bbox 294 2710 385 2740; x_wconf 76' lang='lat'>1558.‚</span> <span class='ocrx_word' id='word_1_512' title='bbox 404 2708 478 2732; x_wconf 81' lang='lat' dir='ltr'>Fix.:</span> <span class='ocrx_word' id='word_1_513' title='bbox 498 2708 610 2731; x_wconf 72' lang='lat' dir='ltr'>ducens.</span> 
     </span>
    </p>
   </div>
   <div class='ocr_carea' id='block_1_9' title="bbox 1297 2666 2241 2700">
    <p class='ocr_par' dir='ltr' id='par_1_9' title="bbox 1297 2666 2241 2700">
     <span class='ocr_line' id='line_1_54' title="bbox 1297 2666 2241 2700; baseline -0.001 -8"><span class='ocrx_word' id='word_1_514' title='bbox 1297 2668 1341 2700; x_wconf 79' lang='lat'>11)</span> <span class='ocrx_word' id='word_1_515' title='bbox 1362 2667 1450 2699; x_wconf 73' lang='lat' dir='ltr'>ferae]</span> <span class='ocrx_word' id='word_1_516' title='bbox 1476 2668 1515 2691; x_wconf 70' lang='lat' dir='ltr'>sic</span> <span class='ocrx_word' id='word_1_517' title='bbox 1541 2670 1587 2693; x_wconf 79' lang='lat' dir='ltr'>(z</span> <span class='ocrx_word' id='word_1_518' title='bbox 1610 2669 1702 2698; x_wconf 77' lang='lat' dir='ltr'>Eurip.</span> <span class='ocrx_word' id='word_1_519' title='bbox 1728 2666 1824 2699; x_wconf 61' lang='grc' dir='ltr'>θηρὸς)</span> <span class='ocrx_word' id='word_1_520' title='bbox 1850 2667 1930 2691; x_wconf 78' lang='lat' dir='ltr'>Editt.</span> <span class='ocrx_word' id='word_1_521' title='bbox 1961 2667 2033 2691; x_wconf 79' lang='lat'>1558.</span> <span class='ocrx_word' id='word_1_522' title='bbox 2060 2669 2086 2690; x_wconf 87' lang='lat' dir='ltr'>et</span> <span class='ocrx_word' id='word_1_523' title='bbox 2111 2668 2241 2694; x_wconf 79' lang='lat' dir='ltr'>receutt.;</span> 
     </span>
    </p>
   </div>
   <div class='ocr_carea' id='block_1_10' title="bbox 1222 2651 1626 2727">
    <p class='ocr_par' dir='ltr' id='par_1_10' title="bbox 1222 2651 1626 2727">
     <span class='ocr_line' id='line_1_55' title="bbox 1222 2651 1626 2727; baseline 0.002 -3"><span class='ocrx_word' id='word_1_524' title='bbox 1222 2651 1236 2724; x_wconf 84' lang='lat' dir='ltr'>i</span> <span class='ocrx_word' id='word_1_525' title='bbox 1329 2704 1355 2725; x_wconf 84' lang='lat' dir='ltr'>iu</span> <span class='ocrx_word' id='word_1_526' title='bbox 1375 2703 1422 2727; x_wconf 79' lang='lat' dir='ltr'>Ed.</span> <span class='ocrx_word' id='word_1_527' title='bbox 1445 2702 1519 2726; x_wconf 80' lang='lat'><strong>1562.</strong></span> <span class='ocrx_word' id='word_1_528' title='bbox 1540 2702 1626 2725; x_wconf 73' lang='lat' dir='ltr'>deest.</span> 
     </span>
    </p>
   </div>
  </div>
 </body>
</html>
