2373 2980
761 85 884 121 PHIL.
918 82 1032 118 MEL.
1067 80 1270 118 SCRIPTA
1300 80 1636 117 PHILOLOGICA.
2138 81 2212 118 480

1230 166 1327 203 1015
1354 170 1457 203 Paed.
1484 167 1630 202 Confide
1646 171 1705 205 tu,
1733 165 1870 200 obtines
1884 164 2000 201 adhuc
2024 167 2082 208 id,
2118 169 2212 212 quod

1635 217 1682 249 ad
1695 215 1825 251 liberos
1840 218 1976 253 attinet.

1277 272 1371 305 Med.
1398 269 1497 303 Alios
1510 268 1608 313 prius
1625 267 1765 301 mittam
1781 267 1910 302 misera
1929 281 2006 314 ego,

1278 323 1380 356 Paed.
1405 320 1488 355 Non
1503 326 1542 352 tu
1560 319 1635 353 sola
1654 318 1791 352 divulsa
1811 331 1846 354 es
1862 330 1881 353 a
1898 320 2028 355 liberis.

1280 372 1464 415 „Oportet
1480 368 1664 404 hominem
1679 369 1804 404 leviter
1821 372 1912 404 ferre
1930 372 2166 406 calamitates(

1279 424 1372 457 Med.
1400 422 1544 455 Faciam
1561 419 1659 456 haec.
1712 421 1781 454 Sed
1797 422 1981 466 ingredere
1999 423 2036 456 in
2057 425 2215 461 domum,

605 517 613 524 ·
1232 473 1329 508 1020
1355 472 1402 506 Et
1415 473 1544 517 praebe
1560 473 1698 517 pueris,
1727 485 1818 518 quae
1836 474 2002 508 convenit
2019 474 2190 519 quotidie.

478 514 795 564 [ᾸηῗΗῘΥΟΡῘΗῑ
825 509 885 558 1·]
1280 524 1451 564 olibeti,
1478 524 1579 558 vobis
1597 530 1648 558 est
1663 523 1747 557 urbs

1280 574 1325 608 Et
1340 576 1485 615 domus,
1514 575 1550 608 in
1567 587 1635 620 qua
1647 601 1656 616 ,
1683 586 1739 607 me
1757 575 1882 608 misera
1903 576 2022 609 relicta
2035 603 2044 616 ,

1282 625 1495 660 Habitabitis
1512 638 1651 670 semper
1667 625 1784 658 orbati
1799 632 1924 662 matre.

1279 676 1355 719 Ego
1373 678 1464 710 vado
1482 677 1518 709 in
1536 677 1641 709 aliam
1659 682 1791 708 terram
1811 677 1909 717 exul,

1235 726 1331 763 1025
1359 728 1575 773 Priusquam
1602 736 1643 760 ex
1666 726 1766 760 vobis
1789 727 1889 771 potui
1913 741 2037 774 capere
2061 729 2221 772 volupta-

1640 784 1710 811 tem
1721 804 1730 818 ‚
1758 784 1792 810 et
1807 791 1869 812 vos
1887 780 2006 814 videre
2022 780 2186 813 florentes
2197 806 2206 819 ,

1282 829 1495 874 Priusquam
1513 828 1730 862 connubium
1748 835 1782 862 et
1801 842 1948 865 uxorem
1968 838 2001 865 et
2017 831 2158 875 nuptias

1283 881 1417 913 Ornem
1432 907 1440 920 ,
1468 888 1501 913 et
1517 881 1705 925 praebeam
1726 880 1829 915 faces.

1284 932 1316 965 O
1333 944 1389 964 me
1405 931 1570 965 miseram
1582 958 1591 971 ,
1619 943 1710 976 quae
1727 937 1778 964 est
1794 943 1872 964 mea
1892 933 2111 976 pertinacia?

185 97 257 134 479

233 183 326 219 Nam
343 185 429 214 eunt
445 178 517 210 iam
536 177 579 208 ad
600 174 753 207 caedem.

232 235 372 268 Aureae
389 239 542 263 coronae
565 236 696 269 sponsa

232 285 356 319 Infelix
372 292 501 314 noxam
522 276 687 320 accipiet,

184 339 257 372 980
284 336 328 369 Et
347 334 477 366 circum
495 330 623 362 flavam
642 338 780 359 comam

233 389 348 421 Pouet
366 383 505 416 letalem
523 385 691 412 ornatum
703 404 712 417 ‚

235 436 419 481 Accipiens
437 431 523 466 haec
542 431 579 463 iu
596 441 734 462 manus.

236 584 470 624 Persuadebit
489 583 519 616 ei
537 582 650 626 gratia
668 586 701 613 et
719 579 858 612 divinus
874 577 991 619 fulgor
1009 573 1130 612 vestis,

237 642 286 675 Ut
303 640 549 680 circumponat
565 643 710 665 auream
727 641 909 663 eoronam.

187 692 261 729 985
286 691 372 725 Mox
390 697 517 732 sponsa
539 683 724 717 ornabitur
741 682 811 714 iam
831 680 925 723 apud
942 677 1092 715 inferos,

237 745 278 778 ln
293 742 398 775 talem
417 749 532 782 sepem
555 735 658 767 cadit.

237 795 286 829 Et
300 794 448 826 Parcam
465 786 590 820 mortis

239 843 397 888 Accipiet
412 838 550 877 infelix,

237 898 320 933 Non
339 891 479 935 effugiet
496 899 638 922 noxam.

535 968 750 1017 [Sfl'Ol’he
776 962 838 1010 ρ’]
1284 982 1429 1016 Frustra
1447 996 1528 1023 vos,
1558 995 1578 1015 ο
1596 982 1719 1022 liberi,
1747 983 1915 1024 educavi,

190 1050 264 1084 990
290 1046 347 1078 Tu
362 1053 466 1079 vero,
494 1050 515 1072 o
532 1037 658 1075 miser,
684 1046 705 1066 o
725 1031 846 1064 infelix
861 1041 1000 1074 sponse.
1237 1033 1332 1066 1030
1359 1033 1504 1067 Frustra
1530 1033 1691 1066 laboravi
1719 1039 1753 1066 et
1782 1040 1990 1079 consumpta
2019 1048 2095 1069 sum
2125 1030 2222 1069 labo-

1641 1084 1761 1124 ribus,

242 1100 359 1132 Gener
374 1103 495 1136 regum
509 1115 518 1128 ,

238 1150 321 1184 Non
338 1142 624 1178 animadvertens
635 1162 644 1175 ,
668 1133 789 1166 liberis

239 1197 394 1235 Adducis
408 1190 642 1239 perniciosam
660 1186 769 1217 vitam
780 1210 789 1222 ,

240 1251 287 1285 Et
301 1247 405 1283 uxori
424 1252 504 1278 tuae
520 1237 728 1275 horribilem
744 1240 909 1268 mortem.

192 1302 266 1339 995
292 1300 325 1334 O
342 1296 480 1335 infelix,
508 1296 679 1338 quantam
698 1284 936 1320 calamitatem
952 1279 1108 1325 ignoras!

1285 1133 1417 1168 Ferens
1436 1134 1594 1178 ingentes
1609 1135 1749 1167 dolores
1765 1134 1802 1166 in
1817 1134 2001 1178 pariendo.

1284 1185 1413 1218 Misera
1430 1197 1494 1229 ego
1512 1183 1622 1218 habui
1637 1197 1734 1229 spem

1282 1235 1471 1279 Magnam,
1500 1237 1596 1281 quod
1615 1248 1678 1269 vos
1695 1247 1751 1268 me
1769 1246 1876 1268 anum
1895 1237 2013 1270 essetis
2035 1238 2222 1278 nutrituri,

1282 1286 1328 1319 Et
1344 1293 1523 1320 mortuam
1540 1286 1705 1319 manibus
1721 1291 1813 1318 recte
1830 1287 2020 1330 sepulturi,

1237 1336 1333 1372 1035
1359 1338 1641 1371 Praedicandam
1657 1335 1874 1370 hominibus.
1927 1338 2030 1373 Nunc
2047 1339 2152 1383 periit

485 1380 797 1433 [Αηῗὶεῗνορῆθ
825 1373 887 1422 2²]
1285 1389 1381 1421 Haec
1397 1389 1506 1422 dulcis
1526 1401 1626 1426 cura;
1654 1400 1737 1421 nam
1756 1387 1856 1420 vobis
1873 1390 1997 1422 orbata

245 1463 359 1496 Gemo
375 1464 476 1490 tuum
496 1451 657 1485 dolorem
669 1473 679 1487 ,
1285 1440 1414 1473 Misere
1431 1439 1562 1474 vivam.

244 1514 277 1547 Ο
295 1510 423 1544 misera
442 1505 639 1538 liberorum
1286 1490 1358 1523 Vos
1374 1497 1524 1523 matrem
1542 1502 1617 1523 non
1637 1488 1789 1533 amplius
1809 1485 1924 1523 charis
1943 1490 2051 1523 oculis

243 1564 361 1598 Mtater
372 1586 381 1599 ,
410 1568 500 1603 quae
518 1548 705 1586 interficies
1284 1541 1476 1581 videbitis,
1504 1546 1726 1577 transeuntes
1741 1539 1778 1571 in
1793 1538 1899 1573 aliam
1915 1541 2037 1574 vitam,

242 1615 393 1648 Liberos
411 1612 557 1654 propter
572 1599 733 1645 nuptias,
1240 1593 1336 1627 1040
1363 1592 1441 1625 Heu
1456 1590 1542 1625 heu!
1571 1603 1633 1624 cur
1648 1602 1704 1623 me
1724 1588 1833 1623 oculis
1852 1591 2043 1635 adspicitis,
2060 1589 2185 1624 liberi?

200 1666 294 1702 1000
322 1664 420 1707 Quas
435 1659 639 1700 relinquens
656 1649 784 1682 iniuste
1288 1644 1408 1688 Quare
1425 1642 1587 1676 arridetis
1602 1645 1758 1675 extremo
1777 1639 1875 1676 risu?

245 1714 397 1751 Maritus
413 1710 550 1744 habitat
565 1715 644 1738 cum
662 1700 730 1734 alia
748 1709 870 1731 uxore.
1287 1695 1366 1728 Heu
1381 1693 1468 1734 heu,
1496 1694 1584 1740 quid
1599 1691 1751 1726 faciam?
1779 1703 1840 1727 cor
1855 1693 1947 1733 abit,

248 1767 473 1808 Paedayoyus.
498 1754 621 1791 Liberi
636 1759 694 1791 tu,
723 1762 743 1783 o
763 1748 921 1787 domina,
947 1746 1087 1779 liberati
1102 1751 1183 1779 sunt
1288 1746 1474 1785 Mulieres,
1524 1751 1714 1790 postquam
1742 1742 1816 1775 vidi
1844 1745 1954 1777 laetos
1986 1743 2106 1777 oculos
2140 1743 2224 1776 libe-

1654 1806 1776 1827 rorum
1788 1820 1798 1833 ,

602 1805 645 1837 ab
662 1800 766 1835 exilio
778 1826 786 1839 ‚

244 1870 291 1904 Et
304 1866 400 1910 regia
416 1871 543 1906 sponsa
565 1856 677 1890 libens
696 1854 790 1885 dona
812 1849 976 1906 manibus

246 1917 408 1961 Accepit,
434 1913 516 1945 inde
532 1920 600 1954 pax
616 1911 666 1939 est
681 1903 750 1936 tuis
766 1901 896 1933 liberls.

201 1970 297 2008 1005
324 1969 417 2003 Med.
445 1964 539 1996 Sine.
600 1956 699 1991 Paed.
728 1953 848 1997 Quare
872 1957 943 1983 stas
967 1949 1184 1993 perturbata,

612 2005 755 2053 quando
773 2003 860 2035 bene
877 2013 912 2035 se
929 1999 1061 2034 habent
1074 2000 1152 2034 res?

1286 1847 1368 1881 Non
1385 1853 1521 1891 potero.
1574 1845 1727 1878 Valeant
1741 1846 1886 1880 consilia

1241 1897 1337 1932 1045
1362 1898 1489 1930 Priora
1502 1924 1511 1938 ,
1537 1897 1709 1929 abducam
1726 1895 1817 1930 filios
1833 1908 1932 1929 meos
1950 1908 1966 1928 e
1985 1902 2090 1928 terra.

1289 1949 1385 1994 Quid
1404 1961 1491 1993 opus
1507 1954 1558 1981 est
1575 1959 1630 1980 me
1647 1953 1784 1990 patrem
1803 1945 1930 1980 horum
1943 1973 1953 1986 ,
1979 1944 2107 1979 horum
2123 1946 2225 1979 malis

1289 2001 1423 2034 Dolore
1439 1999 1647 2033 afficientem
1659 2024 1668 2038 ‚
1696 1995 1784 2030 mihi
1800 1999 1853 2032 bis
1872 2004 1970 2031 tanta
1995 1997 2087 2031 mala
2111 2008 2225 2030 accer-

251 2074 323 2107 Cur
339 2075 435 2102 retro
452 2060 587 2097 vertisti
604 2066 682 2092 tuas
700 2066 806 2099 genas
818 2079 826 2092 ,
1648 2048 1747 2082 sere?

232 2124 295 2158 ·Et
310 2131 384 2155 non
401 2118 552 2150 libenter
569 2123 589 2144 a
605 2121 660 2143 me
678 2104 807 2149 accipis
823 2101 918 2136 hunc
934 2101 1159 2136 sermonem?
1287 2102 1390 2135 Haud
1404 2101 1529 2134 faciam
1542 2127 1550 2139 ,
1575 2100 1716 2133 valeant
1736 2098 1894 2133 consilia.

252 2174 344 2210 ffistd,
371 2169 469 2207 Heu,
496 2162 583 2198 heu!
636 2159 737 2194 Paed.
758 2156 852 2188 Haec
871 2165 945 2186 non
961 2153 1187 2186 consentiunt
1289 2153 1421 2185 Verum
1438 2152 1522 2196 quid
1540 2151 1682 2195 patior?
1710 2162 1755 2182 an
1774 2150 1856 2183 volo
1875 2149 2048 2190 derideri,

610 2222 689 2245 cum
707 2207 793 2247 illis,
820 2216 910 2251 quae
927 2204 1091 2237 nuntiavi
1110 2203 1186 2237 tibi.
1243 2202 1340 2238 1050
1367 2203 1559 2235 Dimittens
1575 2214 1673 2235 meos
1691 2200 1854 2234 inimicos
1868 2200 2086 2245 impunitos?

669 2261 770 2295 Paed.
806 2256 863 2289 An
888 2255 1041 2300 aliquem
1068 2267 1186 2288 casum
1290 2254 1502 2288 Audendum
1519 2251 1587 2286 hoc
1603 2258 1664 2286 est.
1717 2251 1882 2295 ignaviae
1898 2263 1998 2285 meae
2016 2258 2067 2285 est

1292 2306 1388 2345 Hoc,
1426 2306 1521 2350 quod
1554 2303 1704 2337 admitto
1728 2303 1813 2337 istos
1834 2303 1958 2336 molles
1980 2313 2166 2337 sermones
2189 2300 2225 2334 in

1651 2353 1783 2387 animo.

1291 2406 1422 2440 Intrate
1440 2405 1540 2450 pueri
1558 2405 1593 2438 in
1609 2406 1767 2438 domum.
1821 2405 1887 2438 Cui
1902 2417 1975 2438 non

1292 2458 1391 2491 Licet
1408 2459 1528 2490 adesse
1546 2456 1633 2490 meis
1649 2455 1776 2495 sacris,

1245 2508 1342 2546 1055
1369 2507 1444 2553 Ipse
1460 2507 1606 2546 viderit3
1635 2519 1698 2552 ego
1723 2518 1797 2540 non
1812 2506 1960 2551 perdam
1977 2514 2134 2538 manum.

1290 2561 1369 2594 Heu
1392 2558 1477 2615 heul!
1503 2570 1747 2605 ⁴nequaquam
1775 2557 1911 2598 anime,
1956 2562 1995 2590 tu
2026 2559 2099 2589 non
2122 2556 2226 2590 facies

1440 2613 1445 2617 ’
1647 2607 1745 2643 haec.

1292 2662 1394 2696 Mitte
1414 2674 1491 2703 eos,
1518 2673 1539 2695 o
1558 2661 1685 2701 miser,
1712 2671 1817 2704 parce
1834 2657 1974 2697 liberis,

254 2276 346 2310 Med.
377 2270 475 2308 Heu,
509 2264 594 2299 heu!

615 2318 779 2346 nunuavi

207 2380 302 2415 1010
327 2373 480 2408 Insciens
492 2395 500 2409 ,
528 2373 561 2400 et
577 2376 636 2409 spe
652 2361 736 2396 laeti
752 2356 867 2393 nuntii
882 2357 1070 2391 frustratus
1087 2356 1189 2391 sum?
1214 2353 1217 2387 Ι

255 2430 350 2465 Med.
375 2418 574 2459 Nuntiasti,
602 2414 704 2461 quale
717 2407 901 2449 nuntiasti,
928 2422 1002 2442 non
1020 2408 1085 2441 fibi
1102 2409 1188 2441 vitio

610 2471 722 2498 verto.

257 2530 360 2566 Paed.
388 2523 508 2569 Quare
527 2517 646 2552 oculos
663 2511 818 2549 demittis
835 2517 868 2543 et
882 2508 1106 2556 lachrymas?

258 2582 352 2617 Med.
379 2576 462 2609 Sum
481 2568 650 2614 implicita
667 2575 817 2609 magnae
841 2562 1060 2602 necessitati,
1095 2574 1115 2595 0
1139 2575 1190 2597 se-

611 2630 697 2655 nex3
722 2615 808 2649 haec
825 2613 917 2647 enim
933 2613 1010 2653 Dii,

258 2683 304 2717 Et
321 2691 383 2725 ego
399 2675 490 2710 male
507 2670 663 2715 cogitans
678 2664 871 2702 machinati
889 2676 1019 2698 sumus.
