2373 2980
108 108 183 145 693
407 104 528 141 Lxul.

160 194 393 229 cruentantes
408 198 549 237 guttur,
575 194 747 238 sanguine
762 195 874 229 ssuens
885 195 930 240 32)
941 221 950 235 ‚

113 243 210 282 1085
236 245 319 279 Non
335 243 443 277 aliam
466 245 510 277 ad
528 245 681 279 fistulam
699 258 815 292 neque

156 298 214 331 Ad
230 301 371 330 cantum
390 302 576 340 pastorum
588 323 597 337 ‚

156 348 226 381 Sed
245 347 340 392 apud
358 353 509 380 matrem
530 355 718 382 ornantem
738 361 907 395 sponsam
920 375 929 389 ‚

155 398 204 432 Ut
220 410 366 443 parares
381 399 523 443 Argivis
539 400 695 444 nuptias.

152 449 257 489 „Ubi
275 449 424 494 pudoris

103 500 202 535 1090
230 528 251 541 ,,
262 502 335 534 Aut
350 501 491 534 virtutis
510 499 617 534 habet
636 501 707 534 vim
720 529 728 541 ‚

152 552 233 593 „Ut
250 552 362 596 possit
379 552 515 597 aliquid
531 552 663 586 facies?

154 603 341 648 „Quando
359 603 523 647 impietas
540 616 707 648 magnam
728 603 833 638 habet

151 654 264 695 „Vim
277 681 286 694 ‚
312 653 425 688 virtus
442 667 528 687 vero
548 662 645 688 retro

151 706 236 745 „Ab
255 703 463 740 hominibus
480 707 692 751 negligitur,

101 754 199 791 1095
226 755 431 802 „Iniquitas
450 757 560 790 vincit
577 759 690 801 leges,

148 807 227 849 „Et
245 820 436 842 commune
453 807 659 842 hominibus
675 806 871 852 periculum
883 833 893 845 ,

149 859 234 899 „Ne
252 859 374 893 veniat
390 859 551 894 Deorum
572 871 702 905 poena.

97 946 490 990 [Clytaemneslra,
518 947 773 990 Iphlyenlu,
796 947 1098 989 Ayamemnon,

370 998 552 1038 chorus,
588 993 824 1042 Nuntius]

147 1065 234 1109 Clyt.
260 1063 366 1097 Exivi
382 1076 424 1097 ex
441 1064 588 1097 aedibus
599 1090 608 1104 ,
637 1076 812 1109 quaerens
831 1063 999 1097 maritum
1012 1091 1022 1105 ‚

148 1115 221 1160 Qui
237 1115 300 1149 diu
317 1116 434 1155 abest,
462 1122 496 1148 et
510 1115 657 1160 reliquit
674 1116 789 1148 aedes.

98 1167 196 1201 1100
222 1166 270 1200 Et
285 1179 365 1200 mea
382 1167 453 1199 filia
477 1167 607 1200 misera
626 1167 663 1198 in
681 1164 874 1210 lachrymis
892 1172 961 1207 est,

145 1218 323 1251 Emittens
340 1218 469 1251 multas
486 1217 703 1251 mutationes
721 1217 916 1262 gemituum
929 1245 938 1257 ‚

146 1269 345 1315 Postquam
366 1269 503 1303 audivit
520 1270 563 1302 de
589 1275 724 1310 morte,
759 1280 867 1314 quam
890 1276 993 1314 pater
1020 1282 1097 1303 mo-

508 1320 605 1353 litur.

147 1371 231 1405 Feci
241 1372 288 1418 ³3)
309 1378 429 1405 autem
449 1371 671 1404 mentionem
690 1383 803 1415 prope
821 1372 1020 1407 accedentis

145 1423 429 1466 Agamemnonis
441 1449 450 1462 ‚
477 1423 538 1468 qui
556 1424 726 1456 adversus
742 1422 873 1456 liberos
892 1436 974 1457 suos

97 1472 194 1508 1105
220 1473 334 1518 Impia
351 1475 465 1507 facere
485 1486 569 1507 mox
584 1472 883 1518 deprehendetur.

144 1528 266 1570 Ayam.
295 1524 599 1570 Clytaemnestra,
628 1532 832 1570 opportune
851 1532 884 1559 te
909 1532 1006 1559 extra
1033 1526 1096 1558 do-

503 1589 603 1609 mum

144 1626 292 1660 Invenio
304 1653 314 1667 ‚
341 1633 381 1660 ut
395 1627 512 1660 dicam
529 1639 689 1661 seorsum
707 1639 725 1659 a
745 1627 882 1671 virgine
896 1654 906 1667 ,

146 1679 248 1723 Quae
266 1691 340 1711 non
359 1679 457 1712 decet
473 1680 596 1712 audire
613 1685 798 1723 nupturas.

146 1732 233 1774 Clyt.
261 1730 444 1775 Quidnam
470 1731 505 1763 id
531 1737 599 1771 est,
635 1729 733 1763 cuius
759 1729 1010 1775 opportunitas
1030 1729 1095 1763 tibi

511 1782 584 1814 iam
603 1781 802 1816 incumbit?

96 1833 193 1866 1110
219 1835 343 1877 Ayam.
372 1833 475 1867 Mitte
492 1834 602 1866 filiam
621 1846 699 1867 cum
717 1840 819 1878 patre
836 1845 877 1866 ex
896 1833 1062 1873 aedibus,

145 1883 240 1928 Quia
259 1896 358 1917 sacra
378 1897 470 1930 aqua
491 1888 591 1919 adest
607 1892 752 1930 parata,

144 1934 192 1967 Et
207 1935 390 1978 placentae
407 1943 447 1969 ut
461 1937 698 1971 coniiciantur
711 1937 749 1969 in
764 1936 883 1980 ignem
897 1936 1094 1975 lustralem,

144 1985 191 2018 Et
207 1985 390 2027 iuvencae,
418 2000 506 2033 quas
525 1995 606 2021 ante
624 1989 767 2033 nuptias
784 1994 928 2033 oportet
944 1988 1093 2021 mactari

508 2038 604 2072 Deae

144 2086 282 2120 Dianae
294 2114 303 2128 ‚
330 2086 461 2123 halitus
478 2090 572 2134 nigri
586 2091 780 2134 sanguinis.

97 2136 194 2172 1115
223 2140 309 2184 Clyt.
335 2138 377 2173 In
394 2142 546 2185 speciem
565 2143 654 2175 bene
673 2142 779 2180 dicis;
807 2142 867 2175 sed
884 2142 975 2174 facta
995 2148 1054 2175 tua

144 2189 251 2224 Haud
276 2191 370 2232 scio,
406 2194 589 2238 quomodo
619 2200 785 2238 oporteat
810 2205 884 2233 me,
920 2193 950 2227 si
975 2193 1091 2226 nomi-

510 2257 596 2278 nare
616 2245 719 2278 velim
733 2272 742 2285 ,
770 2245 936 2290 probare.

143 2291 231 2332 Exi,
255 2293 339 2327 filia.
391 2294 464 2329 Scis
481 2297 596 2338 enim,
625 2310 715 2343 quae
734 2303 835 2342 pater

143 2342 293 2377 Molitur
311 2346 476 2386 omnium
506 2355 539 2381 et
554 2350 618 2383 sub
635 2356 729 2382 veste
749 2349 863 2382 adduc

144 2393 305 2428 Orestem
319 2423 328 2436 ,
356 2403 455 2431 tuum
474 2400 688 2447 fratremffl).

128 2508 176 2540 32)
197 2509 333 2540 sanguiue
352 2512 453 2541 fluens]
474 2513 513 2537 sic
532 2515 616 2538 Editt.
639 2516 729 2546 1555,
751 2516 841 2546 1562.;
878 2517 961 2540 Editt.
983 2519 1087 2542 recent.

162 2546 211 2572 (=
225 2544 317 2574 Eut-ip.
336 2543 475 2576 βρότειον)
494 2549 648 2574 humanum.

127 2593 336 2654 33352302553
350 2598 398 2624 (=
417 2598 512 2629 Eun-ip.
531 2594 620 2632 εἶχον)
641 2603 738 2633 Bai-u„
757 2604 881 2634 Musgr.;
900 2603 1094 2640 Editt.1556.,

126 2678 175 2711 34)
195 2681 269 2704 tuum
295 2681 435 2712 fratrem]
461 2683 500 2707 sic
526 2684 610 2710 Editt.
631 2686 721 2716 1558.5
754 2687 844 2718 1562.;
880 2689 963 2715 Editt.
982 2692 1086 2715 recent.

159 2715 207 2744 (ε
228 2716 294 2741 text.
314 2716 370 2749 gr.)
391 2719 465 2742 tuum
484 2718 615 2750 fratrem,
639 2720 702 2744 filia.

581 105 978 143 INTERPRETATIO
1004 109 1244 145 EURIPIDIS
1268 109 1545 144 H‘fflGEMAE
1571 109 1621 145 IN
1648 109 1838 148 AULIDE.

2080 115 2156 151 694

1160 198 1257 232 1120
1284 197 1374 230 Eece
1396 198 1512 238 adest,
1541 209 1630 243 quae
1651 198 1875 244 obtemperat
1892 199 1974 237 tibi;

1208 249 1285 281 Alia
1301 276 1309 289 ,
1350 261 1441 294 quae
1473 250 1516 282 ad
1551 249 1664 293 ipsam
1694 256 1727 283 et
1757 263 1813 284 me
1846 251 2045 296 pertinent,
2091 265 2108 286 e

1573 301 1701 334 (licam.

1206 353 1329 394 Aqam.
1357 351 1447 383 Filia
1460 378 1468 391 ,
1496 351 1581 396 quid
1601 352 1686 386 fles?
1715 365 1790 386 non
1807 353 1905 388 vides
1923 352 2104 394 hilariter;

1206 401 1275 435 Sed
1290 402 1399 436 oculis
1417 402 1454 435 in
1472 409 1604 435 terram
1622 403 1760 444 defixis,
1789 411 1883 439 veste
1902 406 2007 451 tergis
2025 419 2097 442 eos.

1207 455 1282 496 ΙρΙι.
1311 453 1410 492 Heu,

1208 504 1315 548 Quod
1333 504 1504 548 accipiam
1525 503 1741 548 principium
1766 519 1930 541 meorum
1948 509 2154 544 malorum?

1158 553 1256 590 1125
1283 554 1383 588 Licet
1400 556 1565 588 omnibus
1582 555 1633 588 uti
1650 555 1774 599 primis
1786 583 1795 595 ,

1207 607 1288 640 Sive
1306 608 1348 640 de
1366 607 1521 647 ultimis,
1547 605 1621 640 sive
1639 607 1681 639 de
1705 608 1830 642 mediis
1853 609 2021 655 incipiam
2044 614 2155 647 unde-

1568 669 1720 703 cunque.

1207 712 1328 753 Ayam.
1359 708 1455 753 Quid
1473 714 1523 742 est
1534 708 1548 741 ἰ’
1577 710 1762 754 quomodo
1785 723 1908 746 omnes
1937 715 2154 750 convenietis

1567 772 1606 792 1n
1622 772 1732 794 unum
1746 788 1755 801 ,

1206 811 1386 845 Habentes
1403 811 1714 856 perturbationem
1741 812 1873 853 animi,
1907 821 1941 848 et
1966 818 2156 851 conturba-

1574 863 1710 896 tionem
1728 864 1870 898 vultus?

1208 915 1294 959 Clyt.
1320 913 1387 947 Dic
1404 912 1512 954 mihi,
1540 914 1669 948 marite
1685 915 1859 959 ingenue,
1888 930 1980 963 quae
1997 926 2030 953 te
2047 920 2156 954 inter-

1571 967 1719 1010 rogabo.

1157 1017 1254 1051 1130
1281 1020 1404 1062 Ayam.
1440 1014 1540 1051 Nihil
1567 1029 1657 1061 opus
1683 1023 1734 1051 est
1757 1015 1923 1061 hortatu,
1967 1022 2072 1064 volo,
2116 1031 2155 1058 ut

1570 1081 1628 1101 me
1646 1069 1856 1113 interroges.

1207 1121 1291 1163 Clyt.
1320 1119 1428 1153 Visne
1447 1120 1645 1153 interficere
1664 1133 1779 1154 meam
1799 1128 1968 1169 tuamque
1985 1125 2122 1159 filiam?

1204 1174 1325 1215 Aqam.
1353 1171 1458 1206 Hem.

1205 1222 1335 1256 Dixisti
1351 1224 1500 1264 misera,
1529 1222 1732 1267 suspicaris,
1761 1236 1852 1269 quae
1871 1231 1904 1258 te
1921 1238 1995 1260 non
2013 1236 2155 1273 oportet

1565 1286 1750 1318 susplcari.

1206 1327 1291 1369 Clyt,
1319 1324 1409 1358 Illud
1431 1325 1512 1358 volo
1530 1331 1564 1358 te
1579 1325 1737 1370 primum
1756 1324 1844 1359 mihi
1863 1331 2091 1373 respondere.

1203 1380 1325 1421 Ayccm.
1357 1377 1395 1410 Si
1420 1377 1700 1421 interrogaveris
1726 1379 1997 1423 convenientia,
2026 1395 2154 1417 conve-

1570 1429 1705 1462 nientia
1724 1430 1857 1464 audies.

1154 1478 1252 1513 1135
1282 1480 1369 1524 Clyt.
1395 1479 1478 1513 Non
1499 1479 1682 1523 interrogo
1708 1481 1795 1521 alia,
1831 1489 1864 1514 et
1887 1489 1925 1515 tu
1950 1496 2024 1517 non
2048 1486 2154 1520 debes

1566 1529 1657 1564 mihi
1674 1532 1742 1565 alia
1761 1533 1890 1568 dicere.

1202 1585 1323 1624 Ayam.
1362 1581 1394 1615 Ο
1415 1582 1599 1616 fortunam
1621 1586 1883 1626 venerandam,
1930 1599 1950 1619 o
1981 1587 2094 1622 fatum
2120 1596 2154 1623 et

1559 1634 1704 1678 genium
1722 1648 1854 1671 meum.

1203 1686 1288 1729 Clyt.
1324 1684 1371 1718 Et
1396 1696 1516 1717 meum
1542 1692 1576 1718 et
1601 1684 1727 1727 huius,
1770 1700 1861 1723 unus
1887 1695 1937 1723 est
1961 1690 2069 1724 trium
2098 1692 2152 1725 in-

1571 1737 1740 1771 felicium.

1199 1791 1321 1832 Ayam.
1349 1787 1429 1832 Qua
1452 1787 1488 1820 in
1506 1800 1544 1821 re
1563 1788 1657 1823 laesa
1678 1789 1737 1823 es?

1201 1841 1287 1883 Clyt.
1314 1839 1448 1873 Audies
1467 1852 1509 1873 ex
1522 1853 1579 1873 me
1596 1841 1689 1874 istud
1698 1840 1757 1888 ³5).

1201 1891 1399 1925 Consilium
1420 1898 1521 1925 tuum
1536 1904 1611 1925 non
1630 1899 1681 1926 est
1695 1898 1864 1927 astutum.

1151 1942 1248 1977 1140
1276 1946 1399 1987 Ayam.
1426 1943 1544 1984 Perii,
1572 1956 1650 1977 mea
1668 1956 1797 1978 arcana
1814 1950 1896 1978 sunt
1911 1945 2066 1989 prodita.

1201 1996 1286 2039 Clyt.
1304 1995 1399 2029 Novi
1418 1996 1539 2028 omnia
1557 2002 1592 2029 et
1608 1996 1741 2037 audivi,
1771 2008 1861 2042 quae
1879 2003 1918 2030 tu
1932 1994 2020 2030 mihi
2039 1998 2149 2032 factu-

1564 2060 1624 2081 rus
1642 2059 1689 2082 es.

1194 2097 1287 2131 Illud
1305 2105 1405 2132 tuum
1422 2098 1603 2132 silentium
1622 2105 1674 2133 est
1687 2099 1828 2144 signum
1846 2098 2046 2133 confitentis
2058 2127 2066 2139 ‚

1197 2149 1245 2182 Et
1261 2149 1314 2183 tui
1330 2150 1446 2184 crebri
1464 2151 1635 2195 gemitus:
1663 2163 1708 2184 ne
1725 2151 1866 2184 labores
1882 2151 2045 2186 (licendo.

1197 2203 1318 2245 Aqam.
1333 2201 1391 2235 En
1402 2209 1514 2236 taceo.
1542 2202 1696 2247 Oportet
1707 2202 1801 2235 enim
1813 2215 1882 2243 me,
1895 2209 1934 2236 ut
1945 2203 2069 2237 videar
2082 2202 2148 2236 im-

1149 2251 1246 2287 1145
1272 2254 1428 2298 pudens,
1463 2252 1644 2288 *dicendo
1667 2254 1754 2288 falsa
1777 2266 1958 2289 assumere
1983 2256 2028 2289 ad
2054 2255 2147 2289 cala-

1558 2306 1733 2340 mitatem.

1199 2357 1284 2401 Clyt.
1311 2357 1407 2391 Audi
1423 2370 1537 2396 nunc;
1571 2365 1692 2403 aperte
1709 2358 1860 2404 loquar,

1194 2407 1239 2441 Et
1264 2420 1339 2441 non
1362 2410 1515 2454 amplius
1533 2417 1676 2443 utemur
1692 2410 1954 2453 aenigmatibus
1972 2424 1990 2446 a
2008 2426 2143 2461 propo-

1659 2461 1726 2495 sito
1747 2461 1882 2496 alienis.

1193 2510 1377 2551 Primum,
1405 2517 1443 2545 ut
1461 2508 1529 2544 hoc
1545 2511 1664 2556 primo
1680 2513 1759 2546 loeo
1776 2513 1841 2547 tibi
1857 2515 2069 2559 exprobrem
2081 2543 2090 2557 ,

1193 2561 1335 2596 Duxisti
1353 2575 1408 2595 me
1426 2562 1575 2596 invitam
1587 2590 1596 2604 ‚
1622 2571 1655 2597 et
1673 2564 1824 2610 rapuisti
1842 2565 1898 2606 vi,

2112 266 2154 297 go

1174 2687 1222 2720 35)
1241 2689 1344 2713 Audies
1364 2696 1396 2714 ex
1416 2697 1458 2714 me
1474 2690 1572 2719 istud]
1590 2691 1630 2715 sic
1650 2692 1732 2717 Editt.
1754 2692 1844 2725 1558„
1866 2693 1957 2724 1562.;
1984 2694 2066 2720 Educ.
2088 2701 2136 2720 re-

1209 2725 1296 2749 cent.:
1322 2725 1379 2749 Hoc
1400 2732 1433 2749 ex
1451 2732 1493 2750 me
1512 2723 1647 2756 quaeris?

1532 2758 1615 2796 44*
