2373 2980
210 115 283 151 447

261 203 338 235 Oed.
368 200 454 233 Ecce
473 201 564 232 vado
581 199 650 232 filia
665 225 673 238 ‚
701 205 738 231 tu
756 199 802 233 sis
820 213 897 233 mea
914 202 984 233 ‹lux
1001 200 1142 235 misera.

258 254 342 286 Ant.
370 252 506 291 Simus,
534 251 643 284 simus
660 250 881 283 miserrimae
898 250 1020 295 utique
1032 276 1042 290 ,

259 301 355 334 Inter
373 314 496 334 omnes
512 299 702 334 Thebanas
718 299 885 344 virgines.

213 353 308 387 1710
338 354 414 387 oed.
443 352 513 383 Ubi
531 362 664 394 ponam
683 350 791 384 senile
810 351 997 395 vestigium
1016 352 1138 397 pedis?

260 403 312 434 Da
333 400 420 433 mihi
437 402 602 435 baculum
614 427 623 440 ,
651 400 734 435 filia.

257 456 340 487 Ant.
369 452 467 493 Huc,
492 450 561 486 huc
577 452 667 485 vade
685 450 796 492 mihi,
822 450 911 494 huc,
937 451 1007 487 huc

258 503 358 536 Pone
377 504 522 548 pedem,
549 501 684 537 habens
699 502 792 538 vires
809 504 899 538 sicut
917 504 1110 538 somnium.

260 557 338 589 Oed.
367 554 399 587 O
413 555 533 599 sugam
552 554 808 588 miserrimam!

213 604 308 639 1715
335 605 491 639 Eiiciunt
502 604 559 652 ¹⁰¹)
576 617 695 640 senem
714 618 771 639 me
791 618 831 639 ex
846 605 974 650 patria.

261 656 293 690 O
311 669 375 700 ego
392 657 526 690 atrocia
543 656 735 690 sustinens!

266 711 348 742 Ani.
368 707 464 752 Quid
483 707 659 742 sustines?
688 706 773 753 quid
793 708 950 752 pateris?
980 706 1091 748 „Non
1109 707 1206 741 videt

623 770 740 802 poena
763 759 897 799 malos,

262 808 417 854 „Neque
436 816 643 853 compensat
661 810 787 842 delicta
804 809 1025 844 mortalium.

262 862 340 894 θεά.
368 859 444 903 Ego
460 872 538 893 sum
555 860 602 900 is,
631 860 693 905 qui
708 861 753 893 ad
771 860 912 894 Musam

214 911 310 946 1720
339 910 526 944 Victricem
544 918 578 944 et
593 911 780 945 coelestem
802 912 904 952 veni,

262 962 349 994 Cum
391 962 573 994 solvissem
617 963 807 996 obscurum
850 963 1012 1007 aenigma
1057 960 1205 1005 virginis

621 1009 801 1055 Sphingis.

261 1065 342 1096 Ant.
371 1061 507 1095 Obiicis
523 1062 665 1095 laudem
682 1061 874 1107 Sphingis?

263 1112 398 1146 Omitte
415 1113 535 1146 dicens
553 1125 730 1147 successus
748 1114 899 1158 priores.

262 1163 337 1196 Hae
355 1165 591 1208 expectabant
606 1171 639 1197 te
659 1165 809 1198 miserae
826 1165 1066 1205 calamitates,

216 1214 312 1250 1725
343 1215 390 1248 Ut
408 1216 508 1249 fieres
527 1216 606 1248 exul
621 1228 663 1249 ex
675 1216 805 1260 patria.

264 1265 296 1298 O
313 1272 431 1310 pater,
458 1266 633 1299 moritura
645 1293 655 1307 ,
683 1267 933 1301 desiderabiles
948 1264 1150 1312 lachrymas

263 1318 368 1361 Apud
385 1317 517 1352 amicas
534 1317 689 1361 virgines
705 1318 930 1364 relinquens,
957 1318 1118 1358 discedo,

265 1368 397 1401 Procul
414 1380 433 1401 a
450 1368 566 1413 patria
589 1375 702 1409 terra,

264 1419 345 1453 Nm
363 1431 464 1452 more
482 1419 662 1464 virginum
679 1433 814 1455 errans.

219 1471 314 1505 1730
343 1472 421 1505 Oed.
449 1470 481 1504 Ο
500 1477 655 1504 mentem
675 1471 901 1515 generosam!

266 1524 349 1556 Ant.
376 1520 415 1554 In
432 1522 543 1566 patris
561 1522 760 1555 calamitate
776 1522 933 1555 nobilem
950 1534 1006 1554 me
1023 1520 1138 1554 saciet.

267 1572 300 1605 O
325 1571 454 1606 misera
477 1585 541 1617 ego
558 1580 707 1617 propter
723 1573 938 1606 contumelia
957 1573 1123 1605 affectum
1140 1572 1210 1604 fra-

628 1629 718 1656 trem
728 1623 788 1669 ¹⁰²)
800 1649 810 1663 ‚

256 1714 318 1745 101)
338 1713 470 1745 Eiiciunt]
490 1713 528 1737 sic
542 1713 626 1738 Editt.
644 1713 730 1738 1558..
753 1714 846 1741 1562.;
865 1715 946 1737 Earn.
965 1712 1046 1736 Eiicit
1066 1711 1107 1744 (in
1120 1714 1210 1736 textu:

286 1746 440 1780 Έὶ.αι”νει);
458 1748 519 1772 Fix.
540 1748 639 1779 (aeque
657 1754 689 1772 ac
707 1748 757 1773 Ed.
776 1748 859 1772 Basil.
881 1749 955 1771 1551.
975 1748 1002 1771 iu
1021 1749 1099 1771 textu
1113 1743 1211 1771 Ἐλαύ-

291 1782 375 1814 νων);
399 1783 443 1813 qui
462 1782 561 1813 exigis.

257 1826 318 1852 10⁴2]
339 1828 450 1854 propter
476 1824 640 1848 contumelia
662 1824 789 1847 affectum
814 1824 961 1855 fratrem‚]
986 1824 1026 1847 sic
1050 1824 1098 1850 Ed.
1120 1825 1212 1855 1558,;

290 1859 338 1882 Ed.
363 1859 436 1882 1562.
459 1859 624 1882 contumelia
650 1860 761 1888 propter
793 1859 919 1882 affectum
952 1859 1069 1882 fratrem
1101 1859 1214 1887 (Baru.:

290 1894 403 1923 propter
422 1893 520 1916 fratris
538 1893 743 1920 contumelias).

762 115 885 149 PHIL.
924 115 1036 150 MEL.
1073 114 1276 150 SCRIPTA
1309 114 1647 155 PHILOLOGICA.

1306 202 1376 247 Qui
1405 208 1567 235 mortuus
1600 198 1706 244 periit
1738 198 1933 243 insepultus
1961 206 2056 232 extra
2092 199 2243 243 patriam

1666 261 1791 287 miser,
2015 282 2018 286 Δ

1307 304 1445 347 Quem,
1473 300 1611 335 etiamsi
1627 312 1684 333 me
1701 299 1794 332 mori
1812 306 1994 344 oporteat,
2021 307 2123 345 pater
2135 327 2143 340 ,

1258 353 1355 388 1735
1383 352 1528 386 Occulte
1547 358 1642 385 terra
1657 350 1840 395 sepeliam.

1308 406 1387 439 Oed.
1415 402 1514 435 Vade
1534 403 1578 435 ad
1600 408 1679 435 tuas
1697 402 1847 435 sodales.

1307 457 1389 489 Ant.
1418 453 1605 487 Sufficiunt
1619 450 1709 486 mihi
1722 464 1822 486 meae
1839 449 2055 497 lachrymae.

1308 507 1387 540 Oea.
1416 505 1474 538 Tu
1489 505 1578 537 vade
1595 509 1861 548 comprecatum
1878 508 2036 548 penates.

1305 559 1388 590 Ant.
1409 555 1552 589 Habens
1562 553 1624 601 ¹⁰3)
1640 555 1861 589 saturitatem
1878 566 2042 587 meorum
2060 553 2251 586 malorum.

1260 607 1357 641 1740
1385 608 1464 641 Oed.
1492 606 1592 639 Vade
1609 612 1748 645 tamen,
1774 605 1837 639 ubi
1854 611 1905 639 est
1921 605 2094 650 templum
2111 603 2250 643 Bromii

1308 657 1524 691 Inaccessum
1536 684 1546 697 ‚
1572 657 1610 689 in
1627 657 1808 690 montibus
1823 656 2021 690 Maenadis.

1307 712 1391 744 Ant.
1419 709 1498 742 Heu
1517 706 1728 742 Thebanam
1745 708 1874 752 pellem

1310 759 1436 793 Intluta
1453 772 1517 803 ego
1535 760 1730 804 aliquando

1308 810 1348 844 In
1365 810 1547 844 montibus
1563 809 1718 844 Semeles
1732 807 1860 843 saltavi
1878 818 2017 841 sacrum
2035 806 2231 850 tripudium
2243 831 2252 844 ,

1263 860 1359 897 1745
1388 862 1486 895 Dans
1503 862 1680 905 ingratam
1700 859 1851 904 gratiam
1868 857 2048 905 Deaelffl).

1309 915 1389 949 Oed.
1417 913 1450 947 Ο
1468 913 1555 946 clari
1574 912 1686 951 cives,
1714 910 1807 944 cives
1825 909 1984 954 patriae,

1308 965 1452 998 Videte:
1482 976 1546 1008 ego
1567 963 1627 996 ille
1643 961 1803 1006 Oedipus
1815 987 1824 1001 ‚

1310 1016 1383 1060 Qui
1409 1015 1499 1049 solvi
1525 1015 1657 1060 inclyta
1683 1013 1883 1056 aenigmata
1895 1037 1905 1051 ‚
1946 1017 1981 1044 et
2006 1022 2104 1044 eram
2115 1007 2174 1054 ¹9⁵)
2198 1008 2254 1042 vir

1668 1076 1861 1098 max1mus:

1311 1117 1382 1161 Qui
1398 1116 1494 1150 solus
1511 1116 1579 1149 vici
1595 1116 1706 1149 robur
1722 1113 1888 1159 Sphingis
1904 1111 2171 1151 latrocinantis,

1310 1167 1414 1202 Nunc
1430 1167 1597 1211 ignobilis
1613 1179 1654 1200 ac
1668 1166 1879 1200 miserabilis
1896 1164 2053 1208 expellor
2070 1175 2111 1197 ex
2128 1168 2234 1196 terra.

1263 1218 1360 1255 1750
1387 1219 1455 1253 Sed
1474 1218 1559 1264 quid
1574 1216 1663 1251 haec
1679 1228 1782 1261 gemo
1793 1243 1802 1257 ,
1830 1223 1864 1250 et
1879 1217 2011 1250 frustra
2026 1213 2203 1259 deploro?

1313 1270 1486 1311 „Fatales
1503 1281 1603 1303 casus
1620 1275 1763 1313 oportet
1776 1270 1868 1303 ferte
1885 1268 2090 1302 mortalem.
2166 1268 2169 1269 ⁷
2215 1266 2218 1267 ⁷

1314 1323 1412 1357 Ultor.
1438 1320 1470 1354 O
1488 1321 1589 1354 valde
1609 1321 1741 1354 claram
1759 1321 1967 1360 victoriam,
1993 1326 2114 1354 teneas
2137 1331 2253 1354 meam

1679 1372 1789 1405 vitam
1801 1398 1810 1412 ,
2192 1372 2195 1374 ’

1312 1422 1358 1455 Et
1375 1434 1449 1455 non
1467 1421 1606 1456 desinas
1625 1435 1801 1457 coronans
1821 1435 1888 1457 me.

1300 1599 1363 1625 103)
1384 1599 1510 1627 liabens]
1531 1599 1571 1622 sic
1591 1598 1673 1622 Editt.
1692 1600 1784 1626 1558..
1806 1600 1899 1626 1562:
1924 1599 2018 1629 Barn.,
2037 1601 2160 1632 Musgr..
2177 1599 2255 1625 Fix.:

1333 1633 1592 1698 gztloeterieifffutraque
1610 1634 1705 1657 versio
1727 1643 1755 1655 =
1774 1634 1867 1664 Eurip.
1887 1632 1987 1664 ἔχουσ*
2010 1633 2039 1666 [i.
2056 1641 2081 1665 q.
2101 1633 2205 1666 ἔχουσα
2229 1636 2257 1658 et

1301 1729 1364 1755 104)
1384 1729 1472 1756 Deae]
1492 1729 1531 1751 sic
1549 1729 1632 1754 Editt.
1649 1730 1739 1759 1553„
1762 1729 1836 1754 1562.
1857 1729 1948 1761 (qnasi
1967 1731 2082 1761 legisset
2101 1731 2138 1758 εἰς
2154 1729 2256 1761 &edith

1336 1763 1428 1792 Barn„
1448 1764 1564 1793 Musgr...
1585 1764 1642 1787 Fix.
1663 1764 1763 1795 (aeque
1778 1771 1810 1788 ac
1828 1765 1878 1788 Ed.
1898 1765 1980 1790 Basil.
2003 1764 2091 1796 1551.)
2112 1766 2149 1793 εἰς
2165 1764 2257 1794 θεοὺς,

1334 1798 1360 1821 in
1380 1797 1453 1821 Deos
1472 1798 1628 1823 conferens.

1303 1856 1363 1888 105)
1385 1858 1476 1886 eram]
1501 1857 1539 1881 sic
1564 1859 1610 1886 (=
1629 1858 1722 1887 Eurip.
1741 1851 1787 1888 ἦν)
1815 1859 1898 1883 Editt.
1920 1860 2011 1891 1555„
2038 1860 2094 1884 Fix.
2121 1849 2257 1892 (Musgra

1336 1892 1391 1921 sui;
1417 1893 1512 1916 Barn.:
1540 1892 1623 1923 ἠπίως
1649 1893 1675 1915 in
1696 1893 1744 1916 Ed.
1766 1893 1840 1918 1562.
1860 1893 1947 1916 deest.

354 1986 428 2013 Huic
454 1986 680 2014 Plioeuissaruin
704 1987 939 2024 interpretationi
962 1987 1095 2023 integrae
1120 1995 1196 2013 nnnc
1219 1987 1401 2014 annectimus
1432 1987 1503 2014 duos
1536 1987 1618 2012 huius
1650 1988 1819 2022 tragoediae
1852 1988 1926 2014 locos
1960 1998 2048 2025 supra
2080 1999 2112 2024 p,
2134 1988 2199 2018 289
2215 2000 2259 2025 sq.

228 2034 420 2057 memoratos:

331 2079 363 2112 1.
397 2076 629 2112 Phoeniss.
659 2075 888 2113 472—475.
915 2076 981 2111 Ed.
1003 2077 1113 2110 Bam.

267 2138 359 2166 Huius
381 2137 435 2164 loci
459 2138 661 2174 interpretatio
684 2138 775 2175 Mel„
796 2137 953 2176 inscripta:
981 2137 1165 2175 „Euripides
1187 2137 1216 2164 in

226 2179 419 2210 Phoenissis’'
441 2180 588 2207 invenitur

310 2231 338 2250 a.
369 2223 397 2250 in
421 2221 615 2250 Melanthonis
638 2221 731 2260 Oper.
753 2222 842 2250 Basil.
866 2221 933 2251 Vol.
948 2222 982 2252 V.
1004 2232 1034 2260 p.
1050 2219 1142 2257 333.;

309 2265 338 2292 b.
369 2265 397 2292 in
411 2265 560 2292 Vincentii
580 2264 636 2293 Ed.
652 2265 830 2302 Epigramm.
853 2264 926 2294 Mel.
947 2264 1000 2293 fol.
1015 2264 1042 2293 O
1055 2261 1215 2298 4b—5⁰;

311 2315 337 2332 c.
367 2307 394 2332 in
418 2307 502 2334 huius
514 2307 746 2343 Corp.Resorm.
770 2307 879 2335 Vol.X.
902 2306 1004 2345 p-550
1017 2317 1060 2345 sq.
1083 2316 1129 2336 nr.
1145 2305 1216 2337 138.

277 2365 369 2399 Nam
387 2365 544 2399 veritatis
560 2371 610 2399 est
624 2365 774 2410 simplex
791 2366 919 2410 oratio,
1204 2360 1208 2364 ”

279 2415 583 2461 Interpretemquc
601 2428 675 2449 non
693 2417 870 2450 desiderat
885 2417 1022 2450 vafrum
1035 2444 1044 2457 ‚

279 2466 346 2500 Sed
365 2466 438 2510 ipsa
456 2479 520 2510 per
536 2479 572 2500 se
590 2467 725 2502 viribus
740 2468 833 2500 valet
849 2468 931 2502 suis.

278 2517 374 2550 Mala
393 2529 495 2551 causa
514 2518 647 2552 callidis
657 2518 685 2564 ¹)
704 2531 792 2564 opus
808 2517 915 2553 habet
931 2516 1145 2564 pharmacis.

268 2628 297 2656 1)
315 2626 439 2657 callidis]
464 2625 503 2649 sic
527 2627 574 2654 (ε
593 2626 686 2655 Eurip.
705 2625 818 2659 σοφῶν)
843 2627 970 2652 Vincent.
997 2628 1025 2652 et
1049 2627 1132 2659 corp.
1157 2627 1218 2651 Ber.

301 2662 354 2691 X.;
381 2661 448 2691 ΟΜ).
468 2661 552 2684 Basil.
573 2660 677 2683 calidis.

1371 2080 1406 2112 2.
1440 2074 1674 2111 phoeniss.
1704 2076 1931 2111 531—533.
1960 2078 2024 2112 Ed.
2047 2051 2156 2112 ‘Bar-n.

1312 2137 1405 2164 Huius
1427 2137 1480 2164 loci
1503 2137 1707 2174 interpretatio
1727 2137 1817 2173 Met,
1840 2137 1993 2174 inscripta:
2022 2138 2160 2174 „Iocaste
2183 2140 2261 2177 apud

1268 2178 1440 2216 Euripidem
1463 2179 1500 2207 ad
1522 2179 1615 2207 filium
1637 2179 1814 2208 Eteoclem„
1837 2185 1934 2208 exstat

1353 2230 1382 2249 a.
1409 2222 1438 2249 in
1452 2220 1603 2250 Grathusii
1627 2222 1799 2251 collectione
1812 2221 1991 2259 Epigramm.
2006 2222 2076 2251 Mel.
2099 2222 2151 2252 fol.
2167 2222 2192 2251 L
2205 2221 2261 2259 6⁵;

1354 2263 1383 2292 b.
1413 2264 1442 2291 in
1466 2264 1614 2293 vincentii
1635 2264 1692 2293 Ed.
1714 2265 1818 2292 horum
1842 2265 2021 2302 Epigramm.
2044 2265 2095 2295 fol.
2110 2265 2134 2293 L
2151 2264 2210 2302 1³3

1353 2315 1380 2334 c.
1409 2306 1439 2334 in
1461 2305 1545 2334 huius
1559 2307 1646 2345 Corp.
1660 2306 1792 2336 Reform.
1815 2307 1927 2336 Vol.X.
1951 2306 2107 2347 p.561sq.
2129 2318 2174 2337 nr.
2191 2306 2261 2340 166·

1316 2365 1463 2399 Senecta
1482 2377 1556 2398 non
1572 2365 1713 2400 laborat
1730 2367 1894 2401 omnibus
1911 2368 2033 2409 malis,

1319 2416 1407 2456 Sed,
1440 2423 1563 2460 gnate,
1595 2430 1760 2462 magnam
1792 2431 1913 2453 rerum
1945 2417 2052 2453 habet
2081 2421 2262 2466 experien-

1683 2470 1768 2502 tiam
1778 2471 1829 2517 2),

1320 2517 1480 2551 Dicendo
1496 2520 1628 2563 polleat
1643 2527 1681 2553 ut
1701 2521 1778 2566 plus
1797 2522 2007 2558 iunioribus.
2043 2555 2047 2557 a

1304 2626 1335 2659 2)
1355 2633 1446 2651 rerum
1466 2627 1546 2650 hahet
1565 2627 1775 2658 experientiam]
1793 2629 1832 2653 sic
1845 2630 1990 2661 Grattius,
2010 2630 2153 2662 Viucent.;
2177 2629 2260 2662 (ἴση).

1340 2662 1400 2685 Rei.
1412 2662 1464 2687 X.:
1490 2662 1569 2686 habet
1587 2668 1680 2686 rerum
1698 2664 1904 2695 experientiam.

2171 114 2251 151 448.

2354 61 2363 234 ι
