2373 2980
211 122 282 155 947

263 205 393 238 Iniuste
429 204 568 249 quidem
583 229 590 239 ,
632 201 691 234 sed
724 213 787 245 ego
819 207 937 234 tamen
961 201 1099 244 culpam
1126 213 1198 234 sus-

622 251 729 284 tineo.

264 308 366 352 Qum!
389 305 449 337 suit
470 305 572 336 decus
590 304 716 335 domus
736 314 834 334 meae
848 328 856 341 ‚

214 358 286 392 290
316 357 421 393 Filia,
449 354 523 387 sine
540 354 616 385 viro
634 359 792 386 canescet
812 353 922 396 virgo.

265 409 389 440 Castor
407 412 437 438 et
456 405 602 442 Pollux,
630 403 689 449 qui
709 403 875 437 dicuntur
891 403 952 436 filii
971 402 1081 441 lovis,

264 459 343 492 Non
363 463 442 491 sunt
461 455 624 499 amplius.
673 454 849 488 Omnibus
867 453 1126 487 calamitatibus
1141 465 1202 497 op-

623 517 759 549 pressa,

266 559 370 602 Quod
400 558 441 589 ad
470 557 649 589 fortunam
676 555 819 594 attinet,
862 562 1001 589 mortua
1030 568 1126 593 sum,
1166 566 1202 586 re

623 607 696 650 ipsa
717 607 888 640 nondum.

271 660 343 691 lloc
364 665 581 703 postremum
603 664 671 696 est,
697 657 724 690 si
744 657 899 690 venirem
916 657 952 689 in
971 657 1120 700 patriani
1135 681 1143 691 ,

217 710 290 746 295
319 709 492 742 Excludar
512 709 554 741 ab
573 708 736 746 aedibus,
763 720 861 747 cum,
891 719 980 752 quac
1002 708 1044 738 ad
1064 705 1163 738 Ilium

268 762 366 800 Fuit,
394 760 563 793 Helenam
584 772 661 792 cum
681 758 844 791 Menelao
862 758 997 791 venisse
1015 763 1190 801 putarent.

270 813 359 846 Nun
383 812 409 845 si
430 812 563 844 viveret
591 810 756 847 maritus,
792 821 973 852 possemus
995 820 1058 841 nos
1082 814 1205 840 mutuo

631 872 820 903 agnoscere
831 886 839 898 ,

271 914 456 946 Venientes
476 913 518 944 ad
538 910 744 955 indiciaffi)‚
777 923 866 955 quae
892 910 993 943 nobis
1018 909 1100 942 solis
1123 914 1205 940 nota
1233 912 1234 915 ’

631 967 729 997 sunt;

270 1016 335 1046 Sed
355 1013 420 1046 lioc
439 1011 527 1045 nihil
543 1018 591 1045 est
607 1023 720 1049 nunc,
749 1022 861 1055 neque
877 1009 1055 1042 rediturus
1074 1015 1124 1041 est
1140 1009 1208 1041 ille.

221 1066 294 1099 500
322 1065 416 1109 Quid
446 1063 596 1107 amplius
626 1060 770 1093 vivam?
812 1074 917 1105 quam
946 1061 1125 1092 fortunam
1155 1072 1208 1091 ex-

633 1111 759 1156 pecto?

270 1168 324 1199 An
342 1165 482 1209 nuptias
501 1165 626 1209 eligam
640 1190 648 1203 ‚
673 1162 907 1195 mutationem
928 1161 1122 1199 malorum,

273 1218 317 1250 Ut
335 1215 489 1249 habitem
506 1229 583 1249 cum
604 1215 681 1247 viro
700 1214 875 1252 barbaro,
904 1213 947 1245 ad
967 1212 1173 1256 opulentam

273 1268 433 1301 Mensam
449 1265 597 1301 sedens?
651 1264 836 1309 „Quando
855 1263 1003 1296 maritus
1022 1262 1154 1295 invisus

277 1346 296 1357 „
308 1319 451 1351 Habitat
469 1331 547 1351 cum
565 1317 732 1355 muliere,
759 1322 791 1348 et
808 1326 958 1359 persona
979 1326 1052 1346 non
1070 1314 1200 1357 placet,

222 1369 294 1404 305
325 1369 544 1413 „Optimum
575 1374 626 1402 est
656 1366 766 1399 mori:
810 1366 945 1398 moriar
971 1365 1025 1397 vel
1051 1377 1123 1397 non
1150 1362 1210 1396 ho-

634 1424 741 1451 neste.

273 1472 412 1515 Turpes
431 1476 513 1503 sunt
527 1468 828 1513 strangulationes
843 1468 885 1499 de
901 1466 1062 1505 sublimi,

274 1522 392 1555 Etiam
409 1521 518 1555 servis
538 1520 571 1552 id
590 1519 810 1553 existimatur
829 1530 900 1551 esse
918 1517 1131 1561 probrosum
1146 1529 1152 1553 ;

274 1574 340 1606 Sed
358 1573 480 1605 caedes
497 1570 629 1604 habent
647 1570 779 1615 aliquid
797 1568 957 1613 generosi
978 1574 1010 1600 et
1027 1565 1178 1611 pulchri.

276 1624 383 1657 Parvi
413 1622 584 1656 momenti
611 1628 662 1655 est
680 1622 807 1654 modus
839 1619 1040 1653 discedendi
1075 1630 1114 1650 ex
1151 1616 1215 1649 hac

637 1672 726 1704 vita:

229 1727 301 1760 310
329 1726 367 1758 ln
384 1731 519 1758 tantam
537 1724 714 1756 malorum
732 1720 1010 1766 profunditatem
1027 1720 1198 1752 venimus.

279 1778 431 1820 Propter
446 1776 598 1808 formam
617 1773 732 1806 felices
749 1778 830 1806 sunt
847 1772 936 1804 aliae

281 1828 466 1864 Muliere83
495 1827 554 1860 sed
572 1837 626 1858 me
644 1825 766 1857 eadem
784 1823 843 1855 illa
860 1821 1026 1866 perdidit.

281 1880 377 1913 chor.
405 1877 559 1917 Helena,
593 1874 790 1919 hospitem,
827 1873 888 1918 qui
910 1872 1025 1911 venit,
1062 1870 1219 1916 quisquis

647 1932 697 1959 est
721 1925 777 1957 ille
789 1951 798 1963 ,

282 1979 363 2012 Non
382 1985 481 2022 putes
499 1978 617 2011 onmia
638 1988 717 2009 vera
738 1975 875 2008 dixisse.

233 2029 305 2064 315
332 2031 406 2064 Hel.
441 2029 551 2074 Atqui
571 2029 663 2061 clare
689 2027 776 2060 dixit
810 2024 978 2058 maritum
1012 2034 1126 2055 meum
1163 2035 1215 2065 pe

645 2090 758 2111 rnsse.

284 2133 381 2166 Char.
410 2130 521 2163 Multa
539 2136 621 2163 sunt
637 2129 741 2168 falsa,
768 2137 857 2172 quae
875 2124 1051 2158 dicuntur.

284 2183 358 2216 Hel.
385 2181 431 2215 Et
454 2188 596 2215 econtra
621 2179 752 2217 multa,
786 2188 877 2223 quae
902 2187 984 2208 vera
1011 2180 1109 2211 sunt,
1146 2185 1222 2216 per-

642 2230 760 2275 spicua
779 2234 872 2263 sunt.

286 2286 382 2318 Cher.
410 2283 494 2317 Fert
511 2289 544 2315 te
559 2282 595 2315 in
614 2281 849 2314 calamitatem
868 2290 933 2323 pro
952 2276 1114 2322 bonoffl’).

287 2336 360 2368 Hel.
390 2334 506 2368 Metus
523 2333 744 2366 circumdans
770 2330 867 2364 ducit
892 2341 968 2368 me,
999 2334 1038 2361 ut
1058 2325 1126 2359 hoc
1153 2337 1224 2358 cre-

656 2385 757 2422 dam,
785 2382 881 2427 quod
899 2386 1031 2413 metuo.

239 2437 311 2470 320
341 2437 435 2469 Cher.
464 2435 655 2479 Quomodo
672 2434 794 2467 affecta
812 2445 847 2466 es
864 2443 945 2475 erga
963 2442 1041 2470 eos,
1068 2427 1129 2472 qui
1146 2432 1226 2460 sunt

642 2485 678 2517 in
697 2482 829 2517 domo?

277 2571 325 2599 25)
344 2568 456 2598 indicia]
481 2568 520 2591 sic
543 2566 642 2596 scripsi
667 2566 715 2596 (z
734 2566 825 2595 Eur-ip.
846 2562 980 2596 ξύμβοΓ,
1004 2563 1088 2587 Editt.
1108 2564 1225 2589 recenm

309 2605 419 2636 signa„
444 2602 527 2627 Editt.
545 2602 634 2632 155⁸„
654 2601 728 2625 1562.
747 2600 854 2624 iudicia.

273 2640 321 2668 25)
340 2639 406 2663 Fert
422 2651 455 2657 -
478 2637 571 2664 bono-J
595 2634 636 2658 sic
654 2634 736 2659 Editt.
756 2634 847 2663 1558„
874 2633 966 2662 1562.;
1004 2631 1087 2656 Editt.
1106 2631 1226 2654 recent.:

311 2673 352 2697 Ad
369 2672 549 2697 calamitatem
567 2668 637 2693 enim
656 2668 744 2697 [Fix.:
770 2667 910 2696 nimirum]
929 2666 1019 2697 potius
1035 2670 1114 2696 quam
1128 2664 1162 2689 ad
1177 2665 1226 2688 bo-

311 2713 374 2730 num
393 2713 422 2731 es
441 2709 583 2737 propensa.

786 115 906 149 PHlL.
942 114 1052 149 MEL.
1087 113 1287 149 SCRIPTA
1322 114 1654 149 PHILOLOGICA.

1230 659 1232 672 A

2165 114 2237 150 948

1301 201 1374 234 Hel.
1412 199 1545 233 Omnes
1568 205 1650 233 sunt
1673 198 1741 230 mei
1769 198 1890 239 amici,
1937 206 2077 243 praeter
2108 212 2240 244 regem,

1658 249 1717 294 qui
1737 254 1888 282 sectatur
1906 261 2002 284 meas
2020 250 2173 295 nuptias.

1305 303 1400 336 Chor.
1429 300 1520 339 Scis,
1548 299 1633 344 quid
1652 300 1850 333 faciendum
1873 300 1942 334 sit?
1969 302 2130 348 relinque
2147 299 2241 335 hunc

1660 351 1775 384 locum
1801 349 1988 395 sepulchri.

1305 404 1378 436 Hel.
1421 401 1474 433 Ad
1506 413 1611 446 quem
1642 413 1841 435 sermonem
1870 409 1930 435 {tut
1955 402 2242 437 adhortationem

1666 451 1788 485 vadis?

1309 503 1404 537 Ghor.
1433 501 1573 536 lntrans
1591 502 1626 535 in
1643 504 1788 537 domum
1800 530 1808 543 ,
1837 515 1928 548 quae
1944 504 2063 536 omnia
2078 504 2197 544 novit,

1229 572 1231 582 <
1257 551 1331 588 325
1360 552 1536 586 Marinau]
1561 554 1715 597 puellam
1733 554 1921 588 Nereidem

1308 601 1506 638 Theonoen
1528 604 1705 648 interroga
1718 631 1727 645 ,
1756 617 1800 637 an
1819 603 1933 639 adhuc
1953 605 2049 638 vivat
2068 611 2149 639 tuus
2172 617 2246 638 ma-

1664 655 1771 695 ritus,

1308 704 1365 737 An
1381 716 1465 738 vero
1483 705 1527 738 sit
1546 713 1718 740 mortuus.
1753 705 1823 739 Ubi
1838 707 1927 740 bene
1944 703 2247 750 cognoverifflhoc,

1309 755 1423 789 Prout
1441 768 1495 790 res
1511 757 1618 796 feret,
1648 757 1700 789 vel
1720 758 1891 800 gaudeas,
1919 758 1973 791 vel
1989 758 2141 791 doleas-‘²

1310 806 1400 840 Nam
1428 807 1634 852 priusquam
1658 813 1751 840 recte
1776 808 1863 842 scias
1886 809 2038 854 aliquid,
2074 807 2167 854 quid,
2185 806 2247 839 tibi

1675 859 1836 902 prodest,

1262 907 1335 941 330
1361 907 1397 940 Si
1418 907 1561 941 doleas?
1589 909 1793 953 obtempera
1812 906 1912 942 mihi.

1311 957 1450 992 Relicto
1466 957 1534 991 hoe
1551 959 1736 1003 sepulchro
1756 961 1879 993 accede
1897 961 1938 992 ad
1959 960 2111 1004 puellam
2123 985 2132 999 ‚

1314 1009 1417 1041 Unde
1435 1009 1520 1042 scies
1538 1010 1657 1042 omnia
1676 1017 1768 1044 recte
1787 1011 1902 1043 dicere
1914 1037 1923 1050 ‚

1313 1058 1352 1091 In
1368 1057 1434 1092 hac
1454 1060 1580 1092 domo:
1610 1062 1673 1105 qui
1691 1060 1915 1105 prospectas?

1312 1109 1388 1153 Ego
1407 1110 1486 1143 volo
1504 1111 1608 1143 simul
1626 1117 1739 1143 tecum
1759 1112 1895 1155 ingredi
1911 1113 2056 1144 domum
2069 1136 2077 1149 ,

1236 1186 1238 1195 ,
1264 1158 1337 1194 335
1364 1160 1409 1193 Et
1426 1172 1495 1194 una
1515 1162 1638 1194 audire
1656 1161 1801 1205 virginis
1816 1162 1971 1194 oracula.

1315 1211 1445 1244 Mulier
1463 1211 1555 1244 enim
1576 1212 1678 1244 debet
1694 1212 1878 1245 mulierem
1895 1211 2076 1244 adiuvare.

1316 1263 1388 1296 Hel.
1416 1262 1558 1301 Amice,
1586 1262 1704 1306 accepi
1724 1260 1789 1295 hos
1808 1273 2000 1296 sermones.

1316 1312 1365 1345 lte
1384 1313 1420 1345 in
1441 1314 1607 1353 domum,

1317 1363 1413 1397 Intus
1430 1364 1466 1396 in
1486 1364 1630 1397 aedibus
1648 1364 1807 1397 miserias

1267 1414 1341 1448 340
1369 1415 1418 1448 Ut
1434 1427 1528 1447 meas
1548 1415 1711 1448 audiatis.

1317 1467 1413 1500 Chor.
1441 1465 1555 1498 Vocas
1572 1477 1643 1498 non
1661 1475 1764 1508 aegre
1780 1463 1968 1496 volentem.

1317 1518 1391 1550 Hel.
1419 1516 1452 1549 O
1472 1517 1562 1549 diem
1583 1516 1779 1554 infelicem,

1319 1567 1438 1611 Quam
1454 1568 1619 1601 miseram
1641 1573 1673 1600 et
1691 1563 1888 1609 lachryma-

1317 1618 1423 1651 bilem
1444 1618 1642 1651 orationem
1661 1614 1827 1650 audiani?

1270 1667 1343 1702 345
1372 1671 1469 1703 Chor.
1497 1669 1591 1703 Num
1611 1669 1706 1701 dolet
1722 1661 2028 1711 praesagiens?2⁷)

1321 1720 1486 1763 Occupa,
1515 1732 1534 1752 o
1559 1717 1683 1757 chara,
1711 1718 1836 1751 luctus.

1321 1772 1395 1805 Hel.
1422 1771 1517 1815 Quid
1536 1770 1684 1804 sustinet
1701 1768 1821 1802 infelix
1841 1779 1938 1800 meus
1954 1762 2124 1798 maritus?

1320 1823 1375 1855 An
1393 1822 1487 1854 videt
1505 1822 1623 1855 lumen
1635 1847 1644 1859 ‚

1322 1872 1366 1905 Et
1383 1873 1613 1918 quadriiugos
1632 1881 1754 1904 currus
1773 1868 1873 1906 solis,

1273 1922 1346 1958 350
1374 1924 1418 1957 Et
1441 1924 1515 1957 vias
1539 1919 1740 1957 astrorum?
1781 1930 1825 1951 an
1859 1929 1943 1950 vero
1975 1916 2068 1948 inter
2098 1919 2259 1947 mortuos

1687 1971 1750 2005 sub
1768 1976 1861 2002 terra

1323 2026 1543 2059 Terrestrem
1566 2023 1640 2056 obit
1655 2023 1837 2055 fortunam
1850 2019 1865 2052 Ρ

1327 2078 1423 2112 Cher.
1451 2075 1622 2109 Transfer
1639 2074 1675 2106 in
1690 2071 1815 2106 melius
1827 2098 1835 2111 ‚

1325 2127 1503 2172 Quicquid
1525 2133 1576 2160 est
1590 2126 1762 2159 futurum.

1325 2179 1398 2212 Hel.
1426 2178 1478 2211 Te
1496 2176 1661 2210 invocavi
1681 2181 1714 2208 et
1731 2184 1795 2218 per
1809 2178 1842 2204 te
1861 2169 1975 2203 iuravi

1276 2227 1349 2263 355
1377 2229 1572 2262 Humidum
1589 2227 1706 2259 locum
1725 2220 1944 2257 arundinetis

1326 2280 1498 2314 Eurotam
1508 2278 1555 2323 28)
1567 2304 1575 2318 ,
1600 2278 1629 2311 si
1644 2282 1806 2309 mortuus
1823 2277 1893 2312 est,

1327 2331 1364 2365 Si
1382 2342 1464 2364 vera
1480 2336 1530 2363 est
1545 2329 1638 2361 fama
1653 2325 1740 2360 haec
1756 2325 1799 2358 de
1815 2323 1893 2356 viro
1910 2332 2006 2355 meo:

1327 2382 1440 2428 (Quid
1455 2379 1584 2414 horum
1602 2384 1654 2412 est
1668 2378 1855 2411 obscurum
1866 2372 1899 2419 ?)

1327 2433 1509 2466 Praebebo
1525 2431 1653 2464 collum
1669 2425 1858 2472 suspendio
1878 2422 1994 2462 letali,

1311 2550 1360 2578 27)
1379 2549 1446 2573 Num
1465 2546 1538 2571 dolet
1554 2544 1732 2583 praesagiens
1740 2540 1767 2574 22]
1787 2543 1827 2582 sjc
1844 2540 1926 2566 Editt.
1942 2539 2032 2567 ¹558„
2052 2535 2125 2560 1562.
2150 2533 2197 2566 (=
2212 2532 2261 2556 Ed.

1347 2583 1430 2608 Basil.
1450 2581 1523 2605 1551.
1548 2578 1586 2611 μή
1611 2585 1764 2611 προμαντις
1787 2574 1946 2608 αλγεῐαι,·);
1981 2572 2063 2596 Editt.
2083 2570 2184 2594 recent.
2213 2563 2260 2596 nr}

1346 2615 1499 2650 πρόμαντις
1516 2611 1637 2646 ἀλγέων,
1659 2625 1684 2630 -
1706 2613 1746 2636 Ne
1763 2615 1902 2642 praesaga
1918 2607 2058 2635 dolorum,

1311 2659 1359 2692 28)
1377 2656 1518 2690 Eurotam]
1538 2657 1578 2681 sic
1596 2655 1746 2684 (=Eurip.
1760 2650 1908 2685 Εὐρώταν)
1929 2651 2031 2680 Musgr.
2043 2665 2050 2678 ‚
2069 2646 2146 2676 rim
2177 2643 2260 2669 mitt.

1351 2694 1442 2726 1558„
1463 2692 1556 2722 1562„
1574 2692 1670 2715 Barn.:
1694 2689 1808 2714 Eurota.
