2373 2980
245 116 318 152 327
820 107 940 142 PHIL.

655 199 776 237 utpote
803 194 896 236 apud
926 193 1078 226 amicum
1103 192 1230 225 Troia-

660 256 788 277 norum
804 245 941 287 puellae

517 302 673 329 tenentes
690 295 794 327 telam
811 294 970 327 Edoniae
989 306 1132 333 manus,

546 349 589 379 ad
627 347 737 379 lucem
774 345 856 379 solis
897 343 999 378 hasce
1035 350 1232 388 spectantes

657 402 780 429 vestes.

247 450 344 487 1155
373 448 525 492 Aliaeffl)
542 446 667 480 hastile
685 445 887 479 Tbracensc
905 451 1119 489 spectantes,

296 502 437 535 Nudum
458 512 514 532 me
528 500 559 531 st
564 504 685 531 cerunt
702 497 831 541 duplici
851 509 926 529 orn.
930 509 996 528 ιιιιι
1002 503 1074 528 nto.

296 553 364 596 Ου’
367 564 396 584 ιο
415 563 498 584 xero
519 562 550 593 Pi
544 555 681 582 ⁴vientes
700 560 737 580 er
741 554 818 585 ant,
845 547 1105 590 obstupefactae

297 602 445 636 Liberos
470 601 505 633 iu
532 600 694 632 manibus
719 598 943 642 quatie,bant
977 603 1084 641 utque
1111 595 1235 639 procul

671 662 688 681 a
716 655 814 692 patre

298 703 459 741 Fierent‚
487 700 762 734 successionibus
779 698 1003 731 alternabant
1022 709 1159 730 manus.

250 754 347 788 1160
374 753 418 786 Et
442 752 567 785 deinde
593 764 633 784 cx
657 749 800 783 occultis
831 749 933 794 (quid
959 747 1141 792 videtu1·':‘)
1167 747 1236 779 col-

656 800 785 845 loquiis

301 856 425 887 Statim
445 852 674 895 corripientes
693 863 790 883 enses
810 862 850 882 ex
867 850 1019 883 vestibus
1037 849 1198 881 alicunde

301 905 519 939 confodiunt
535 915 674 947 pucros.
709 901 808 934 Aliae
826 913 909 933 vero
928 898 1081 933 bostium
1102 900 1213 932 instar

303 956 543 999 Corripientes
561 966 655 985 meas
673 952 840 984 tenebant
858 963 1003 989 manus,

299 1007 344 1040 Et
358 1006 527 1038 membra.
556 1003 653 1036 Filiis
671 1014 754 1034 vero
771 1013 873 1044 opem
890 1002 981 1033 serre
998 1000 1119 1033 volens
1133 999 1239 1038 meis,

253 1056 349 1092 1165
377 1057 411 1089 Si
429 1055 569 1101 quidem
590 1054 714 1085 faciem
734 1051 902 1094 erigerem
920 1063 1035 1083 meam
1048 1076 1057 1089 ,

303 1108 340 1141 C:
344 1108 439 1151 1pi110
457 1105 603 1138 retineb«
598 1110 673 1139 ‘mt;
702 1103 731 1136 si
748 1114 833 1134 xero
853 1115 935 1134 mov
939 1113 1033 1134 erem
1051 1112 1196 1132 manum
1209 1125 1217 1139 ,

300 1159 350 1191 Pi
353 1171 392 1191 ae
427 1156 652 1189 multitudine
690 1153 879 1186 mulierum
920 1150 1010 1184 nibil
1047 1151 1238 1184 efficiebam

666 1216 784 1237 llllser.

295 199 378 232 Illac
406 210 489 231 xero
514 197 593 229 inde
606 222 614 233 ,

295 301 468 333 Sedebant
481 325 488 337 ,

298 351 505 383 Laudabant

301 1260 486 1293 Postremo
505 1257 631 1290 deinde
650 1255 900 1293 calamitatem,
930 1254 1007 1297 plus
1024 1264 1130 1298 quam
1152 1251 1242 1283 cala—

665 1312 825 1339 nntatem

303 1360 605 1404 perpetraverunt
623 1357 797 1391 ferociter.
851 1355 1016 1388 Meorum
1042 1353 1135 1386 enim
1162 1365 1243 1386 ocu-

663 1409 801 1447 lorum,

259 1461 355 1494 1170
391 1461 534 1493 Fibulas
570 1472 646 1492 cmn
681 1458 952 1502 corripuissent,
998 1455 1155 1488 infelices
1180 1466 1242 1497 pu-

668 1509 768 1553 pulas

305 1561 481 1601 Fodiunt,
509 1566 712 1599 cruentant,
740 1558 867 1591 deinde
883 1569 945 1601 per
962 1563 1092 1590 tectum

307 1612 463 1655 Fugaces
480 1612 654 1645 abierunt.
707 1609 864 1642 Exiliens
882 1620 966 1641 vero
986 1619 1050 1650 ego

306 1663 396 1696 Fera
415 1663 514 1708 quasi
531 1662 769 1707 persequebar
787 1665 950 1693 cruentas
973 1669 1095 1695 canes,

309 1714 443 1747 Omnes
460 1719 620 1746 scrutans
641 1712 788 1755 angulos
806 1710 906 1755 quasi
924 1715 1074 1742 venator

261 1764 357 1801 1175
385 1764 580 1803 Deiiciens,
616 1765 791 1806 frangens.
850 1760 975 1799 Talia,
1011 1761 1094 1792 (lum
1123 1757 1247 1790 studeo

668 1825 732 1858 pro
758 1819 818 1846 tua
844 1811 976 1855 gratia,

310 1868 437 1900 Passus
455 1879 530 1899 sum
550 1863 687 1898 hostem
706 1871 803 1897 tuum
824 1862 1057 1900 interficiens,

311 1919 343 1951 Ο
360 1920 625 1961 Ag131meumon
664 1921 703 1948 ut
720 1927 804 1947 vero
823 1926 896 1946 nou
912 1914 1040 1955 longos
1063 1910 1249 1943 extendam
1275 1905 1280 1983 ι

671 1977 869 1999 sermones:

313 2020 348 2053 Si
367 2019 445 2064 quis
461 2018 668 2051 mulieribus
687 2029 727 2049 ex
745 2016 923 2060 prioribus
941 2013 1029 2046 dixit
1044 2025 1076 2044 m
1082 2012 1153 2051 ale,

312 2071 384 2103 Aut
400 2082 493 2102 nunc
509 2069 627 2101 dicens
647 2074 697 2101 est
715 2067 832 2112 quis,-
825 2073 884 2099 ¹»ut
902 2067 1040 2098 futurus
1060 2069 1109 2095 est
1125 2062 1252 2102 dicere,

266 2123 364 2156 1180
392 2120 522 2153 Omnia
540 2117 575 2152 h,
570 2132 626 2152 ¹nee
643 2119 679 2151 in
696 2118 945 2161 compendium
967 2127 1030 2158 ego
1050 2114 1182 2146 dicam·
1176 2138 1183 2150 ‚

316 2172 466 2213 „Genus
484 2171 576 2203 enim
595 2181 710 2214 neque
727 2174 856 2212 pontus
873 2178 986 2211 neque
1004 2172 1097 2197 terra
1116 2163 1230 2196 nutrit

314 2223 443 2262 „Tale.
483 2221 543 2254 Ille
562 2233 667 2258 vero,
689 2231 827 2262 semper
845 2218 905 2263 qui
922 2216 1063 2254 incidit,
1089 2215 1202 2247 novit.

316 2275 411 2307 Clzor.
446 2272 496 2306 Ne
521 2272 683 2304 ferociter
705 2271 791 2314 quid
815 2270 928 2307 dicas,
970 2278 1085 2311 neque
1114 2278 1155 2297 cx
1187 2264 1254 2297 tuis

673 2321 775 2353 malis

316 2373 489 2406 Muliebre
523 2385 630 2416 genus
664 2372 846 2404 conserens
859 2396 867 2408 ,
914 2369 962 2402 sic
997 2379 1103 2400 omne
1135 2378 1254 2409 repre-

679 2420 825 2454 hendas.

267 2473 365 2509 1185
394 2473 558 2513 „Multae
591 2473 733 2517 quidem
767 2485 807 2504 ex
839 2469 960 2509 nobis,

675 2529 757 2556 sunt
778 2521 980 2566 praeclarae
991 2545 1002 2559 ‚

996 2468 1084 2501 aliae
1111 2466 1252 2511 quidem

301 2660 350 2686 51)
369 2658 463 2687 Aliae]
482 2656 523 2680 sic
540 2657 615 2680 recte
635 2654 682 2687 (z
693 2654 786 2684 Eurip.
802 2652 911 2685 Ἀλλαι)
932 2652 1014 2677 Editt.
1034 2653 1132 2684 Barn.‚
1152 2651 1254 2682 Musgr.

337 2694 365 2716 et
383 2693 462 2717 Fix.:
484 2692 532 2715 Ed.
553 2691 628 2715 1562.
647 2691 734 2714 male:
760 2689 830 2713 Alia,

978 107 1090 141 MEL.
1125 104 1325 140 SCRIPTA
1359 104 1693 140 PHILOLOGICA.

2194 104 2268 141 328

1335 191 1464 231 „Aliae
1511 203 1595 224 vero
1634 191 1677 222 ad
1718 201 1906 223 numerum
1949 191 2124 223 malarum
2165 195 2270 222 natae

1693 252 1824 273 sumus.

1336 294 1415 326 Περ.
1445 291 1509 331 „O
1525 292 1792 334 Agamemnon,
1821 288 2024 326 bominibus
2046 304 2120 324 non
2146 301 2273 323 conve-

1694 341 1747 373 nit
1764 353 1922 386 unquam

1338 394 1484 436 „Quam
1508 392 1599 435 ipsas
1617 403 1672 424 res
1690 392 1845 434 linguam
1863 403 1964 436 posse
1983 395 2071 438 plus.

1338 444 1435 482 „Sed
1454 442 1481 475 si
1498 443 1630 474 boumn
1648 442 1748 481 fecit,
1776 443 1867 475 bona
1887 439 2074 488 oportebat
2090 446 2223 485 ‹licere;

1290 493 1386 527 1190
1416 519 1437 532 „
1449 493 1485 525 Si
1502 492 1652 526 vicissim
1672 493 1762 525 mala
1775 519 1783 532 ,
1810 505 1991 528 sermones
2008 508 2081 529 esse
2096 488 2251 540 putidos,

1341 543 1415 584 „Et
1431 555 1503 575 non
1522 555 1622 587 posse
1642 543 1769 576 iniusta
1790 544 1877 577 bene
1896 546 2014 579 dicere
2030 559 2200 592 unquam.

1341 594 1555 638 „Sapientes
1581 593 1722 638 quidem
1749 594 1856 637 igitur
1881 603 1981 635 sunt,
2016 598 2076 642 qui
2106 595 2198 632 haee
2218 602 2280 632 ‘ex-

1697 650 1771 676 acte
1788 646 1915 678 ornare
1932 654 2126 688 noverunt,

1343 721 1363 734 ,‚
1375 695 1441 727 Sed
1459 707 1531 727 non
1550 701 1698 739 possunt
1714 696 1757 727 ad
1773 696 1875 728 finem
1893 709 1965 730 esse
1979 710 2004 730 5
1999 699 2166 755 npientes.

1342 746 1466 785 „Male
1487 758 1571 778 veio
1589 745 1791 789 perierunt,
1825 753 1859 779 et
1883 759 1956 780 non
1980 749 2058 793 quis
2086 749 2197 782 evasit
2219 750 2281 782 ad-

1701 794 1748 829 lm
1755 807 1791 828 c
1787 796 1845 843 ²).

1294 845 1390 880 1195
1417 846 1463 879 Et
1481 845 1579 887 mihi,
1597 847 1691 892 quod
1711 848 1755 879 ad
1771 854 1803 879 te
1820 848 1957 888 attinet,
1975 849 2023 881 sic
2039 849 2075 881 in
2088 849 2281 894 prooemiis

1710 895 1745 929 hi
1739 897 1828 932 ubet.

1344 949 1399 981 Ad
1420 946 1514 981 hunc
1531 960 1615 980 velo
1633 948 1724 980 vado
1742 954 1774 980 ct
1793 949 1909 982 verbis
1926 951 2162 994 respondebo.

1345 1000 1537 1043 Quomodo
1564 999 1615 1032 ais
1641 1005 1673 1031 te
1700 999 1919 1032 Graecorum
1954 1002 2113 1035 lahorem
2137 1000 2284 1034 vitando

1694 1049 1869 1093 duplicem
1881 1077 1890 1090 ,
2137 1042 2139 1044 Ι

1345 1100 1695 1145 Agamemnonisque
1726 1101 1838 1143 gratia
1868 1101 1979 1134 filium
2017 1115 2135 1136 meum
2176 1101 2286 1134 inter-

1706 1150 1845 1183 fecisse.
1836 1151 1851 1173 ι)

1347 1200 1435 1239 Sed,
1464 1213 1484 1232 o
1502 1200 1670 1245 pessime,
1698 1200 1854 1244 primum
1876 1213 2060 1246 nunquam
2080 1203 2234 1262 amicum

1300 1252 1397 1287 1200
1425 1251 1465 1283 Βι
1468 1253 1531 1284 ιι·ι1)
1534 1264 1623 1284 irum
1642 1253 1698 1284 fiet
1715 1251 1859 1284 Graecis
1878 1263 2008 1295 genus,

1349 1303 1421 1336 Nec
1445 1315 1555 1347 unqu
1548 1315 1602 1334 nm
1628 1307 1743 1346 potest
1767 1302 1854 1335 fieri.
1923 1302 1988 1335 Cui
2013 1315 2097 1337 vero
2121 1315 2206 1336 nam
2233 1315 2288 1336 ca-

1705 1358 1808 1396 ptans
1839 1353 1991 1386 officium

1350 1404 1440 1436 Tam
1457 1409 1644 1446 promptus
1661 1402 1761 1435 eras?
1788 1410 1907 1436 utrum
1934 1404 2118 1438 iuncturus
2138 1404 2289 1438 affinita-

1707 1459 1778 1485 tem
1802 1454 1956 1499 aliquam
1968 1454 1984 1487 ?

1350 1503 1422 1537 Aut
1439 1510 1607 1547 cognatus
1625 1503 1799 1537 existens?
1832 1504 1904 1537 Aut
1927 1516 2121 1550 quamnam
2147 1516 2289 1539 causam

1709 1552 1866 1588 habens?

1350 1605 1422 1639 Aut
1443 1611 1524 1637 tuae
1543 1611 1644 1637 erant
1663 1611 1777 1637 terrae
1796 1604 1945 1638 excisuri
1962 1606 2120 1650 germina

1304 1655 1401 1691 1205
1429 1656 1630 1688 Redeuntes
1647 1667 1787 1689 rursum
1798 1655 1814 1688 ἐ’
1839 1656 1904 1689 Cui
1918 1663 2021 1699 putas
2037 1667 2289 1702 persuasurum

1717 1718 1788 1740 esse
1814 1705 1926 1740 baec?

1353 1758 1491 1790 Aurum
1512 1755 1557 1801 (si
1574 1757 1659 1790 velis
1679 1769 1760 1789 vera
1779 1757 1912 1801 dicere)

1353 1807 1532 1841 lnterfecit
1548 1820 1666 1841 meum
1683 1808 1814 1848 filium,
1843 1815 1877 1841 et
1894 1809 1989 1841 lucra
2013 1814 2084 1840 tua.

1354 1859 1654 1905 Quandoquidem
1673 1860 1758 1892 doce
1774 1871 1830 1892 me
1846 1859 1931 1900 hoc,
1967 1871 2097 1903 quare,
2119 1872 2197 1894 cum
2217 1866 2294 1893 erat

1714 1911 1796 1943 felix

1357 1962 1488 2002 Troia,
1530 1968 1564 1994 et
1589 1961 1746 2006 undique
1771 1962 1808 1994 in
1831 1961 1978 1994 circuitu
2003 1960 2111 1995 turris
2141 1959 2294 1994 habebat

1713 2010 1827 2046 adhuc
1853 2013 1976 2045 urbem
1989 2038 1998 2051 ,
2357 1991 2360 2059 l

1309 2066 1406 2100 1210
1433 2063 1653 2108 Vivebatque
1678 2063 1863 2103 Priamus,
1890 2062 2120 2106 Hectorisque
2144 2061 2294 2094 florebat
2356 2064 2359 2129 ἐ

1717 2112 1815 2147 hasta
1828 2141 1837 2153 ‚

1358 2167 1477 2211 Quare
1495 2176 1567 2197 non
1585 2170 1657 2197 tum
1677 2164 1721 2209 (si
1739 2165 1879 2209 quidem
1893 2160 1974 2194 huic
1985 2161 2127 2195 voluisti
2143 2161 2293 2205 gratiam
2356 2145 2357 2223 l

1357 2215 1533 2258 Ponere,)
1551 2215 1710 2249 nutriens
1727 2216 1836 2248 filium
1856 2219 1889 2246 et
1905 2214 1940 2245 in
1959 2214 2067 2245 domo
2084 2211 2218 2246 habens

1358 2266 1590 2300 Interfecisti?
1633 2273 1693 2299 aut
1713 2266 1890 2298 viventem
1917 2264 2045 2298 venisti
2071 2265 2115 2297 ad
2139 2264 2296 2297 Graecos

1719 2315 1872 2357 ducens?

1358 2370 1424 2403 Sed
1441 2369 1584 2413 quando
1602 2380 1666 2400 nos
1682 2381 1754 2401 non
1772 2367 1921 2411 amplius
1940 2378 2080 2399 eramus
2097 2364 2132 2397 in
2147 2365 2243 2404 luce,

1312 2420 1408 2457 1215
1436 2420 1549 2452 Fumo
1567 2420 1830 2462 significabatur
1846 2419 1928 2451 urbs
1945 2417 2008 2451 sub
2024 2415 2201 2454 hostibus,

1358 2471 1542 2515 Hospitem
1569 2470 1776 2503 interfecisti
1800 2476 1899 2503 tuum
1926 2469 2149 2500 accedentem
2172 2466 2215 2498 ad
2243 2465 2297 2497 so-

1717 2534 1809 2555 culn·

1346 2644 1394 2677 52)
1414 2644 1483 2669 Huic
1506 2644 1567 2668 loco
1591 2650 1633 2667 vs.
1654 2642 1845 2667 liet—119⁴.
1871 2641 1897 2665 in
1916 2639 2063 2665 Ed.1562.
2089 2636 2228 2667 adscripta
2252 2637 2297 2659 est

1378 2682 1443 2704 nota
1462 2679 1590 2710 margins
1617 2679 1647 2701 ln
1666 2678 1795 2701 mulieres
1814 2676 1912 2701 oratio.
