2373 2980
211 98 284 134 455

259 183 430 217 Luctibus
456 184 596 221 domus,

261 235 353 280 Quia
378 246 451 268 nou
479 240 577 278 grata
601 238 683 266 sunt
709 243 769 272 ea,
793 244 884 278 quae
910 233 1010 266 fiunt.

262 289 365 321 Ναίν.
392 286 473 320 Non
498 290 579 318 sunt
604 284 724 322 aedes;
749 291 970 318 evanuerunt
993 282 1080 317 haec
1103 284 1187 318 iam.

215 336 287 371 140
311 336 413 370 lason
440 342 534 368 tenet
559 336 704 367 domum
730 335 946 379 principum,

265 387 390 420 Medea
418 386 582 419 tabefacit
603 386 713 417 vitam
739 385 777 418 in
802 383 978 425 thalamis,

266 438 442 476 Domina,
465 436 596 470 nullius
623 435 820 470 amicorum
844 436 1035 482 quicquam

267 488 392 522 Verbis
416 494 572 521 recreata
597 487 731 521 animo.

267 541 360 573 Med.
387 539 484 579 Heu,
506 537 595 579 heu,
619 538 758 571 utinam
783 537 927 571 flamma
955 540 1120 585 coelestis]
1138 551 1201 584 per

630 601 750 622 meum
774 595 879 633 caput

219 639 291 674 145
316 639 400 673 Eat!
426 639 522 685 Quid
547 637 636 672 mihi
660 641 747 673 boni
773 647 824 673 est
847 640 999 684 amplius
1027 642 1167 675 vivere?

267 691 347 724 Heu
369 689 458 730 heu,
483 691 659 723 dlvertam
685 692 730 724 ad
753 697 918 731 mortem„

269 742 404 775 Relicta
429 742 551 775 odiosa
577 741 661 775 vita.

271 794 367 828 Char.
391 792 591 832 Audivisti,
615 804 635 825 o
660 791 792 836 Iupiter
818 799 852 826 et
875 798 967 826 terra
993 799 1027 826 et
1052 793 1184 832 lumen,

268 844 418 888 Qualem
444 856 567 876 vocem
592 843 728 877 miserit
750 843 870 877 infelix
893 844 1030 889 nupta?

221 893 292 928 150
317 894 417 939 Quae
443 901 475 927 te
502 894 710 928 insatiabilis

269 945 358 978 Tori
380 945 573 989 cupiditas,
599 957 618 977 o
641 945 760 985 stulta,

272 996 382 1039 Urget
404 998 446 1028 ad
472 996 648 1028 mortem?

269 1046 322 1080 Ne
345 1044 412 1079 hoc
437 1052 546 1090 petas.

268 1097 374 1141 Quod
397 1097 427 1130 si
450 1103 530 1130 tuus
552 1095 700 1129 maritus

221 1146 293 1182 155
319 1148 413 1181 Colit
437 1160 570 1181 novum
594 1147 736 1185 lectum,

266 1198 312 1231 Ei
337 1205 374 1232 tu
393 1197 461 1232 hoc
482 1210 556 1231 non
580 1198 743 1242 imputes,

240 1289 246 1295 ,
267 1249 400 1294 Iupiter
422 1248 508 1283 haec
536 1248 723 1282 ulciscetur
746 1258 812 1291 pro
842 1252 885 1280 te.

267 1300 319 1334 Ne
345 1301 449 1334 nimis
477 1299 666 1333 tabefacias
692 1305 724 1332 te
748 1298 873 1342 ipsam,

267 1352 418 1385 Plorans
446 1358 546 1385 tuum
573 1350 754 1383 maritum.

220 1402 291 1437 160
318 1405 411 1437 Med.
437 1403 470 1436 O
487 1414 615 1446 magna
636 1399 796 1439 Themis,
812 1405 845 1432 et
861 1399 1054 1432 reverenda
1071 1398 1201 1439 Diana,

267 1453 422 1493 Videtis,
452 1466 542 1499 quae
567 1451 708 1497 patior?
731 1463 822 1497 quae
843 1462 974 1494 magno
999 1450 1199 1484 iuramento

266 1504 432 1548 obligavi
459 1504 694 1538 execrandum

266 1555 463 1589 R‘Iaritum?
488 1568 595 1600 quem
621 1566 706 1598 eg0,
730 1559 762 1586 et
784 1564 951 1597 sponsam
976 1551 1115 1585 videam

267 1605 304 1639 ln
327 1607 471 1639 aedibus
493 1606 698 1649 discerptos,

217 1655 289 1691 165
314 1657 385 1702 Qui
409 1670 464 1690 me
490 1657 588 1701 prius
613 1657 744 1690 audent
766 1653 895 1687 iniuria
921 1654 1070 1687 afficere.

265 1708 297 1741 Ο
324 1714 442 1752 pater,
468 1720 488 1740 o
516 1707 658 1747 civitas,
685 1718 793 1752 quam
815 1705 944 1750 reliqui

266 1759 455 1803 Turpiter,
484 1759 596 1792 occiso
608 1758 676 1803 ¹⁶³)
702 1769 782 1790 meo
810 1757 930 1789 fratre.

264 1814 367 1844 Ναίν.
390 1809 548 1850 Auditis,
575 1821 665 1855 quae
689 1809 800 1848 dicat,
825 1814 858 1840 et
882 1813 921 1841 ut
943 1806 1086 1839 invocat

265 1860 478 1894 Tliemidem
502 1861 679 1894 faventem
707 1859 837 1903 optatis
863 1858 973 1897 votis,
1007 1864 1040 1890 et
1064 1855 1197 1895 Iovem,

627 1911 688 1955 qui
711 1911 994 1942 iuramentorum

215 1963 287 1997 170
312 1963 437 1996 Custos
459 1961 664 1995 hominibus
689 1959 920 1994 existimatur.

263 2014 345 2048 Non
370 2014 446 2047 fieri
469 2019 604 2057 potest,
626 2019 665 2045 ut
690 2011 727 2044 iu
752 2011 870 2056 aliqua
897 2020 1005 2054 parva
1030 2020 1068 2041 re

262 2065 419 2098 Domina
445 2065 535 2097 iram
558 2065 665 2097 sedet.

266 2118 360 2150 Glzor.
389 2116 582 2161 Quomodo
607 2115 643 2146 in
667 2117 892 2156 conspectum
916 2116 1077 2144 nostrum

260 2166 411 2207 Veniat,
439 2174 471 2200 et
497 2166 674 2199 dictorum
699 2164 891 2197 verborum

214 2217 285 2251 175
310 2218 442 2251 Vocem
471 2217 632 2261 accipiat,

261 2269 297 2302 Si
319 2270 409 2302 forte
433 2269 595 2301 acerbam
620 2268 710 2299 iram

259 2319 305 2353 Et
330 2319 501 2363 impetum
529 2318 641 2352 animi
664 2316 833 2350 remittat.

258 2374 361 2405 matr.
388 2371 507 2403 Meum
531 2370 686 2404 studium
715 2379 788 2399 nou

259 2421 383 2454 Deerit
406 2421 538 2455 amicis.

209 2474 280 2508 180
306 2474 401 2508 Glzor.
430 2472 498 2506 Sed
522 2472 629 2509 vade,
658 2475 691 2502 et
713 2480 789 2501 eam
810 2465 878 2500 huc
904 2464 1068 2498 adducito
1094 2469 1188 2497 extra

617 2522 777 2558 domum,

255 2575 288 2608 O
313 2572 440 2613 chara,
465 2579 499 2606 et
522 2570 609 2605 haec
634 2571 754 2604 dicito.

237 2691 298 2722 16³)
319 2690 423 2719 occiso]
437 2688 476 2713 sic
489 2686 572 2712 Editt.
583 2685 667 2717 1558,
681 2685 774 2713 Barn.‚
789 2683 910 2714 Musgr.;
928 2681 976 2705 Ed.
995 2681 1070 2706 1562.
1086 2679 1187 2705 ocioso.

787 94 909 130 PHIL.
935 95 1047 131 MEL.
1082 95 1283 131 SCRIPTA
1310 96 1646 133 PHILOLOGICA.

2158 100 2232 136 456
2356 90 2365 137 1³

1300 183 1458 229 Propera
1471 210 1480 224 ‚
1499 184 1705 229 priusquam
1727 181 1863 229 aliquid
1877 184 1961 217 mali
1975 184 2117 219 faciat¹⁶
2126 180 2160 232 b)
2178 185 2233 227 iis,

1663 233 1725 279 qui
1749 233 1844 269 intus
1866 242 1959 270 sunt.
2355 245 2363 281 ῑ

1301 284 1393 318 Nam
1418 285 1531 318 luctus
1555 284 1657 317 valde
1682 290 1841 329 augetur.
2355 283 2357 324 l

1302 338 1405 370 Ναίν.
1446 335 1590 368 Faciam
1630 333 1728 370 haec.
1791 335 1861 369 Sed
1893 343 2032 378 metuo,
2073 343 2112 371 ut
2155 349 2235 382 per-

1669 387 1836 420 suadeam

1256 435 1327 470 185
1349 436 1542 469 Dominam
1569 448 1703 476 meam;

1304 487 1499 531 Suscipiam
1526 494 1644 521 tamen
1669 489 1800 522 laboris
1826 489 1863 521 in
1885 496 2036 523 vestram
2061 489 2222 533 gratiam.

1304 539 1414 584 Atqui
1439 539 1604 580 leaenae,
1631 552 1722 584 quae
1744 541 1900 584 peperit,
1929 541 2134 585 adspectum

1305 589 1459 623 Trucem
1485 590 1639 623 ostendit
1662 591 1824 631 famulis,
1849 593 1992 637 quando
2015 591 2143 636 aliquis

1304 641 1448 673 Accedit
1474 653 1585 685 prope
1609 641 1859 676 collocuturus.

1258 691 1329 724 190
1354 692 1517 731 „Stultos
1541 692 1659 726 dicens
1686 698 1720 725 et
1742 693 1947 737 insipientes

1307 742 1521 783 „Homines,
1537 743 1690 788 quiante
1707 755 1771 777 nos
1788 745 1944 785 suerunt,
1963 756 2036 778 non
2052 743 2237 783 erraveris,

1308 794 1410 838 „Qui
1436 792 1588 839 hymnos
1613 795 1650 827 in
1673 795 1920 829 festivitatibus

1308 845 1384 884 „Et
1408 845 1579 878 conviviis
1603 852 1637 878 et
1660 846 1778 880 coenis

1307 895 1554 934 „Invenerunt
1578 897 1615 929 in
1641 897 1732 937 vita,
1754 896 1947 941 voluptatis
1971 908 2087 930 causa.

1260 944 1330 979 195
1358 947 1455 987 „Sed
1481 959 1587 980 nemo
1611 945 1797 982 hominum
1823 947 2011 981 horribiles
2033 957 2215 980 moerores

1306 996 1491 1038 ‚,lnvenit,
1524 1000 1706 1044 quomodo
1723 999 1853 1033 musica
1876 1006 1910 1032 et
1927 999 2027 1032 vario
2044 1009 2238 1031 nervorum

1309 1048 1458 1087 „Cantu
1485 1051 1608 1083 sedare
1632 1050 1806 1094 possimus
1829 1055 1876 1083 ex*
1892 1050 2020 1095 quibus
2045 1050 2168 1083 caedes

1309 1099 1385 1137 „Et
1405 1112 1529 1143 graves
1549 1113 1646 1134 casus
1669 1107 1833 1134 evertunt
1856 1103 1995 1134 domus.

1309 1150 1384 1188 „Et
1405 1151 1442 1182 in
1468 1151 1596 1193 talibus
1621 1152 1759 1195 egregia
1783 1164 1838 1185 res
1863 1159 1952 1185 esset
1977 1150 2112 1184 mederi

1257 1199 1332 1234 200
1359 1201 1603 1240 „Hominibus
1630 1209 1752 1240 cantu3
1779 1202 1841 1236 ubi
1863 1209 1945 1236 sunt
1965 1203 2055 1235 laeta
2079 1212 2164 1234 vero

1307 1277 1327 1292 ,‚
1341 1252 1533 1292 Convivia,
1558 1253 1644 1297 quid
1668 1253 1797 1285 frustra
1824 1254 2015 1285 intendunt
2040 1264 2176 1290 vocem,

1308 1303 1427 1343 „Cum
1454 1315 1509 1337 res
1536 1302 1610 1347 ipsa
1635 1303 1906 1336 delectationem
1930 1315 1971 1336 ex
1994 1315 2030 1336 se
2052 1303 2145 1336 ferat

1305 1354 1568 1394 „Hominibus,
1583 1354 1749 1388 saturitas
1766 1355 1935 1388 nimirum
1955 1353 2110 1387 convivii
2119 1351 2190 1397 ¹⁷)?

1308 1406 1405 1439 Glzor.
1434 1405 1564 1438 Audivi
1586 1405 1778 1437 clamorem
1802 1417 1881 1438 cum
1904 1405 2025 1438 multis
2051 1403 2239 1448 gemitibus

1663 1456 1959 1489 lamentationum
1972 1469 1978 1488 :

1254 1506 1328 1543 205
1351 1506 1481 1540 Misera
1494 1506 1539 1552 ¹⁸)
1564 1507 1693 1539 clamat
1715 1507 1830 1541 tristes
1853 1508 2006 1546 dolores,

1304 1558 1465 1591 Iasonem
1499 1558 1632 1591 malum
1664 1570 1854 1601 sponsum,
1901 1557 2123 1602 proditorem
2155 1567 2238 1589 con-

1661 1608 1779 1646 nubii;

1304 1659 1449 1693 Invocat
1473 1659 1567 1692 Deos
1591 1659 1730 1693 iniuriis
1754 1659 1890 1698 affecta,

1303 1711 1349 1745 Et
1377 1710 1610 1751 Themidem‚
1642 1710 1751 1743 filiam
1784 1709 1895 1749 Iovis,
1925 1720 2014 1755 quae
2041 1714 2092 1742 est
2121 1713 2236 1741 custos

1664 1761 1906 1800 iurisiurandi,

1302 1814 1410 1859 Quod
1432 1813 1588 1846 traduxit
1610 1825 1688 1846 eam

1251 1865 1325 1899 210
1348 1865 1388 1897 ln
1413 1865 1600 1896 Graeciam
1626 1864 1728 1896 sitam
1753 1875 1770 1895 e
1794 1863 1937 1905 regione
1961 1857 2151 1898 Colchidis,

1301 1915 1370 1948 Per
1394 1926 1492 1947 mare
1516 1920 1731 1947 nocturnum

1300 1966 1415 2010 Supra
1439 1965 1528 1999 salsa
1554 1965 1662 1998 maris

1300 2016 1467 2050 Irnmensi
1492 2015 1627 2049 sedilia.

1442 2066 1631 2113 [fliedeffi
1668 2068 1824 2106 Creon,
1857 2060 2051 2109 Chartam]

1298 2115 1392 2151 Med.
1417 2118 1584 2150 Mulieres
1610 2115 1837 2155 Corinthiae,
1863 2115 1955 2149 exivi
1981 2126 1998 2147 e
2023 2114 2142 2146 domo.

1247 2167 1321 2202 215
1354 2169 1406 2202 Ne
1431 2166 1701 2212 reprehendatis
1720 2166 1847 2210 me¹⁹);
1874 2164 1990 2206 „novi
2015 2163 2146 2196 multos
2166 2159 2230 2194 ho-

1652 2218 1778 2256 mines,

1297 2269 1397 2314 „Qui
1421 2269 1505 2302 clari
1526 2269 1688 2309 fuerunt,
1722 2268 1809 2301 alios
1835 2267 1960 2311 procul
1985 2277 2003 2298 a
2027 2270 2228 2309 conspectu,

1280 2438 1342 2470 ffib)
1362 2437 1458 2467 faciat]
1470 2437 1510 2461 sic
1517 2436 1715 2468 Musgr.,Fix.3
1735 2435 1818 2462 Editt.
1833 2435 1918 2463 1558.,
1933 2433 2020 2463 1562„
2035 2433 2116 2457 narn.
2131 2429 2224 2456 facias.

1280 2473 1325 2504 17)
1351 2473 1421 2498 11.1.
1447 2473 1473 2495 in
1499 2472 1582 2496 Editt.
1603 2472 1691 2500 1558.‚
1720 2471 1792 2495 1562.
1818 2471 1883 2494 nota
1908 2474 2008 2499 marg:
2039 2466 2227 2497 Reprehensio

1314 2513 1422 2538 eorum,
1448 2506 1492 2536 qui
1516 2506 1639 2529 laetitiae
1662 2505 1803 2535 augendae
1827 2504 1968 2534 rationes,
1996 2507 2050 2526 non
2075 2501 2158 2526 etiam
2176 2500 2227 2525 do-

1312 2542 1401 2566 lorum
1420 2540 1621 2564 eximendorum
1638 2539 1810 2563 invenerunt.

1279 2591 1324 2624 18)
1343 2591 1462 2619 Misera]
1483 2590 1524 2614 sic
1538 2590 1622 2613 Editt.
1639 2590 1712 2614 1558.
1724 2606 1732 2620 ,
1753 2589 1844 2619 ¹562.;
1867 2588 1947 2613 Barn.
1958 2587 2084 2619 ‚.[Musgr.
2097 2586 2225 2612 Miseros.

1279 2642 1324 2675 19)
1344 2642 1409 2666 Η.1.
1429 2641 1456 2665 in
1475 2641 1558 2665 Editt.
1574 2640 1663 2671 1553„
1685 2641 1759 2667 1562.
1779 2641 1845 2666 nota
1855 2644 1957 2671 marg.:
1976 2638 2107 2664 Defensio
2121 2643 2223 2667 eorum,

1312 2676 1356 2708 qui
1375 2678 1453 2701 extra
1472 2676 1587 2706 patriam
1605 2677 1698 2706 agunt.
