<?xml version="1.0" encoding="UTF-8"?>
<!DOCTYPE html PUBLIC "-//W3C//DTD XHTML 1.0 Transitional//EN"
    "http://www.w3.org/TR/xhtml1/DTD/xhtml1-transitional.dtd">
<html xmlns="http://www.w3.org/1999/xhtml" xml:lang="en" lang="en">
 <head>
  <title>
</title>
<meta http-equiv="Content-Type" content="text/html;charset=utf-8" />
  <meta name='ocr-system' content='tesseract 3.04.00' />
  <meta name='ocr-capabilities' content='ocr_page ocr_carea ocr_par ocr_line ocrx_word'/>
</head>
<body>
  <div class='ocr_page' id='page_1' title='image "./operaquaesupersu18melauoft/operaquaesupersu18melauoft_0032.png"; bbox 0 0 2373 2980; ppageno 0'>
   <div class='ocr_carea' id='block_1_1' title="bbox 261 121 310 154">
    <p class='ocr_par' dir='ltr' id='par_1_1' title="bbox 261 121 310 154">
     <span class='ocr_line' id='line_1_1' title="bbox 261 121 310 154; baseline 0 0"><span class='ocrx_word' id='word_1_1' title='bbox 261 121 310 154; x_wconf 77' lang='lat'>39</span> 
     </span>
    </p>
   </div>
   <div class='ocr_carea' id='block_1_2' title="bbox 261 205 1253 303">
    <p class='ocr_par' dir='ltr' id='par_1_2' title="bbox 261 205 1253 303">
     <span class='ocr_line' id='line_1_2' title="bbox 261 205 1253 251; baseline -0.001 -10"><span class='ocrx_word' id='word_1_2' title='bbox 261 219 297 241; x_wconf 85' lang='lat' dir='ltr'>se</span> <span class='ocrx_word' id='word_1_3' title='bbox 323 207 479 251; x_wconf 81' lang='lat' dir='ltr'>praebet.</span> <span class='ocrx_word' id='word_1_4' title='bbox 540 205 622 238; x_wconf 84' lang='lat' dir='ltr'>Ideo</span> <span class='ocrx_word' id='word_1_5' title='bbox 650 212 821 238; x_wconf 82' lang='lat' dir='ltr'>nocturna</span> <span class='ocrx_word' id='word_1_6' title='bbox 842 212 900 247; x_wconf 31' lang='lat' dir='ltr'>&#39;est</span> <span class='ocrx_word' id='word_1_7' title='bbox 925 212 957 238; x_wconf 90' lang='lat' dir='ltr'>et</span> <span class='ocrx_word' id='word_1_8' title='bbox 980 207 1143 247; x_wconf 81' lang='lat' dir='ltr'>sinistra,</span> <span class='ocrx_word' id='word_1_9' title='bbox 1178 213 1253 240; x_wconf 87' lang='lat' dir='ltr'>tan-</span> 
     </span>
     <span class='ocr_line' id='line_1_3' title="bbox 262 257 720 303; baseline -0.004 -12"><span class='ocrx_word' id='word_1_10' title='bbox 262 271 369 303; x_wconf 92' lang='lat' dir='ltr'>quam</span> <span class='ocrx_word' id='word_1_11' title='bbox 388 257 527 289; x_wconf 82' lang='lat' dir='ltr'>Orienti</span> <span class='ocrx_word' id='word_1_12' title='bbox 546 257 720 301; x_wconf 85' lang='lat' dir='ltr'>opposita.</span> 
     </span>
    </p>
   </div>
   <div class='ocr_carea' id='block_1_3' title="bbox 262 375 1252 420">
    <p class='ocr_par' dir='ltr' id='par_1_3' title="bbox 262 375 1252 420">
     <span class='ocr_line' id='line_1_4' title="bbox 262 375 1252 420; baseline -0.001 -10"><span class='ocrx_word' id='word_1_13' title='bbox 262 378 425 420; x_wconf 81' lang='lat' dir='ltr'><em>Quomodo</em></span> <span class='ocrx_word' id='word_1_14' title='bbox 451 377 599 418; x_wconf 70' lang='lat' dir='ltr'>reqiones</span> <span class='ocrx_word' id='word_1_15' title='bbox 621 375 664 406; x_wconf 85' lang='lat' dir='ltr'>ad</span> <span class='ocrx_word' id='word_1_16' title='bbox 688 376 839 417; x_wconf 69' lang='lat' dir='ltr'>trigenos</span> <span class='ocrx_word' id='word_1_17' title='bbox 863 380 893 408; x_wconf 76' lang='lat' dir='ltr'>et</span> <span class='ocrx_word' id='word_1_18' title='bbox 919 376 1032 409; x_wconf 70' lang='lat' dir='ltr'>stellas</span> <span class='ocrx_word' id='word_1_19' title='bbox 1055 380 1252 419; x_wconf 69' lang='lat' dir='ltr'>conyruant.</span> 
     </span>
    </p>
   </div>
   <div class='ocr_carea' id='block_1_4' title="bbox 249 458 1252 2736">
    <p class='ocr_par' dir='ltr' id='par_1_4' title="bbox 255 458 1252 1256">
     <span class='ocr_line' id='line_1_5' title="bbox 364 458 1252 502; baseline -0.001 -9"><span class='ocrx_word' id='word_1_20' title='bbox 364 460 574 502; x_wconf 75' lang='lat' dir='ltr'>Congruunt</span> <span class='ocrx_word' id='word_1_21' title='bbox 592 464 708 490; x_wconf 84' lang='lat' dir='ltr'>autem</span> <span class='ocrx_word' id='word_1_22' title='bbox 728 458 763 490; x_wconf 94' lang='lat' dir='ltr'>in</span> <span class='ocrx_word' id='word_1_23' title='bbox 779 459 924 502; x_wconf 85' lang='lat' dir='ltr'>singulis</span> <span class='ocrx_word' id='word_1_24' title='bbox 942 465 1058 491; x_wconf 89' lang='lat' dir='ltr'>terrae</span> <span class='ocrx_word' id='word_1_25' title='bbox 1070 459 1252 498; x_wconf 75' lang='lat' dir='ltr'>tractibus,</span> 
     </span>
     <span class='ocr_line' id='line_1_6' title="bbox 261 508 1249 556; baseline -0.003 -12"><span class='ocrx_word' id='word_1_26' title='bbox 261 511 427 556; x_wconf 79' lang='lat' dir='ltr'>propriae</span> <span class='ocrx_word' id='word_1_27' title='bbox 447 508 637 541; x_wconf 81' lang='lat' dir='ltr'>humorum</span> <span class='ocrx_word' id='word_1_28' title='bbox 659 509 846 554; x_wconf 81' lang='lat' dir='ltr'>qualitates</span> <span class='ocrx_word' id='word_1_29' title='bbox 877 516 909 542; x_wconf 88' lang='lat' dir='ltr'>et</span> <span class='ocrx_word' id='word_1_30' title='bbox 933 509 1181 543; x_wconf 70' lang='lat' dir='ltr'>inclinationes</span> <span class='ocrx_word' id='word_1_31' title='bbox 1207 511 1249 542; x_wconf 88' lang='lat' dir='ltr'>ad</span> 
     </span>
     <span class='ocr_line' id='line_1_7' title="bbox 259 560 1249 605; baseline -0.004 -9"><span class='ocrx_word' id='word_1_32' title='bbox 259 562 371 605; x_wconf 81' lang='lat' dir='ltr'>signa.</span> <span class='ocrx_word' id='word_1_33' title='bbox 426 560 473 593; x_wconf 88' lang='lat' dir='ltr'>Ut</span> <span class='ocrx_word' id='word_1_34' title='bbox 489 560 582 593; x_wconf 89' lang='lat' dir='ltr'>enim</span> <span class='ocrx_word' id='word_1_35' title='bbox 601 560 691 593; x_wconf 87' lang='lat' dir='ltr'>aeris</span> <span class='ocrx_word' id='word_1_36' title='bbox 709 561 913 593; x_wconf 81' lang='lat' dir='ltr'>constitutio</span> <span class='ocrx_word' id='word_1_37' title='bbox 932 561 966 592; x_wconf 89' lang='lat' dir='ltr'>in</span> <span class='ocrx_word' id='word_1_38' title='bbox 986 561 1026 593; x_wconf 91' lang='lat' dir='ltr'>iis</span> <span class='ocrx_word' id='word_1_39' title='bbox 1042 560 1141 600; x_wconf 83' lang='lat' dir='ltr'>locis,</span> <span class='ocrx_word' id='word_1_40' title='bbox 1159 572 1249 605; x_wconf 88' lang='lat' dir='ltr'>quae</span> 
     </span>
     <span class='ocr_line' id='line_1_8' title="bbox 260 611 1251 655; baseline -0.002 -10"><span class='ocrx_word' id='word_1_41' title='bbox 260 613 330 645; x_wconf 79' lang='lat' dir='ltr'>dixi</span> <span class='ocrx_word' id='word_1_42' title='bbox 350 612 483 650; x_wconf 87' lang='lat' dir='ltr'>calida,</span> <span class='ocrx_word' id='word_1_43' title='bbox 509 611 635 654; x_wconf 75' lang='lat' dir='ltr'>frigida</span> <span class='ocrx_word' id='word_1_44' title='bbox 656 617 714 643; x_wconf 88' lang='lat' dir='ltr'>aut</span> <span class='ocrx_word' id='word_1_45' title='bbox 737 617 930 655; x_wconf 84' lang='lat' dir='ltr'>temperata</span> <span class='ocrx_word' id='word_1_46' title='bbox 957 623 1050 650; x_wconf 88' lang='lat' dir='ltr'>esse,</span> <span class='ocrx_word' id='word_1_47' title='bbox 1085 611 1251 643; x_wconf 80' lang='lat' dir='ltr'>disseren-</span> 
     </span>
     <span class='ocr_line' id='line_1_9' title="bbox 259 661 1250 706; baseline -0.002 -10"><span class='ocrx_word' id='word_1_48' title='bbox 259 664 325 696; x_wconf 87' lang='lat' dir='ltr'>tias</span> <span class='ocrx_word' id='word_1_49' title='bbox 342 661 448 695; x_wconf 78' lang='lat' dir='ltr'>liabet</span> <span class='ocrx_word' id='word_1_50' title='bbox 469 662 503 694; x_wconf 91' lang='lat' dir='ltr'>in</span> <span class='ocrx_word' id='word_1_51' title='bbox 520 662 794 706; x_wconf 85' lang='lat' dir='ltr'>particularibus</span> <span class='ocrx_word' id='word_1_52' title='bbox 818 662 1041 705; x_wconf 81' lang='lat' dir='ltr'>regionibus,</span> <span class='ocrx_word' id='word_1_53' title='bbox 1069 662 1130 694; x_wconf 87' lang='lat' dir='ltr'>ubi</span> <span class='ocrx_word' id='word_1_54' title='bbox 1155 674 1250 694; x_wconf 88' lang='lat' dir='ltr'>com-</span> 
     </span>
     <span class='ocr_line' id='line_1_10' title="bbox 258 712 1251 758; baseline -0.003 -10"><span class='ocrx_word' id='word_1_55' title='bbox 258 713 377 748; x_wconf 90' lang='lat' dir='ltr'>munis</span> <span class='ocrx_word' id='word_1_56' title='bbox 407 713 558 758; x_wconf 86' lang='lat' dir='ltr'>qualitas</span> <span class='ocrx_word' id='word_1_57' title='bbox 581 712 778 745; x_wconf 76' lang='lat' dir='ltr'>intenditur</span> <span class='ocrx_word' id='word_1_58' title='bbox 803 719 863 745; x_wconf 88' lang='lat' dir='ltr'>aut</span> <span class='ocrx_word' id='word_1_59' title='bbox 886 712 1079 745; x_wconf 74' lang='lat' dir='ltr'>remittitur</span> <span class='ocrx_word' id='word_1_60' title='bbox 1104 719 1251 756; x_wconf 87' lang='lat' dir='ltr'>propter</span> 
     </span>
     <span class='ocr_line' id='line_1_11' title="bbox 258 761 1250 803; baseline -0.004 -4"><span class='ocrx_word' id='word_1_61' title='bbox 258 766 344 799; x_wconf 87' lang='lat' dir='ltr'>situs</span> <span class='ocrx_word' id='word_1_62' title='bbox 379 764 661 801; x_wconf 75' lang='lat' dir='ltr'>ordinationem,</span> <span class='ocrx_word' id='word_1_63' title='bbox 699 763 920 796; x_wconf 73' lang='lat' dir='ltr'>altitudinem</span> <span class='ocrx_word' id='word_1_64' title='bbox 934 790 942 803; x_wconf 89' lang='lat'>,</span> <span class='ocrx_word' id='word_1_65' title='bbox 983 769 1043 795; x_wconf 87' lang='lat' dir='ltr'>aut</span> <span class='ocrx_word' id='word_1_66' title='bbox 1070 761 1250 796; x_wconf 80' lang='lat' dir='ltr'>humilita-</span> 
     </span>
     <span class='ocr_line' id='line_1_12' title="bbox 258 814 1250 860; baseline -0.002 -11"><span class='ocrx_word' id='word_1_67' title='bbox 258 822 347 853; x_wconf 89' lang='lat' dir='ltr'>tem;</span> <span class='ocrx_word' id='word_1_68' title='bbox 393 827 543 859; x_wconf 88' lang='lat' dir='ltr'>cumque</span> <span class='ocrx_word' id='word_1_69' title='bbox 578 814 637 846; x_wconf 89' lang='lat' dir='ltr'>alii</span> <span class='ocrx_word' id='word_1_70' title='bbox 672 814 783 856; x_wconf 83' lang='lat' dir='ltr'>magis</span> <span class='ocrx_word' id='word_1_71' title='bbox 806 814 876 847; x_wconf 91' lang='lat' dir='ltr'>sint</span> <span class='ocrx_word' id='word_1_72' title='bbox 901 820 1080 860; x_wconf 82' lang='lat' dir='ltr'>equestres</span> <span class='ocrx_word' id='word_1_73' title='bbox 1102 821 1250 858; x_wconf 91' lang='lat' dir='ltr'>propter</span> 
     </span>
     <span class='ocr_line' id='line_1_13' title="bbox 258 865 1248 912; baseline -0.002 -13"><span class='ocrx_word' id='word_1_74' title='bbox 258 867 395 912; x_wconf 80' lang='lat' dir='ltr'>patriae</span> <span class='ocrx_word' id='word_1_75' title='bbox 421 865 624 909; x_wconf 82' lang='lat' dir='ltr'>planitiem,</span> <span class='ocrx_word' id='word_1_76' title='bbox 659 865 731 896; x_wconf 88' lang='lat' dir='ltr'>alii·</span> <span class='ocrx_word' id='word_1_77' title='bbox 745 865 969 908; x_wconf 66' lang='lat' dir='ltr'>navigatores</span> <span class='ocrx_word' id='word_1_78' title='bbox 993 871 1140 909; x_wconf 89' lang='lat' dir='ltr'>propter</span> <span class='ocrx_word' id='word_1_79' title='bbox 1166 865 1248 897; x_wconf 70' lang='lat' dir='ltr'>vici-</span> 
     </span>
     <span class='ocr_line' id='line_1_14' title="bbox 259 915 1247 960; baseline -0.003 -9"><span class='ocrx_word' id='word_1_80' title='bbox 259 930 344 951; x_wconf 91' lang='lat' dir='ltr'>num</span> <span class='ocrx_word' id='word_1_81' title='bbox 366 929 480 955; x_wconf 86' lang='lat' dir='ltr'>mare,</span> <span class='ocrx_word' id='word_1_82' title='bbox 507 922 539 949; x_wconf 92' lang='lat' dir='ltr'>et</span> <span class='ocrx_word' id='word_1_83' title='bbox 566 915 676 960; x_wconf 80' lang='lat' dir='ltr'>aliqui</span> <span class='ocrx_word' id='word_1_84' title='bbox 703 922 851 960; x_wconf 89' lang='lat' dir='ltr'>propter</span> <span class='ocrx_word' id='word_1_85' title='bbox 878 916 1032 959; x_wconf 83' lang='lat' dir='ltr'>regionis</span> <span class='ocrx_word' id='word_1_86' title='bbox 1049 917 1247 949; x_wconf 90' lang='lat' dir='ltr'>ubertatem</span> 
     </span>
     <span class='ocr_line' id='line_1_15' title="bbox 257 967 1248 1012; baseline -0.003 -10"><span class='ocrx_word' id='word_1_87' title='bbox 257 968 432 1002; x_wconf 79' lang='lat' dir='ltr'>mitiores:</span> <span class='ocrx_word' id='word_1_88' title='bbox 462 967 508 1000; x_wconf 90' lang='lat' dir='ltr'>ita</span> <span class='ocrx_word' id='word_1_89' title='bbox 527 973 560 998; x_wconf 89' lang='lat' dir='ltr'>et</span> <span class='ocrx_word' id='word_1_90' title='bbox 576 967 735 999; x_wconf 70' lang='lat' dir='ltr'>diversae</span> <span class='ocrx_word' id='word_1_91' title='bbox 760 967 947 1012; x_wconf 87' lang='lat' dir='ltr'>qualitates</span> <span class='ocrx_word' id='word_1_92' title='bbox 972 973 1054 1000; x_wconf 90' lang='lat' dir='ltr'>sunt</span> <span class='ocrx_word' id='word_1_93' title='bbox 1077 967 1248 1010; x_wconf 87' lang='lat' dir='ltr'>gentium,</span> 
     </span>
     <span class='ocr_line' id='line_1_16' title="bbox 257 1017 1248 1061; baseline -0.003 -8"><span class='ocrx_word' id='word_1_94' title='bbox 257 1026 296 1053; x_wconf 91' lang='lat' dir='ltr'>ut</span> <span class='ocrx_word' id='word_1_95' title='bbox 327 1019 416 1052; x_wconf 90' lang='lat' dir='ltr'>aliae</span> <span class='ocrx_word' id='word_1_96' title='bbox 447 1019 491 1050; x_wconf 90' lang='lat' dir='ltr'>ad</span> <span class='ocrx_word' id='word_1_97' title='bbox 524 1018 591 1049; x_wconf 87' lang='lat' dir='ltr'>alia</span> <span class='ocrx_word' id='word_1_98' title='bbox 628 1017 726 1061; x_wconf 85' lang='lat' dir='ltr'>signa</span> <span class='ocrx_word' id='word_1_99' title='bbox 754 1018 1018 1061; x_wconf 82' lang='lat' dir='ltr'>particulariter</span> <span class='ocrx_word' id='word_1_100' title='bbox 1038 1025 1248 1061; x_wconf 85' lang='lat' dir='ltr'>congruant,</span> 
     </span>
     <span class='ocr_line' id='line_1_17' title="bbox 258 1068 1247 1116; baseline -0.002 -13"><span class='ocrx_word' id='word_1_101' title='bbox 258 1083 348 1116; x_wconf 87' lang='lat' dir='ltr'>quae</span> <span class='ocrx_word' id='word_1_102' title='bbox 367 1076 486 1102; x_wconf 87' lang='lat' dir='ltr'>tamen</span> <span class='ocrx_word' id='word_1_103' title='bbox 508 1068 719 1113; x_wconf 76' lang='lat' dir='ltr'>qualitatum</span> <span class='ocrx_word' id='word_1_104' title='bbox 739 1069 934 1102; x_wconf 87' lang='lat' dir='ltr'>similitudo</span> <span class='ocrx_word' id='word_1_105' title='bbox 954 1070 996 1101; x_wconf 92' lang='lat' dir='ltr'>ad</span> <span class='ocrx_word' id='word_1_106' title='bbox 1017 1069 1188 1113; x_wconf 89' lang='lat' dir='ltr'>plurimos</span> <span class='ocrx_word' id='word_1_107' title='bbox 1211 1069 1247 1101; x_wconf 88' lang='lat' dir='ltr'>in</span> 
     </span>
     <span class='ocr_line' id='line_1_18' title="bbox 257 1119 1246 1165; baseline -0.002 -12"><span class='ocrx_word' id='word_1_108' title='bbox 257 1133 384 1165; x_wconf 85' lang='lat' dir='ltr'>genere</span> <span class='ocrx_word' id='word_1_109' title='bbox 421 1119 585 1164; x_wconf 86' lang='lat' dir='ltr'>pertinet.</span> <span class='ocrx_word' id='word_1_110' title='bbox 645 1119 793 1153; x_wconf 66' lang='lat' dir='ltr'>Necesse</span> <span class='ocrx_word' id='word_1_111' title='bbox 827 1126 877 1153; x_wconf 87' lang='lat' dir='ltr'>est</span> <span class='ocrx_word' id='word_1_112' title='bbox 910 1120 1017 1164; x_wconf 86' lang='lat' dir='ltr'>igitur</span> <span class='ocrx_word' id='word_1_113' title='bbox 1041 1119 1246 1153; x_wconf 85' lang='lat' dir='ltr'>summatim</span> 
     </span>
     <span class='ocr_line' id='line_1_19' title="bbox 256 1169 1247 1216; baseline -0.003 -11"><span class='ocrx_word' id='word_1_114' title='bbox 256 1172 386 1216; x_wconf 85' lang='lat' dir='ltr'>exponi</span> <span class='ocrx_word' id='word_1_115' title='bbox 406 1169 499 1204; x_wconf 87' lang='lat' dir='ltr'>hanc</span> <span class='ocrx_word' id='word_1_116' title='bbox 525 1170 845 1203; x_wconf 81' lang='lat' dir='ltr'>considerationem</span> <span class='ocrx_word' id='word_1_117' title='bbox 861 1197 870 1210; x_wconf 95' lang='lat'>,</span> <span class='ocrx_word' id='word_1_118' title='bbox 897 1178 1072 1216; x_wconf 89' lang='lat' dir='ltr'>quatenus</span> <span class='ocrx_word' id='word_1_119' title='bbox 1097 1172 1140 1203; x_wconf 91' lang='lat' dir='ltr'>ad</span> <span class='ocrx_word' id='word_1_120' title='bbox 1167 1182 1247 1213; x_wconf 91' lang='lat' dir='ltr'>par-</span> 
     </span>
     <span class='ocr_line' id='line_1_20' title="bbox 255 1221 853 1256; baseline -0.002 0"><span class='ocrx_word' id='word_1_121' title='bbox 255 1223 438 1256; x_wconf 87' lang='lat' dir='ltr'>ticularem</span> <span class='ocrx_word' id='word_1_122' title='bbox 457 1221 655 1254; x_wconf 83' lang='lat' dir='ltr'>doctrinam</span> <span class='ocrx_word' id='word_1_123' title='bbox 675 1222 853 1255; x_wconf 83' lang='lat' dir='ltr'>conducit.</span> 
     </span>
    </p>

    <p class='ocr_par' dir='ltr' id='par_1_5' title="bbox 251 1272 1247 1624">
     <span class='ocr_line' id='line_1_21' title="bbox 358 1272 1246 1318; baseline -0.001 -12"><span class='ocrx_word' id='word_1_124' title='bbox 358 1273 447 1306; x_wconf 90' lang='lat' dir='ltr'>Cum</span> <span class='ocrx_word' id='word_1_125' title='bbox 481 1272 588 1316; x_wconf 84' lang='lat' dir='ltr'>igitur</span> <span class='ocrx_word' id='word_1_126' title='bbox 615 1272 650 1304; x_wconf 93' lang='lat' dir='ltr'>in</span> <span class='ocrx_word' id='word_1_127' title='bbox 668 1272 842 1315; x_wconf 81' lang='lat' dir='ltr'>Signifero</span> <span class='ocrx_word' id='word_1_128' title='bbox 869 1279 1023 1318; x_wconf 89' lang='lat' dir='ltr'>quatuor</span> <span class='ocrx_word' id='word_1_129' title='bbox 1049 1273 1246 1316; x_wconf 82' lang='lat' dir='ltr'>triangulae</span> 
     </span>
     <span class='ocr_line' id='line_1_22' title="bbox 254 1324 1245 1368; baseline -0.001 -11"><span class='ocrx_word' id='word_1_130' title='bbox 254 1325 386 1368; x_wconf 85' lang='lat' dir='ltr'>figurae</span> <span class='ocrx_word' id='word_1_131' title='bbox 405 1324 685 1363; x_wconf 87' lang='lat' dir='ltr'>constituantur,</span> <span class='ocrx_word' id='word_1_132' title='bbox 712 1329 749 1356; x_wconf 93' lang='lat' dir='ltr'>ut</span> <span class='ocrx_word' id='word_1_133' title='bbox 769 1336 875 1367; x_wconf 88' lang='lat' dir='ltr'>supra</span> <span class='ocrx_word' id='word_1_134' title='bbox 893 1330 1070 1358; x_wconf 89' lang='lat' dir='ltr'>ostensum</span> <span class='ocrx_word' id='word_1_135' title='bbox 1088 1331 1156 1364; x_wconf 89' lang='lat' dir='ltr'>est,</span> <span class='ocrx_word' id='word_1_136' title='bbox 1175 1335 1245 1357; x_wconf 86' lang='lat' dir='ltr'>una</span> 
     </span>
     <span class='ocr_line' id='line_1_23' title="bbox 253 1373 1244 1420; baseline -0.001 -12"><span class='ocrx_word' id='word_1_137' title='bbox 253 1375 401 1415; x_wconf 89' lang='lat' dir='ltr'>Arietis,</span> <span class='ocrx_word' id='word_1_138' title='bbox 420 1373 550 1407; x_wconf 88' lang='lat' dir='ltr'>Leonis</span> <span class='ocrx_word' id='word_1_139' title='bbox 567 1380 601 1406; x_wconf 89' lang='lat' dir='ltr'>et</span> <span class='ocrx_word' id='word_1_140' title='bbox 617 1374 817 1418; x_wconf 80' lang='lat' dir='ltr'>Sagittarii,</span> <span class='ocrx_word' id='word_1_141' title='bbox 838 1386 929 1420; x_wconf 89' lang='lat' dir='ltr'>quae</span> <span class='ocrx_word' id='word_1_142' title='bbox 946 1381 1120 1408; x_wconf 81' lang='lat' dir='ltr'>vocantur</span> <span class='ocrx_word' id='word_1_143' title='bbox 1136 1375 1244 1407; x_wconf 87' lang='lat' dir='ltr'>mixta</span> 
     </span>
     <span class='ocr_line' id='line_1_24' title="bbox 255 1425 1244 1472; baseline -0.002 -13"><span class='ocrx_word' id='word_1_144' title='bbox 255 1439 295 1459; x_wconf 81' lang='lat' dir='ltr'>ex</span> <span class='ocrx_word' id='word_1_145' title='bbox 319 1426 498 1472; x_wconf 78' lang='lat' dir='ltr'>Aquilone</span> <span class='ocrx_word' id='word_1_146' title='bbox 530 1431 564 1458; x_wconf 89' lang='lat' dir='ltr'>et</span> <span class='ocrx_word' id='word_1_147' title='bbox 591 1425 732 1465; x_wconf 82' lang='lat' dir='ltr'>Africo,</span> <span class='ocrx_word' id='word_1_148' title='bbox 780 1432 819 1458; x_wconf 88' lang='lat' dir='ltr'>ut</span> <span class='ocrx_word' id='word_1_149' title='bbox 852 1426 1054 1469; x_wconf 87' lang='lat' dir='ltr'>gubernans</span> <span class='ocrx_word' id='word_1_150' title='bbox 1083 1438 1244 1459; x_wconf 88' lang='lat' dir='ltr'>occasum</span> 
     </span>
     <span class='ocr_line' id='line_1_25' title="bbox 253 1474 1247 1521; baseline -0.004 -9"><span class='ocrx_word' id='word_1_151' title='bbox 253 1477 495 1512; x_wconf 82' lang='lat' dir='ltr'>solstitialem:</span> <span class='ocrx_word' id='word_1_152' title='bbox 539 1474 597 1509; x_wconf 86' lang='lat' dir='ltr'>hie</span> <span class='ocrx_word' id='word_1_153' title='bbox 630 1476 829 1520; x_wconf 87' lang='lat' dir='ltr'>triangulus</span> <span class='ocrx_word' id='word_1_154' title='bbox 864 1477 1082 1520; x_wconf 86' lang='lat' dir='ltr'>gubernator</span> <span class='ocrx_word' id='word_1_155' title='bbox 1106 1476 1247 1521; x_wconf 89' lang='lat' dir='ltr'>potissi-</span> 
     </span>
     <span class='ocr_line' id='line_1_26' title="bbox 252 1527 1245 1572; baseline -0.002 -10"><span class='ocrx_word' id='word_1_156' title='bbox 252 1542 350 1562; x_wconf 89' lang='lat' dir='ltr'>mum</span> <span class='ocrx_word' id='word_1_157' title='bbox 375 1540 393 1561; x_wconf 87' lang='lat' dir='ltr'>a</span> <span class='ocrx_word' id='word_1_158' title='bbox 410 1527 491 1561; x_wconf 81' lang='lat' dir='ltr'>Iove</span> <span class='ocrx_word' id='word_1_159' title='bbox 516 1533 662 1572; x_wconf 90' lang='lat' dir='ltr'>propter</span> <span class='ocrx_word' id='word_1_160' title='bbox 686 1527 803 1561; x_wconf 89' lang='lat' dir='ltr'>locum</span> <span class='ocrx_word' id='word_1_161' title='bbox 829 1528 1141 1572; x_wconf 85' lang='lat' dir='ltr'>septentrionalem</span> <span class='ocrx_word' id='word_1_162' title='bbox 1169 1534 1203 1561; x_wconf 90' lang='lat' dir='ltr'>et</span> <span class='ocrx_word' id='word_1_163' title='bbox 1227 1540 1245 1560; x_wconf 88' lang='lat' dir='ltr'>a</span> 
     </span>
     <span class='ocr_line' id='line_1_27' title="bbox 251 1580 726 1624; baseline -0.004 -11"><span class='ocrx_word' id='word_1_164' title='bbox 251 1580 368 1613; x_wconf 86' lang='lat' dir='ltr'>Marte</span> <span class='ocrx_word' id='word_1_165' title='bbox 385 1586 532 1624; x_wconf 90' lang='lat' dir='ltr'>propter</span> <span class='ocrx_word' id='word_1_166' title='bbox 552 1591 726 1612; x_wconf 88' lang='lat' dir='ltr'>occasum.</span> 
     </span>
    </p>

    <p class='ocr_par' dir='ltr' id='par_1_6' title="bbox 253 1629 1247 1828">
     <span class='ocr_line' id='line_1_28' title="bbox 356 1629 1246 1675; baseline -0.003 -11"><span class='ocrx_word' id='word_1_167' title='bbox 356 1631 573 1675; x_wconf 86' lang='lat' dir='ltr'>Triangulus</span> <span class='ocrx_word' id='word_1_168' title='bbox 590 1636 706 1663; x_wconf 88' lang='lat' dir='ltr'>autem</span> <span class='ocrx_word' id='word_1_169' title='bbox 727 1630 860 1670; x_wconf 88' lang='lat' dir='ltr'>Tauri,</span> <span class='ocrx_word' id='word_1_170' title='bbox 888 1630 1047 1674; x_wconf 82' lang='lat' dir='ltr'>Virginis</span> <span class='ocrx_word' id='word_1_171' title='bbox 1071 1636 1105 1662; x_wconf 90' lang='lat' dir='ltr'>et</span> <span class='ocrx_word' id='word_1_172' title='bbox 1123 1629 1246 1673; x_wconf 89' lang='lat' dir='ltr'>Capri-</span> 
     </span>
     <span class='ocr_line' id='line_1_29' title="bbox 253 1681 1247 1724; baseline -0.004 -8"><span class='ocrx_word' id='word_1_173' title='bbox 253 1683 373 1722; x_wconf 88' lang='lat' dir='ltr'>corni,</span> <span class='ocrx_word' id='word_1_174' title='bbox 414 1681 702 1721; x_wconf 86' lang='lat' dir='ltr'>Austrisolanus,</span> <span class='ocrx_word' id='word_1_175' title='bbox 746 1682 783 1714; x_wconf 90' lang='lat' dir='ltr'>in</span> <span class='ocrx_word' id='word_1_176' title='bbox 814 1688 895 1715; x_wconf 91' lang='lat' dir='ltr'>ortu</span> <span class='ocrx_word' id='word_1_177' title='bbox 925 1681 1081 1714; x_wconf 90' lang='lat' dir='ltr'>brumali</span> <span class='ocrx_word' id='word_1_178' title='bbox 1111 1681 1247 1724; x_wconf 84' lang='lat' dir='ltr'>regitur</span> 
     </span>
     <span class='ocr_line' id='line_1_30' title="bbox 253 1732 1246 1779; baseline -0.003 -12"><span class='ocrx_word' id='word_1_179' title='bbox 253 1733 443 1779; x_wconf 88' lang='lat' dir='ltr'>praecipue</span> <span class='ocrx_word' id='word_1_180' title='bbox 468 1745 486 1765; x_wconf 90' lang='lat' dir='ltr'>a</span> <span class='ocrx_word' id='word_1_181' title='bbox 514 1732 674 1772; x_wconf 73' lang='lat' dir='ltr'>Venere,</span> <span class='ocrx_word' id='word_1_182' title='bbox 706 1739 854 1777; x_wconf 89' lang='lat' dir='ltr'>propter</span> <span class='ocrx_word' id='word_1_183' title='bbox 876 1733 1079 1770; x_wconf 81' lang='lat' dir='ltr'>meridiem3</span> <span class='ocrx_word' id='word_1_184' title='bbox 1117 1732 1246 1765; x_wconf 89' lang='lat' dir='ltr'>deinde</span> 
     </span>
     <span class='ocr_line' id='line_1_31' title="bbox 253 1785 836 1828; baseline -0.002 -10"><span class='ocrx_word' id='word_1_185' title='bbox 253 1792 287 1818; x_wconf 90' lang='lat' dir='ltr'>et</span> <span class='ocrx_word' id='word_1_186' title='bbox 303 1798 320 1817; x_wconf 92' lang='lat' dir='ltr'>a</span> <span class='ocrx_word' id='word_1_187' title='bbox 339 1785 493 1818; x_wconf 89' lang='lat' dir='ltr'>Saturno</span> <span class='ocrx_word' id='word_1_188' title='bbox 506 1811 514 1823; x_wconf 93' lang='lat'>‚</span> <span class='ocrx_word' id='word_1_189' title='bbox 542 1790 688 1828; x_wconf 87' lang='lat' dir='ltr'>propter</span> <span class='ocrx_word' id='word_1_190' title='bbox 706 1791 836 1817; x_wconf 91' lang='lat' dir='ltr'>ortum.</span> 
     </span>
    </p>

    <p class='ocr_par' dir='ltr' id='par_1_7' title="bbox 250 1834 1247 2085">
     <span class='ocr_line' id='line_1_32' title="bbox 354 1834 1247 1879; baseline -0.001 -11"><span class='ocrx_word' id='word_1_191' title='bbox 354 1835 570 1879; x_wconf 87' lang='lat' dir='ltr'>Triangulus</span> <span class='ocrx_word' id='word_1_192' title='bbox 601 1841 718 1868; x_wconf 85' lang='lat' dir='ltr'>autem</span> <span class='ocrx_word' id='word_1_193' title='bbox 747 1835 1005 1875; x_wconf 89' lang='lat' dir='ltr'>Geminorum,</span> <span class='ocrx_word' id='word_1_194' title='bbox 1048 1834 1179 1868; x_wconf 87' lang='lat' dir='ltr'>Librae</span> <span class='ocrx_word' id='word_1_195' title='bbox 1213 1841 1247 1867; x_wconf 89' lang='lat' dir='ltr'>et</span> 
     </span>
     <span class='ocr_line' id='line_1_33' title="bbox 251 1885 1246 1932; baseline -0.002 -12"><span class='ocrx_word' id='word_1_196' title='bbox 251 1886 421 1932; x_wconf 87' lang='lat' dir='ltr'>Aquarii,</span> <span class='ocrx_word' id='word_1_197' title='bbox 464 1886 593 1919; x_wconf 86' lang='lat' dir='ltr'>mixtus</span> <span class='ocrx_word' id='word_1_198' title='bbox 624 1898 665 1918; x_wconf 86' lang='lat' dir='ltr'>ex</span> <span class='ocrx_word' id='word_1_199' title='bbox 687 1886 865 1931; x_wconf 87' lang='lat' dir='ltr'>Aquilone</span> <span class='ocrx_word' id='word_1_200' title='bbox 890 1893 924 1919; x_wconf 88' lang='lat' dir='ltr'>et</span> <span class='ocrx_word' id='word_1_201' title='bbox 947 1885 1166 1925; x_wconf 90' lang='lat' dir='ltr'>Subsolano,</span> <span class='ocrx_word' id='word_1_202' title='bbox 1209 1885 1246 1918; x_wconf 94' lang='lat' dir='ltr'>in</span> 
     </span>
     <span class='ocr_line' id='line_1_34' title="bbox 253 1936 1246 1981; baseline -0.002 -10"><span class='ocrx_word' id='word_1_203' title='bbox 253 1944 334 1971; x_wconf 91' lang='lat' dir='ltr'>ortu</span> <span class='ocrx_word' id='word_1_204' title='bbox 353 1936 530 1971; x_wconf 86' lang='lat' dir='ltr'>solstitiali</span> <span class='ocrx_word' id='word_1_205' title='bbox 549 1936 683 1980; x_wconf 90' lang='lat' dir='ltr'>regitur</span> <span class='ocrx_word' id='word_1_206' title='bbox 708 1938 897 1981; x_wconf 87' lang='lat' dir='ltr'>praecipue</span> <span class='ocrx_word' id='word_1_207' title='bbox 922 1949 939 1968; x_wconf 90' lang='lat' dir='ltr'>a</span> <span class='ocrx_word' id='word_1_208' title='bbox 959 1936 1114 1970; x_wconf 90' lang='lat' dir='ltr'>Saturno</span> <span class='ocrx_word' id='word_1_209' title='bbox 1127 1963 1135 1976; x_wconf 88' lang='lat'>,</span> <span class='ocrx_word' id='word_1_210' title='bbox 1163 1949 1246 1981; x_wconf 90' lang='lat' dir='ltr'>pro-</span> 
     </span>
     <span class='ocr_line' id='line_1_35' title="bbox 251 1985 1244 2034; baseline -0.001 -13"><span class='ocrx_word' id='word_1_211' title='bbox 251 1995 330 2034; x_wconf 90' lang='lat' dir='ltr'>pter</span> <span class='ocrx_word' id='word_1_212' title='bbox 347 1995 463 2021; x_wconf 93' lang='lat' dir='ltr'>ortum</span> <span class='ocrx_word' id='word_1_213' title='bbox 475 2014 483 2027; x_wconf 88' lang='lat'>,</span> <span class='ocrx_word' id='word_1_214' title='bbox 500 1985 677 2033; x_wconf 85' lang='lat' dir='ltr'>habetque</span> <span class='ocrx_word' id='word_1_215' title='bbox 694 1988 827 2022; x_wconf 91' lang='lat' dir='ltr'>socium</span> <span class='ocrx_word' id='word_1_216' title='bbox 841 1988 1108 2032; x_wconf 84' lang='lat' dir='ltr'>gubernationis</span> <span class='ocrx_word' id='word_1_217' title='bbox 1125 1986 1244 2021; x_wconf 85' lang='lat' dir='ltr'>lovem</span> 
     </span>
     <span class='ocr_line' id='line_1_36' title="bbox 250 2039 646 2085; baseline -0.005 -11"><span class='ocrx_word' id='word_1_218' title='bbox 250 2046 400 2085; x_wconf 89' lang='lat' dir='ltr'>propter</span> <span class='ocrx_word' id='word_1_219' title='bbox 417 2039 646 2084; x_wconf 86' lang='lat' dir='ltr'>Aquilonem.</span> 
     </span>
    </p>

    <p class='ocr_par' dir='ltr' id='par_1_8' title="bbox 250 2089 1244 2287">
     <span class='ocr_line' id='line_1_37' title="bbox 352 2089 1244 2133; baseline -0.001 -10"><span class='ocrx_word' id='word_1_220' title='bbox 352 2090 570 2133; x_wconf 86' lang='lat' dir='ltr'>Triangulus</span> <span class='ocrx_word' id='word_1_221' title='bbox 586 2096 702 2123; x_wconf 88' lang='lat' dir='ltr'>autem</span> <span class='ocrx_word' id='word_1_222' title='bbox 715 2089 855 2129; x_wconf 88' lang='lat' dir='ltr'>Cancri,</span> <span class='ocrx_word' id='word_1_223' title='bbox 874 2089 1012 2133; x_wconf 92' lang='lat' dir='ltr'>Scorpii</span> <span class='ocrx_word' id='word_1_224' title='bbox 1033 2096 1066 2122; x_wconf 90' lang='lat' dir='ltr'>et</span> <span class='ocrx_word' id='word_1_225' title='bbox 1076 2089 1244 2130; x_wconf 86' lang='lat' dir='ltr'>Piscium,</span> 
     </span>
     <span class='ocr_line' id='line_1_38' title="bbox 250 2140 1244 2179; baseline -0.001 -5"><span class='ocrx_word' id='word_1_226' title='bbox 250 2141 381 2175; x_wconf 84' lang='lat' dir='ltr'>mixtus</span> <span class='ocrx_word' id='word_1_227' title='bbox 397 2154 438 2174; x_wconf 85' lang='lat' dir='ltr'>ex</span> <span class='ocrx_word' id='word_1_228' title='bbox 453 2143 584 2174; x_wconf 87' lang='lat' dir='ltr'>Austro</span> <span class='ocrx_word' id='word_1_229' title='bbox 603 2147 636 2173; x_wconf 90' lang='lat' dir='ltr'>et</span> <span class='ocrx_word' id='word_1_230' title='bbox 651 2140 771 2173; x_wconf 80' lang='lat' dir='ltr'>Africo</span> <span class='ocrx_word' id='word_1_231' title='bbox 784 2167 792 2179; x_wconf 88' lang='lat'><strong>‚</strong></span> <span class='ocrx_word' id='word_1_232' title='bbox 821 2141 857 2172; x_wconf 91' lang='lat' dir='ltr'>in</span> <span class='ocrx_word' id='word_1_233' title='bbox 876 2152 1000 2174; x_wconf 88' lang='lat' dir='ltr'>occasu</span> <span class='ocrx_word' id='word_1_234' title='bbox 1017 2141 1171 2173; x_wconf 89' lang='lat' dir='ltr'>brumali</span> <span class='ocrx_word' id='word_1_235' title='bbox 1190 2153 1244 2174; x_wconf 91' lang='lat' dir='ltr'>re-</span> 
     </span>
     <span class='ocr_line' id='line_1_39' title="bbox 251 2189 1243 2237; baseline 0.001 -12"><span class='ocrx_word' id='word_1_236' title='bbox 251 2192 345 2235; x_wconf 88' lang='lat' dir='ltr'>gitur</span> <span class='ocrx_word' id='word_1_237' title='bbox 372 2205 391 2225; x_wconf 91' lang='lat' dir='ltr'>a</span> <span class='ocrx_word' id='word_1_238' title='bbox 416 2193 550 2232; x_wconf 86' lang='lat' dir='ltr'>Marte,</span> <span class='ocrx_word' id='word_1_239' title='bbox 593 2198 740 2236; x_wconf 88' lang='lat' dir='ltr'>propter</span> <span class='ocrx_word' id='word_1_240' title='bbox 766 2191 945 2231; x_wconf 83' lang='lat' dir='ltr'>Africum,</span> <span class='ocrx_word' id='word_1_241' title='bbox 987 2189 1164 2237; x_wconf 87' lang='lat' dir='ltr'>habetque</span> <span class='ocrx_word' id='word_1_242' title='bbox 1188 2205 1243 2226; x_wconf 92' lang='lat' dir='ltr'>so-</span> 
     </span>
     <span class='ocr_line' id='line_1_40' title="bbox 252 2242 930 2287; baseline 0.001 -12"><span class='ocrx_word' id='word_1_243' title='bbox 252 2243 341 2276; x_wconf 92' lang='lat' dir='ltr'>ciam</span> <span class='ocrx_word' id='word_1_244' title='bbox 362 2243 557 2283; x_wconf 70' lang='lat' dir='ltr'>Venerem,</span> <span class='ocrx_word' id='word_1_245' title='bbox 585 2249 732 2287; x_wconf 90' lang='lat' dir='ltr'>propter</span> <span class='ocrx_word' id='word_1_246' title='bbox 748 2242 930 2276; x_wconf 87' lang='lat' dir='ltr'>Austrum.</span> 
     </span>
    </p>

    <p class='ocr_par' dir='ltr' id='par_1_9' title="bbox 249 2291 1241 2736">
     <span class='ocr_line' id='line_1_41' title="bbox 355 2291 1241 2339; baseline 0 -12"><span class='ocrx_word' id='word_1_247' title='bbox 355 2294 456 2339; x_wconf 84' lang='lat' dir='ltr'>Quae</span> <span class='ocrx_word' id='word_1_248' title='bbox 474 2306 552 2327; x_wconf 90' lang='lat' dir='ltr'>cum</span> <span class='ocrx_word' id='word_1_249' title='bbox 571 2295 618 2327; x_wconf 88' lang='lat' dir='ltr'>ita</span> <span class='ocrx_word' id='word_1_250' title='bbox 638 2306 672 2328; x_wconf 86' lang='lat' dir='ltr'>se</span> <span class='ocrx_word' id='word_1_251' title='bbox 689 2291 856 2333; x_wconf 81' lang='lat' dir='ltr'>habeant,</span> <span class='ocrx_word' id='word_1_252' title='bbox 873 2299 907 2326; x_wconf 90' lang='lat' dir='ltr'>et</span> <span class='ocrx_word' id='word_1_253' title='bbox 922 2299 1044 2326; x_wconf 90' lang='lat' dir='ltr'>nostra</span> <span class='ocrx_word' id='word_1_254' title='bbox 1064 2299 1158 2326; x_wconf 88' lang='lat' dir='ltr'>terra</span> <span class='ocrx_word' id='word_1_255' title='bbox 1173 2294 1241 2327; x_wconf 89' lang='lat' dir='ltr'>dis-</span> 
     </span>
     <span class='ocr_line' id='line_1_42' title="bbox 250 2344 1241 2390; baseline 0.002 -13"><span class='ocrx_word' id='word_1_256' title='bbox 250 2344 429 2378; x_wconf 88' lang='lat' dir='ltr'>tribuatur</span> <span class='ocrx_word' id='word_1_257' title='bbox 446 2346 482 2377; x_wconf 94' lang='lat' dir='ltr'>in</span> <span class='ocrx_word' id='word_1_258' title='bbox 510 2346 724 2390; x_wconf 86' lang='lat' dir='ltr'>quadrantes</span> <span class='ocrx_word' id='word_1_259' title='bbox 750 2351 924 2390; x_wconf 84' lang='lat' dir='ltr'>quatuor,</span> <span class='ocrx_word' id='word_1_260' title='bbox 952 2346 1241 2379; x_wconf 89' lang='lat' dir='ltr'>accommodatos</span> 
     </span>
     <span class='ocr_line' id='line_1_43' title="bbox 251 2395 1241 2441; baseline 0.001 -13"><span class='ocrx_word' id='word_1_261' title='bbox 251 2397 295 2429; x_wconf 86' lang='lat' dir='ltr'>ad</span> <span class='ocrx_word' id='word_1_262' title='bbox 314 2396 574 2441; x_wconf 86' lang='lat' dir='ltr'>triangulorum</span> <span class='ocrx_word' id='word_1_263' title='bbox 592 2408 779 2430; x_wconf 89' lang='lat' dir='ltr'>numerum</span> <span class='ocrx_word' id='word_1_264' title='bbox 794 2422 803 2436; x_wconf 95' lang='lat'>,</span> <span class='ocrx_word' id='word_1_265' title='bbox 822 2395 973 2428; x_wconf 88' lang='lat' dir='ltr'>latitudo</span> <span class='ocrx_word' id='word_1_266' title='bbox 991 2395 1162 2429; x_wconf 90' lang='lat' dir='ltr'>dividitur</span> <span class='ocrx_word' id='word_1_267' title='bbox 1178 2408 1241 2440; x_wconf 91' lang='lat' dir='ltr'>per</span> 
     </span>
     <span class='ocr_line' id='line_1_44' title="bbox 249 2447 1237 2487; baseline 0.001 -8"><span class='ocrx_word' id='word_1_268' title='bbox 249 2447 381 2480; x_wconf 87' lang='lat' dir='ltr'>lineam</span> <span class='ocrx_word' id='word_1_269' title='bbox 401 2447 510 2480; x_wconf 89' lang='lat' dir='ltr'>maris</span> <span class='ocrx_word' id='word_1_270' title='bbox 525 2447 658 2487; x_wconf 88' lang='lat' dir='ltr'>nostri,</span> <span class='ocrx_word' id='word_1_271' title='bbox 687 2459 703 2479; x_wconf 92' lang='lat' dir='ltr'>a</span> <span class='ocrx_word' id='word_1_272' title='bbox 721 2448 811 2480; x_wconf 86' lang='lat' dir='ltr'>freto</span> <span class='ocrx_word' id='word_1_273' title='bbox 832 2447 1034 2481; x_wconf 88' lang='lat' dir='ltr'>Herculano</span> <span class='ocrx_word' id='word_1_274' title='bbox 1052 2448 1095 2479; x_wconf 89' lang='lat' dir='ltr'>ad</span> <span class='ocrx_word' id='word_1_275' title='bbox 1122 2447 1237 2480; x_wconf 89' lang='lat' dir='ltr'>sinum</span> 
     </span>
     <span class='ocr_line' id='line_1_45' title="bbox 250 2496 1238 2542; baseline -0.001 -11"><span class='ocrx_word' id='word_1_276' title='bbox 250 2496 394 2531; x_wconf 87' lang='lat' dir='ltr'>Issicum</span> <span class='ocrx_word' id='word_1_277' title='bbox 414 2499 535 2536; x_wconf 71' lang='lat' dir='ltr'>duct-¹¹3</span> <span class='ocrx_word' id='word_1_278' title='bbox 565 2504 597 2530; x_wconf 90' lang='lat' dir='ltr'>et</span> <span class='ocrx_word' id='word_1_279' title='bbox 614 2498 778 2542; x_wconf 89' lang='lat' dir='ltr'>deinceps</span> <span class='ocrx_word' id='word_1_280' title='bbox 797 2499 841 2530; x_wconf 91' lang='lat' dir='ltr'>ad</span> <span class='ocrx_word' id='word_1_281' title='bbox 867 2504 983 2531; x_wconf 89' lang='lat' dir='ltr'>ortum</span> <span class='ocrx_word' id='word_1_282' title='bbox 1011 2509 1075 2542; x_wconf 88' lang='lat' dir='ltr'>per</span> <span class='ocrx_word' id='word_1_283' title='bbox 1099 2504 1238 2531; x_wconf 90' lang='lat' dir='ltr'>monta-</span> 
     </span>
     <span class='ocr_line' id='line_1_46' title="bbox 249 2548 1238 2594; baseline 0 -12"><span class='ocrx_word' id='word_1_284' title='bbox 249 2561 335 2582; x_wconf 89' lang='lat' dir='ltr'>num</span> <span class='ocrx_word' id='word_1_285' title='bbox 355 2550 499 2583; x_wconf 87' lang='lat' dir='ltr'>dorsum</span> <span class='ocrx_word' id='word_1_286' title='bbox 513 2575 521 2588; x_wconf 90' lang='lat'>,</span> <span class='ocrx_word' id='word_1_287' title='bbox 549 2561 638 2594; x_wconf 90' lang='lat' dir='ltr'>quae</span> <span class='ocrx_word' id='word_1_288' title='bbox 654 2548 745 2581; x_wconf 88' lang='lat' dir='ltr'>linea</span> <span class='ocrx_word' id='word_1_289' title='bbox 765 2549 1011 2593; x_wconf 85' lang='lat' dir='ltr'>aquilonarem</span> <span class='ocrx_word' id='word_1_290' title='bbox 1032 2555 1168 2593; x_wconf 84' lang='lat' dir='ltr'>partem</span> <span class='ocrx_word' id='word_1_291' title='bbox 1194 2550 1238 2582; x_wconf 90' lang='lat' dir='ltr'>ab</span> 
     </span>
     <span class='ocr_line' id='line_1_47' title="bbox 251 2599 1238 2644; baseline 0 -11"><span class='ocrx_word' id='word_1_292' title='bbox 251 2601 396 2634; x_wconf 84' lang='lat' dir='ltr'>australi</span> <span class='ocrx_word' id='word_1_293' title='bbox 415 2606 566 2644; x_wconf 89' lang='lat' dir='ltr'>separat.</span> <span class='ocrx_word' id='word_1_294' title='bbox 620 2599 730 2633; x_wconf 87' lang='lat' dir='ltr'>Linea</span> <span class='ocrx_word' id='word_1_295' title='bbox 747 2612 832 2632; x_wconf 79' lang='lat' dir='ltr'>vero</span> <span class='ocrx_word' id='word_1_296' title='bbox 849 2613 889 2632; x_wconf 86' lang='lat' dir='ltr'>ex</span> <span class='ocrx_word' id='word_1_297' title='bbox 904 2601 1060 2633; x_wconf 90' lang='lat' dir='ltr'>Arabico</span> <span class='ocrx_word' id='word_1_298' title='bbox 1078 2600 1157 2633; x_wconf 89' lang='lat' dir='ltr'>sinu</span> <span class='ocrx_word' id='word_1_299' title='bbox 1175 2613 1238 2644; x_wconf 89' lang='lat' dir='ltr'>per</span> 
     </span>
     <span class='ocr_line' id='line_1_48' title="bbox 250 2651 1238 2696; baseline 0 -12"><span class='ocrx_word' id='word_1_300' title='bbox 250 2651 428 2695; x_wconf 82' lang='lat' dir='ltr'>Aegaeum</span> <span class='ocrx_word' id='word_1_301' title='bbox 460 2651 621 2695; x_wconf 85' lang='lat' dir='ltr'>pelagus,</span> <span class='ocrx_word' id='word_1_302' title='bbox 656 2651 812 2684; x_wconf 88' lang='lat' dir='ltr'>Pontum</span> <span class='ocrx_word' id='word_1_303' title='bbox 838 2657 872 2683; x_wconf 89' lang='lat' dir='ltr'>et</span> <span class='ocrx_word' id='word_1_304' title='bbox 895 2651 1112 2684; x_wconf 84' lang='lat' dir='ltr'>Maeotidem</span> <span class='ocrx_word' id='word_1_305' title='bbox 1138 2651 1238 2696; x_wconf 89' lang='lat' dir='ltr'>palu-</span> 
     </span>
     <span class='ocr_line' id='line_1_49' title="bbox 250 2701 1235 2736; baseline 0 -1"><span class='ocrx_word' id='word_1_306' title='bbox 250 2703 331 2735; x_wconf 88' lang='lat' dir='ltr'>dem</span> <span class='ocrx_word' id='word_1_307' title='bbox 349 2704 452 2736; x_wconf 89' lang='lat' dir='ltr'>ducta</span> <span class='ocrx_word' id='word_1_308' title='bbox 472 2702 640 2735; x_wconf 86' lang='lat' dir='ltr'>discernit</span> <span class='ocrx_word' id='word_1_309' title='bbox 660 2702 844 2735; x_wconf 87' lang='lat' dir='ltr'>Orientem</span> <span class='ocrx_word' id='word_1_310' title='bbox 865 2708 899 2734; x_wconf 86' lang='lat' dir='ltr'>et</span> <span class='ocrx_word' id='word_1_311' title='bbox 915 2702 1157 2736; x_wconf 88' lang='lat' dir='ltr'>Occidentem.</span> <span class='ocrx_word' id='word_1_312' title='bbox 1184 2701 1235 2736; x_wconf 89' lang='lat' dir='ltr'>lta</span> 
     </span>
    </p>
   </div>
   <div class='ocr_carea' id='block_1_5' title="bbox 840 119 1709 159">
    <p class='ocr_par' dir='ltr' id='par_1_10' title="bbox 840 119 1709 159">
     <span class='ocr_line' id='line_1_50' title="bbox 840 119 1709 159; baseline 0.005 -4"><span class='ocrx_word' id='word_1_313' title='bbox 840 120 964 156; x_wconf 83' lang='lat' dir='ltr'>PHIL.</span> <span class='ocrx_word' id='word_1_314' title='bbox 1000 120 1112 156; x_wconf 85' lang='lat' dir='ltr'>MEL.</span> <span class='ocrx_word' id='word_1_315' title='bbox 1146 119 1347 156; x_wconf 86' lang='lat' dir='ltr'>SCRIPTA</span> <span class='ocrx_word' id='word_1_316' title='bbox 1374 121 1709 159; x_wconf 87' lang='lat' dir='ltr'>PHILOLOGICA.</span> 
     </span>
    </p>
   </div>
   <div class='ocr_carea' id='block_1_6' title="bbox 2245 126 2294 162">
    <p class='ocr_par' dir='ltr' id='par_1_11' title="bbox 2245 126 2294 162">
     <span class='ocr_line' id='line_1_51' title="bbox 2245 126 2294 162; baseline 0 0"><span class='ocrx_word' id='word_1_317' title='bbox 2245 126 2294 162; x_wconf 90' lang='lat'>40</span> 
     </span>
    </p>
   </div>
   <div class='ocr_carea' id='block_1_7' title="bbox 1290 208 2338 2745">
    <p class='ocr_par' dir='ltr' id='par_1_12' title="bbox 1306 208 2294 293">
     <span class='ocr_line' id='line_1_52' title="bbox 1307 208 2294 254; baseline 0.005 -14"><span class='ocrx_word' id='word_1_318' title='bbox 1307 208 1396 241; x_wconf 83' lang='lat' dir='ltr'>fiunt</span> <span class='ocrx_word' id='word_1_319' title='bbox 1414 209 1630 253; x_wconf 85' lang='lat' dir='ltr'>quadrantes</span> <span class='ocrx_word' id='word_1_320' title='bbox 1653 215 1828 254; x_wconf 88' lang='lat' dir='ltr'>quatuor,</span> <span class='ocrx_word' id='word_1_321' title='bbox 1863 209 1957 243; x_wconf 87' lang='lat' dir='ltr'>iuxta</span> <span class='ocrx_word' id='word_1_322' title='bbox 1982 210 2204 254; x_wconf 86' lang='lat' dir='ltr'>trigonorum</span> <span class='ocrx_word' id='word_1_323' title='bbox 2229 224 2294 246; x_wconf 90' lang='lat' dir='ltr'>nu-</span> 
     </span>
     <span class='ocr_line' id='line_1_53' title="bbox 1306 271 1457 293; baseline -0.007 -2"><span class='ocrx_word' id='word_1_324' title='bbox 1306 271 1457 293; x_wconf 87' lang='lat' dir='ltr'>merum.</span> 
     </span>
    </p>

    <p class='ocr_par' dir='ltr' id='par_1_13' title="bbox 1306 309 2295 459">
     <span class='ocr_line' id='line_1_54' title="bbox 1407 309 2295 354; baseline 0.006 -12"><span class='ocrx_word' id='word_1_325' title='bbox 1407 310 1548 342; x_wconf 85' lang='lat' dir='ltr'>Primus</span> <span class='ocrx_word' id='word_1_326' title='bbox 1580 309 1686 352; x_wconf 84' lang='lat' dir='ltr'>igitur</span> <span class='ocrx_word' id='word_1_327' title='bbox 1716 311 1895 354; x_wconf 88' lang='lat' dir='ltr'>quadrans</span> <span class='ocrx_word' id='word_1_328' title='bbox 1921 312 1964 344; x_wconf 88' lang='lat' dir='ltr'>ad</span> <span class='ocrx_word' id='word_1_329' title='bbox 1989 324 2149 347; x_wconf 88' lang='lat' dir='ltr'>occasum</span> <span class='ocrx_word' id='word_1_330' title='bbox 2179 313 2295 347; x_wconf 89' lang='lat' dir='ltr'>solsti-</span> 
     </span>
     <span class='ocr_line' id='line_1_55' title="bbox 1306 359 2294 405; baseline 0.007 -14"><span class='ocrx_word' id='word_1_331' title='bbox 1306 359 1446 399; x_wconf 88' lang='lat' dir='ltr'>tialem,</span> <span class='ocrx_word' id='word_1_332' title='bbox 1488 360 1618 393; x_wconf 84' lang='lat' dir='ltr'>mixtus</span> <span class='ocrx_word' id='word_1_333' title='bbox 1641 372 1682 392; x_wconf 87' lang='lat' dir='ltr'>ex</span> <span class='ocrx_word' id='word_1_334' title='bbox 1704 360 1881 405; x_wconf 87' lang='lat' dir='ltr'>Aquilone</span> <span class='ocrx_word' id='word_1_335' title='bbox 1906 368 1939 394; x_wconf 91' lang='lat' dir='ltr'>et</span> <span class='ocrx_word' id='word_1_336' title='bbox 1961 361 2100 404; x_wconf 85' lang='lat' dir='ltr'>Africo,</span> <span class='ocrx_word' id='word_1_337' title='bbox 2136 365 2294 398; x_wconf 83' lang='lat' dir='ltr'>continet.</span> 
     </span>
     <span class='ocr_line' id='line_1_56' title="bbox 1306 410 2188 459; baseline 0.007 -16"><span class='ocrx_word' id='word_1_338' title='bbox 1306 410 1494 448; x_wconf 88' lang='lat' dir='ltr'>Celticam;</span> <span class='ocrx_word' id='word_1_339' title='bbox 1524 411 1704 443; x_wconf 88' lang='lat' dir='ltr'>communi</span> <span class='ocrx_word' id='word_1_340' title='bbox 1722 412 1868 446; x_wconf 85' lang='lat' dir='ltr'>nomine</span> <span class='ocrx_word' id='word_1_341' title='bbox 1888 412 2015 446; x_wconf 88' lang='lat' dir='ltr'>dicitur</span> <span class='ocrx_word' id='word_1_342' title='bbox 2030 413 2188 459; x_wconf 88' lang='lat' dir='ltr'>Europa.</span> 
     </span>
    </p>

    <p class='ocr_par' dir='ltr' id='par_1_14' title="bbox 1303 461 2330 647">
     <span class='ocr_line' id='line_1_57' title="bbox 1405 461 2294 509; baseline 0.008 -16"><span class='ocrx_word' id='word_1_343' title='bbox 1405 461 1495 494; x_wconf 91' lang='lat' dir='ltr'>Huic</span> <span class='ocrx_word' id='word_1_344' title='bbox 1513 462 1695 505; x_wconf 87' lang='lat' dir='ltr'>oppositus</span> <span class='ocrx_word' id='word_1_345' title='bbox 1713 465 1886 497; x_wconf 90' lang='lat' dir='ltr'>secundus</span> <span class='ocrx_word' id='word_1_346' title='bbox 1902 465 2081 509; x_wconf 85' lang='lat' dir='ltr'>quadrans</span> <span class='ocrx_word' id='word_1_347' title='bbox 2092 467 2136 498; x_wconf 87' lang='lat' dir='ltr'>ad</span> <span class='ocrx_word' id='word_1_348' title='bbox 2145 466 2294 500; x_wconf 90' lang='lat' dir='ltr'>Austro-</span> 
     </span>
     <span class='ocr_line' id='line_1_58' title="bbox 1304 511 2293 560; baseline 0.006 -15"><span class='ocrx_word' id='word_1_349' title='bbox 1304 511 1487 552; x_wconf 87' lang='lat' dir='ltr'>solanum,</span> <span class='ocrx_word' id='word_1_350' title='bbox 1515 525 1635 547; x_wconf 89' lang='lat' dir='ltr'>versus</span> <span class='ocrx_word' id='word_1_351' title='bbox 1661 513 1867 548; x_wconf 82' lang='lat' dir='ltr'>orientalem</span> <span class='ocrx_word' id='word_1_352' title='bbox 1889 513 2137 560; x_wconf 86' lang='lat' dir='ltr'>Aethiopiam,</span> <span class='ocrx_word' id='word_1_353' title='bbox 2165 518 2209 550; x_wconf 83' lang='lat' dir='ltr'>ad</span> <span class='ocrx_word' id='word_1_354' title='bbox 2235 529 2293 551; x_wconf 87' lang='lat' dir='ltr'>or-</span> 
     </span>
     <span class='ocr_line' id='line_1_59' title="bbox 1305 563 2293 612; baseline 0.007 -18"><span class='ocrx_word' id='word_1_355' title='bbox 1305 568 1378 595; x_wconf 91' lang='lat' dir='ltr'>tum</span> <span class='ocrx_word' id='word_1_356' title='bbox 1407 563 1626 604; x_wconf 86' lang='lat' dir='ltr'>brumalem,</span> <span class='ocrx_word' id='word_1_357' title='bbox 1668 564 1796 598; x_wconf 89' lang='lat' dir='ltr'>dicitur</span> <span class='ocrx_word' id='word_1_358' title='bbox 1819 578 1968 610; x_wconf 84' lang='lat' dir='ltr'>magnae</span> <span class='ocrx_word' id='word_1_359' title='bbox 1992 567 2097 600; x_wconf 88' lang='lat' dir='ltr'>Asiae</span> <span class='ocrx_word' id='word_1_360' title='bbox 2124 579 2206 612; x_wconf 88' lang='lat' dir='ltr'>pars</span> <span class='ocrx_word' id='word_1_361' title='bbox 2231 581 2293 601; x_wconf 84' lang='lat' dir='ltr'>au-</span> 
     </span>
     <span class='ocr_line' id='line_1_60' title="bbox 1303 613 2330 647; baseline 0.005 -1"><span class='ocrx_word' id='word_1_362' title='bbox 1303 613 1432 647; x_wconf 89' lang='lat' dir='ltr'>stralis.</span> <span class='ocrx_word' id='word_1_363' title='bbox 2326 613 2330 616; x_wconf 18' lang='lat' dir='ltr'>i</span> 
     </span>
    </p>

    <p class='ocr_par' dir='ltr' id='par_1_15' title="bbox 1303 663 2338 813">
     <span class='ocr_line' id='line_1_61' title="bbox 1405 663 2292 709; baseline 0.007 -13"><span class='ocrx_word' id='word_1_364' title='bbox 1405 663 1547 697; x_wconf 90' lang='lat' dir='ltr'>Tertius</span> <span class='ocrx_word' id='word_1_365' title='bbox 1565 666 1744 709; x_wconf 83' lang='lat' dir='ltr'>quadrans</span> <span class='ocrx_word' id='word_1_366' title='bbox 1761 667 1804 698; x_wconf 91' lang='lat' dir='ltr'>ad</span> <span class='ocrx_word' id='word_1_367' title='bbox 1822 673 1938 699; x_wconf 92' lang='lat' dir='ltr'>ortum</span> <span class='ocrx_word' id='word_1_368' title='bbox 1955 667 2188 709; x_wconf 85' lang='lat' dir='ltr'>solstitialem,</span> <span class='ocrx_word' id='word_1_369' title='bbox 2204 669 2292 702; x_wconf 88' lang='lat' dir='ltr'>mix-</span> 
     </span>
     <span class='ocr_line' id='line_1_62' title="bbox 1303 714 2338 764; baseline 0.007 -17"><span class='ocrx_word' id='word_1_370' title='bbox 1303 720 1358 748; x_wconf 88' lang='lat' dir='ltr'>tus</span> <span class='ocrx_word' id='word_1_371' title='bbox 1383 727 1423 748; x_wconf 82' lang='lat' dir='ltr'>ex</span> <span class='ocrx_word' id='word_1_372' title='bbox 1445 714 1623 760; x_wconf 89' lang='lat' dir='ltr'>Aquilone</span> <span class='ocrx_word' id='word_1_373' title='bbox 1647 722 1679 748; x_wconf 89' lang='lat' dir='ltr'>et</span> <span class='ocrx_word' id='word_1_374' title='bbox 1705 716 1922 757; x_wconf 86' lang='lat' dir='ltr'>Subsolano,</span> <span class='ocrx_word' id='word_1_375' title='bbox 1955 730 2076 752; x_wconf 72' lang='lat' dir='ltr'>versus</span> <span class='ocrx_word' id='word_1_376' title='bbox 2097 718 2292 764; x_wconf 79' lang='lat' dir='ltr'>Scythiam,</span> <span class='ocrx_word' id='word_1_377' title='bbox 2336 734 2338 736; x_wconf 91' lang='lat'>·</span> 
     </span>
     <span class='ocr_line' id='line_1_63' title="bbox 1303 766 2068 813; baseline 0.004 -15"><span class='ocrx_word' id='word_1_378' title='bbox 1303 766 1432 799; x_wconf 85' lang='lat' dir='ltr'>dicitur</span> <span class='ocrx_word' id='word_1_379' title='bbox 1450 778 1600 810; x_wconf 89' lang='lat' dir='ltr'>magnae</span> <span class='ocrx_word' id='word_1_380' title='bbox 1617 767 1721 800; x_wconf 86' lang='lat' dir='ltr'>Asiae</span> <span class='ocrx_word' id='word_1_381' title='bbox 1740 780 1821 811; x_wconf 92' lang='lat' dir='ltr'>pars</span> <span class='ocrx_word' id='word_1_382' title='bbox 1838 769 2068 813; x_wconf 86' lang='lat' dir='ltr'>aquilonaris.</span> 
     </span>
    </p>

    <p class='ocr_par' dir='ltr' id='par_1_16' title="bbox 1301 816 2291 1014">
     <span class='ocr_line' id='line_1_64' title="bbox 1403 816 2290 864; baseline 0.006 -15"><span class='ocrx_word' id='word_1_383' title='bbox 1403 816 1493 850; x_wconf 90' lang='lat' dir='ltr'>Huic</span> <span class='ocrx_word' id='word_1_384' title='bbox 1525 817 1708 861; x_wconf 89' lang='lat' dir='ltr'>oppositus</span> <span class='ocrx_word' id='word_1_385' title='bbox 1738 820 1918 864; x_wconf 88' lang='lat' dir='ltr'>quadrans</span> <span class='ocrx_word' id='word_1_386' title='bbox 1947 820 1991 852; x_wconf 91' lang='lat' dir='ltr'>ad</span> <span class='ocrx_word' id='word_1_387' title='bbox 2019 832 2181 854; x_wconf 87' lang='lat' dir='ltr'>occasum</span> <span class='ocrx_word' id='word_1_388' title='bbox 2207 821 2290 854; x_wconf 90' lang='lat' dir='ltr'>bru-</span> 
     </span>
     <span class='ocr_line' id='line_1_65' title="bbox 1302 868 2291 914; baseline 0.006 -15"><span class='ocrx_word' id='word_1_389' title='bbox 1302 868 1453 908; x_wconf 83' lang='lat' dir='ltr'>malem,</span> <span class='ocrx_word' id='word_1_390' title='bbox 1487 868 1617 901; x_wconf 87' lang='lat' dir='ltr'>mixtus</span> <span class='ocrx_word' id='word_1_391' title='bbox 1648 880 1688 901; x_wconf 89' lang='lat' dir='ltr'>ex</span> <span class='ocrx_word' id='word_1_392' title='bbox 1711 870 1890 914; x_wconf 88' lang='lat' dir='ltr'>Aquilone</span> <span class='ocrx_word' id='word_1_393' title='bbox 1922 876 1955 902; x_wconf 90' lang='lat' dir='ltr'>et</span> <span class='ocrx_word' id='word_1_394' title='bbox 1984 869 2134 911; x_wconf 74' lang='lat' dir='ltr'>Austro,</span> <span class='ocrx_word' id='word_1_395' title='bbox 2169 883 2291 905; x_wconf 88' lang='lat' dir='ltr'>versus</span> 
     </span>
     <span class='ocr_line' id='line_1_66' title="bbox 1303 916 2290 964; baseline 0.005 -14"><span class='ocrx_word' id='word_1_396' title='bbox 1303 919 1554 951; x_wconf 89' lang='lat' dir='ltr'>occidentalem</span> <span class='ocrx_word' id='word_1_397' title='bbox 1580 916 1829 964; x_wconf 85' lang='lat' dir='ltr'>Aethiopiam,</span> <span class='ocrx_word' id='word_1_398' title='bbox 1868 920 1997 954; x_wconf 88' lang='lat' dir='ltr'>dicitur</span> <span class='ocrx_word' id='word_1_399' title='bbox 2021 922 2203 955; x_wconf 84' lang='lat' dir='ltr'>communi</span> <span class='ocrx_word' id='word_1_400' title='bbox 2225 934 2290 955; x_wconf 91' lang='lat' dir='ltr'>no-</span> 
     </span>
     <span class='ocr_line' id='line_1_67' title="bbox 1301 969 1537 1014; baseline 0.004 -12"><span class='ocrx_word' id='word_1_401' title='bbox 1301 970 1396 1002; x_wconf 89' lang='lat' dir='ltr'>mine</span> <span class='ocrx_word' id='word_1_402' title='bbox 1412 969 1537 1014; x_wconf 78' lang='lat' dir='ltr'>Libya.</span> 
     </span>
    </p>

    <p class='ocr_par' dir='ltr' id='par_1_17' title="bbox 1299 1020 2291 1830">
     <span class='ocr_line' id='line_1_68' title="bbox 1402 1020 2291 1069; baseline 0.004 -16"><span class='ocrx_word' id='word_1_403' title='bbox 1402 1021 1591 1053; x_wconf 85' lang='lat' dir='ltr'>Praeterea</span> <span class='ocrx_word' id='word_1_404' title='bbox 1616 1020 1744 1064; x_wconf 88' lang='lat' dir='ltr'>singuli</span> <span class='ocrx_word' id='word_1_405' title='bbox 1770 1021 2004 1066; x_wconf 88' lang='lat' dir='ltr'>quadrantes,</span> <span class='ocrx_word' id='word_1_406' title='bbox 2043 1035 2113 1069; x_wconf 84' lang='lat' dir='ltr'>qua</span> <span class='ocrx_word' id='word_1_407' title='bbox 2139 1029 2291 1068; x_wconf 87' lang='lat' dir='ltr'>vergunt</span> 
     </span>
     <span class='ocr_line' id='line_1_69' title="bbox 1301 1071 2289 1114; baseline 0.004 -11"><span class='ocrx_word' id='word_1_408' title='bbox 1301 1071 1336 1103; x_wconf 91' lang='lat' dir='ltr'>in</span> <span class='ocrx_word' id='word_1_409' title='bbox 1359 1071 1515 1104; x_wconf 90' lang='lat' dir='ltr'>medium</span> <span class='ocrx_word' id='word_1_410' title='bbox 1545 1072 1654 1105; x_wconf 91' lang='lat' dir='ltr'>totius</span> <span class='ocrx_word' id='word_1_411' title='bbox 1679 1078 1823 1105; x_wconf 89' lang='lat' dir='ltr'>nostrae</span> <span class='ocrx_word' id='word_1_412' title='bbox 1846 1079 1980 1114; x_wconf 87' lang='lat' dir='ltr'>terrae,</span> <span class='ocrx_word' id='word_1_413' title='bbox 2016 1075 2121 1106; x_wconf 87' lang='lat' dir='ltr'>aliam</span> <span class='ocrx_word' id='word_1_414' title='bbox 2142 1081 2289 1108; x_wconf 88' lang='lat' dir='ltr'>sumunt</span> 
     </span>
     <span class='ocr_line' id='line_1_70' title="bbox 1301 1121 2289 1170; baseline 0.005 -17"><span class='ocrx_word' id='word_1_415' title='bbox 1301 1128 1486 1160; x_wconf 89' lang='lat' dir='ltr'>naturam,</span> <span class='ocrx_word' id='word_1_416' title='bbox 1516 1133 1621 1167; x_wconf 89' lang='lat' dir='ltr'>quam</span> <span class='ocrx_word' id='word_1_417' title='bbox 1642 1123 1780 1167; x_wconf 86' lang='lat' dir='ltr'>qualem</span> <span class='ocrx_word' id='word_1_418' title='bbox 1799 1121 1905 1156; x_wconf 89' lang='lat' dir='ltr'>habet</span> <span class='ocrx_word' id='word_1_419' title='bbox 1921 1130 2014 1158; x_wconf 88' lang='lat' dir='ltr'>totus</span> <span class='ocrx_word' id='word_1_420' title='bbox 2038 1126 2217 1170; x_wconf 84' lang='lat' dir='ltr'>quadrans</span> <span class='ocrx_word' id='word_1_421' title='bbox 2242 1125 2289 1158; x_wconf 87' lang='lat' dir='ltr'>ad</span> 
     </span>
     <span class='ocr_line' id='line_1_71' title="bbox 1301 1172 2291 1220; baseline 0.006 -16"><span class='ocrx_word' id='word_1_422' title='bbox 1301 1178 1414 1205; x_wconf 86' lang='lat' dir='ltr'>totum</span> <span class='ocrx_word' id='word_1_423' title='bbox 1434 1172 1555 1205; x_wconf 87' lang='lat' dir='ltr'>orbem</span> <span class='ocrx_word' id='word_1_424' title='bbox 1572 1173 1730 1207; x_wconf 89' lang='lat' dir='ltr'>collatus.</span> <span class='ocrx_word' id='word_1_425' title='bbox 1784 1173 1922 1207; x_wconf 90' lang='lat' dir='ltr'>Medius</span> <span class='ocrx_word' id='word_1_426' title='bbox 1939 1175 2031 1208; x_wconf 88' lang='lat' dir='ltr'>enim</span> <span class='ocrx_word' id='word_1_427' title='bbox 2049 1175 2216 1220; x_wconf 81' lang='lat' dir='ltr'>Europae</span> <span class='ocrx_word' id='word_1_428' title='bbox 2238 1176 2291 1210; x_wconf 90' lang='lat' dir='ltr'>lo-</span> 
     </span>
     <span class='ocr_line' id='line_1_72' title="bbox 1301 1223 2291 1268; baseline 0.005 -12"><span class='ocrx_word' id='word_1_429' title='bbox 1301 1236 1379 1263; x_wconf 87' lang='lat' dir='ltr'>cus,</span> <span class='ocrx_word' id='word_1_430' title='bbox 1407 1234 1497 1268; x_wconf 89' lang='lat' dir='ltr'>quae</span> <span class='ocrx_word' id='word_1_431' title='bbox 1515 1223 1579 1255; x_wconf 90' lang='lat' dir='ltr'>sita</span> <span class='ocrx_word' id='word_1_432' title='bbox 1599 1229 1649 1256; x_wconf 86' lang='lat' dir='ltr'>est</span> <span class='ocrx_word' id='word_1_433' title='bbox 1666 1224 1708 1255; x_wconf 89' lang='lat' dir='ltr'>ad</span> <span class='ocrx_word' id='word_1_434' title='bbox 1728 1224 1947 1257; x_wconf 89' lang='lat' dir='ltr'>solstitialem</span> <span class='ocrx_word' id='word_1_435' title='bbox 1973 1238 2154 1267; x_wconf 87' lang='lat' dir='ltr'>occasum,</span> <span class='ocrx_word' id='word_1_436' title='bbox 2181 1227 2210 1260; x_wconf 89' lang='lat' dir='ltr'>si</span> <span class='ocrx_word' id='word_1_437' title='bbox 2236 1239 2291 1261; x_wconf 88' lang='lat' dir='ltr'>re-</span> 
     </span>
     <span class='ocr_line' id='line_1_73' title="bbox 1300 1273 2290 1319; baseline 0.005 -12"><span class='ocrx_word' id='word_1_438' title='bbox 1300 1274 1426 1318; x_wconf 85' lang='lat' dir='ltr'>spicias</span> <span class='ocrx_word' id='word_1_439' title='bbox 1443 1273 1645 1307; x_wconf 78' lang='lat' dir='ltr'>universam</span> <span class='ocrx_word' id='word_1_440' title='bbox 1663 1280 1809 1315; x_wconf 86' lang='lat' dir='ltr'>terram,</span> <span class='ocrx_word' id='word_1_441' title='bbox 1827 1275 2011 1319; x_wconf 88' lang='lat' dir='ltr'>oppositus</span> <span class='ocrx_word' id='word_1_442' title='bbox 2028 1283 2079 1310; x_wconf 88' lang='lat' dir='ltr'>est</span> <span class='ocrx_word' id='word_1_443' title='bbox 2097 1277 2191 1310; x_wconf 89' lang='lat' dir='ltr'>ortui</span> <span class='ocrx_word' id='word_1_444' title='bbox 2206 1278 2290 1312; x_wconf 86' lang='lat' dir='ltr'>bru-</span> 
     </span>
     <span class='ocr_line' id='line_1_74' title="bbox 1300 1325 2291 1370; baseline 0.005 -13"><span class='ocrx_word' id='word_1_445' title='bbox 1300 1325 1406 1364; x_wconf 88' lang='lat' dir='ltr'>mali,</span> <span class='ocrx_word' id='word_1_446' title='bbox 1434 1325 1478 1358; x_wconf 91' lang='lat' dir='ltr'>ab</span> <span class='ocrx_word' id='word_1_447' title='bbox 1494 1337 1532 1357; x_wconf 91' lang='lat' dir='ltr'>ea</span> <span class='ocrx_word' id='word_1_448' title='bbox 1551 1331 1651 1369; x_wconf 88' lang='lat' dir='ltr'>parte</span> <span class='ocrx_word' id='word_1_449' title='bbox 1670 1326 1891 1370; x_wconf 87' lang='lat' dir='ltr'>quadrantis.</span> <span class='ocrx_word' id='word_1_450' title='bbox 1941 1326 1992 1360; x_wconf 88' lang='lat' dir='ltr'>Ita</span> <span class='ocrx_word' id='word_1_451' title='bbox 2013 1327 2049 1359; x_wconf 91' lang='lat' dir='ltr'>in</span> <span class='ocrx_word' id='word_1_452' title='bbox 2068 1328 2214 1362; x_wconf 86' lang='lat' dir='ltr'>caeteris</span> <span class='ocrx_word' id='word_1_453' title='bbox 2237 1329 2291 1363; x_wconf 90' lang='lat' dir='ltr'>iu-</span> 
     </span>
     <span class='ocr_line' id='line_1_75' title="bbox 1300 1376 2289 1423; baseline 0.003 -14"><span class='ocrx_word' id='word_1_454' title='bbox 1300 1376 1492 1409; x_wconf 89' lang='lat' dir='ltr'>dicandum</span> <span class='ocrx_word' id='word_1_455' title='bbox 1524 1382 1593 1416; x_wconf 89' lang='lat' dir='ltr'>est,</span> <span class='ocrx_word' id='word_1_456' title='bbox 1635 1377 1946 1421; x_wconf 87' lang='lat' dir='ltr'>unumquemlibet</span> <span class='ocrx_word' id='word_1_457' title='bbox 1977 1379 2211 1423; x_wconf 87' lang='lat' dir='ltr'>quadrantem</span> <span class='ocrx_word' id='word_1_458' title='bbox 2237 1380 2289 1412; x_wconf 89' lang='lat' dir='ltr'>fa·-</span> 
     </span>
     <span class='ocr_line' id='line_1_76' title="bbox 1300 1424 2289 1472; baseline 0.005 -13"><span class='ocrx_word' id='word_1_459' title='bbox 1300 1426 1541 1459; x_wconf 88' lang='lat' dir='ltr'>miliaritatem</span> <span class='ocrx_word' id='word_1_460' title='bbox 1556 1424 1687 1460; x_wconf 90' lang='lat' dir='ltr'>hahere</span> <span class='ocrx_word' id='word_1_461' title='bbox 1701 1439 1781 1460; x_wconf 89' lang='lat' dir='ltr'>cum</span> <span class='ocrx_word' id='word_1_462' title='bbox 1807 1428 1944 1462; x_wconf 90' lang='lat' dir='ltr'>duobus</span> <span class='ocrx_word' id='word_1_463' title='bbox 1965 1428 2115 1472; x_wconf 87' lang='lat' dir='ltr'>trigonis</span> <span class='ocrx_word' id='word_1_464' title='bbox 2138 1429 2232 1462; x_wconf 86' lang='lat' dir='ltr'>inter</span> <span class='ocrx_word' id='word_1_465' title='bbox 2252 1443 2289 1464; x_wconf 89' lang='lat' dir='ltr'>se</span> 
     </span>
     <span class='ocr_line' id='line_1_77' title="bbox 1300 1477 2289 1524; baseline 0.003 -13"><span class='ocrx_word' id='word_1_466' title='bbox 1300 1477 1492 1522; x_wconf 89' lang='lat' dir='ltr'>oppositis,</span> <span class='ocrx_word' id='word_1_467' title='bbox 1520 1490 1598 1510; x_wconf 90' lang='lat' dir='ltr'>cum</span> <span class='ocrx_word' id='word_1_468' title='bbox 1626 1484 1802 1511; x_wconf 85' lang='lat' dir='ltr'>extremae</span> <span class='ocrx_word' id='word_1_469' title='bbox 1826 1485 1943 1522; x_wconf 84' lang='lat' dir='ltr'>partes</span> <span class='ocrx_word' id='word_1_470' title='bbox 1967 1479 2205 1524; x_wconf 90' lang='lat' dir='ltr'>peculiaribus</span> <span class='ocrx_word' id='word_1_471' title='bbox 2227 1481 2289 1514; x_wconf 89' lang='lat' dir='ltr'>tri-</span> 
     </span>
     <span class='ocr_line' id='line_1_78' title="bbox 1300 1529 2289 1573; baseline 0.004 -12"><span class='ocrx_word' id='word_1_472' title='bbox 1300 1529 1400 1573; x_wconf 89' lang='lat' dir='ltr'>gonis</span> <span class='ocrx_word' id='word_1_473' title='bbox 1416 1535 1606 1573; x_wconf 88' lang='lat' dir='ltr'>regantur,</span> <span class='ocrx_word' id='word_1_474' title='bbox 1633 1529 1771 1562; x_wconf 90' lang='lat' dir='ltr'>mediae</span> <span class='ocrx_word' id='word_1_475' title='bbox 1788 1542 1872 1562; x_wconf 87' lang='lat' dir='ltr'>vero</span> <span class='ocrx_word' id='word_1_476' title='bbox 1890 1537 2072 1564; x_wconf 87' lang='lat' dir='ltr'>assumant</span> <span class='ocrx_word' id='word_1_477' title='bbox 2086 1531 2203 1565; x_wconf 90' lang='lat' dir='ltr'>stellas</span> <span class='ocrx_word' id='word_1_478' title='bbox 2226 1532 2289 1565; x_wconf 90' lang='lat' dir='ltr'>do-</span> 
     </span>
     <span class='ocr_line' id='line_1_79' title="bbox 1300 1580 2289 1624; baseline 0.004 -12"><span class='ocrx_word' id='word_1_479' title='bbox 1300 1581 1477 1613; x_wconf 90' lang='lat' dir='ltr'>minantes</span> <span class='ocrx_word' id='word_1_480' title='bbox 1494 1580 1529 1612; x_wconf 90' lang='lat' dir='ltr'>in</span> <span class='ocrx_word' id='word_1_481' title='bbox 1550 1580 1721 1624; x_wconf 90' lang='lat' dir='ltr'>oppositis</span> <span class='ocrx_word' id='word_1_482' title='bbox 1746 1581 1918 1624; x_wconf 90' lang='lat' dir='ltr'>partibus.</span> <span class='ocrx_word' id='word_1_483' title='bbox 1972 1581 2024 1614; x_wconf 92' lang='lat' dir='ltr'>Ac</span> <span class='ocrx_word' id='word_1_484' title='bbox 2046 1588 2087 1615; x_wconf 87' lang='lat' dir='ltr'>ut</span> <span class='ocrx_word' id='word_1_485' title='bbox 2111 1582 2149 1614; x_wconf 88' lang='lat' dir='ltr'>in</span> <span class='ocrx_word' id='word_1_486' title='bbox 2176 1589 2289 1616; x_wconf 87' lang='lat' dir='ltr'>extre—</span> 
     </span>
     <span class='ocr_line' id='line_1_80' title="bbox 1299 1631 2288 1675; baseline 0.003 -11"><span class='ocrx_word' id='word_1_487' title='bbox 1299 1631 1366 1664; x_wconf 92' lang='lat' dir='ltr'>mis</span> <span class='ocrx_word' id='word_1_488' title='bbox 1399 1631 1465 1665; x_wconf 89' lang='lat' dir='ltr'>soli</span> <span class='ocrx_word' id='word_1_489' title='bbox 1490 1631 1659 1675; x_wconf 87' lang='lat' dir='ltr'>trianguli</span> <span class='ocrx_word' id='word_1_490' title='bbox 1685 1631 1931 1665; x_wconf 85' lang='lat' dir='ltr'>dominantur:</span> <span class='ocrx_word' id='word_1_491' title='bbox 1966 1632 2014 1665; x_wconf 89' lang='lat' dir='ltr'>ita</span> <span class='ocrx_word' id='word_1_492' title='bbox 2039 1632 2076 1665; x_wconf 91' lang='lat' dir='ltr'>in</span> <span class='ocrx_word' id='word_1_493' title='bbox 2102 1633 2221 1666; x_wconf 89' lang='lat' dir='ltr'>medio</span> <span class='ocrx_word' id='word_1_494' title='bbox 2243 1635 2288 1667; x_wconf 87' lang='lat' dir='ltr'>ad</span> 
     </span>
     <span class='ocr_line' id='line_1_81' title="bbox 1300 1682 2288 1726; baseline 0.005 -12"><span class='ocrx_word' id='word_1_495' title='bbox 1300 1682 1542 1715; x_wconf 89' lang='lat' dir='ltr'>dominatores</span> <span class='ocrx_word' id='word_1_496' title='bbox 1567 1682 1814 1726; x_wconf 89' lang='lat' dir='ltr'>oppositorum</span> <span class='ocrx_word' id='word_1_497' title='bbox 1840 1683 2054 1726; x_wconf 84' lang='lat' dir='ltr'>adiungatur</span> <span class='ocrx_word' id='word_1_498' title='bbox 2076 1683 2288 1725; x_wconf 88' lang='lat' dir='ltr'>Mercurius,</span> 
     </span>
     <span class='ocr_line' id='line_1_82' title="bbox 1299 1734 2287 1778; baseline 0.003 -12"><span class='ocrx_word' id='word_1_499' title='bbox 1299 1739 1488 1778; x_wconf 87' lang='lat' dir='ltr'>propterea</span> <span class='ocrx_word' id='word_1_500' title='bbox 1514 1735 1608 1778; x_wconf 91' lang='lat' dir='ltr'>quod</span> <span class='ocrx_word' id='word_1_501' title='bbox 1636 1745 1862 1767; x_wconf 89' lang='lat' dir='ltr'>communem</span> <span class='ocrx_word' id='word_1_502' title='bbox 1889 1740 1921 1766; x_wconf 87' lang='lat' dir='ltr'>et</span> <span class='ocrx_word' id='word_1_503' title='bbox 1943 1734 2098 1766; x_wconf 87' lang='lat' dir='ltr'>mediam</span> <span class='ocrx_word' id='word_1_504' title='bbox 2119 1741 2287 1769; x_wconf 88' lang='lat' dir='ltr'>naturam</span> 
     </span>
     <span class='ocr_line' id='line_1_83' title="bbox 1300 1783 1648 1830; baseline -0.003 -13"><span class='ocrx_word' id='word_1_505' title='bbox 1300 1785 1512 1830; x_wconf 88' lang='lat' dir='ltr'>qualitatum</span> <span class='ocrx_word' id='word_1_506' title='bbox 1530 1783 1648 1817; x_wconf 86' lang='lat' dir='ltr'>habet.</span> 
     </span>
    </p>

    <p class='ocr_par' dir='ltr' id='par_1_18' title="bbox 1293 1834 2287 2491">
     <span class='ocr_line' id='line_1_84' title="bbox 1402 1834 2287 1880; baseline 0.003 -12"><span class='ocrx_word' id='word_1_507' title='bbox 1402 1835 1540 1880; x_wconf 87' lang='lat' dir='ltr'>Quibus</span> <span class='ocrx_word' id='word_1_508' title='bbox 1558 1835 1605 1868; x_wconf 86' lang='lat' dir='ltr'>ita</span> <span class='ocrx_word' id='word_1_509' title='bbox 1623 1834 1820 1879; x_wconf 90' lang='lat' dir='ltr'>dispositis,</span> <span class='ocrx_word' id='word_1_510' title='bbox 1847 1835 2009 1879; x_wconf 85' lang='lat' dir='ltr'>regiones</span> <span class='ocrx_word' id='word_1_511' title='bbox 2029 1835 2065 1868; x_wconf 89' lang='lat' dir='ltr'>in</span> <span class='ocrx_word' id='word_1_512' title='bbox 2082 1837 2201 1880; x_wconf 88' lang='lat' dir='ltr'>primo</span> <span class='ocrx_word' id='word_1_513' title='bbox 2214 1836 2287 1871; x_wconf 86' lang='lat' dir='ltr'>Eu-</span> 
     </span>
     <span class='ocr_line' id='line_1_85' title="bbox 1299 1886 2286 1932; baseline 0.003 -14"><span class='ocrx_word' id='word_1_514' title='bbox 1299 1898 1409 1930; x_wconf 88' lang='lat' dir='ltr'>ropae</span> <span class='ocrx_word' id='word_1_515' title='bbox 1429 1886 1646 1932; x_wconf 88' lang='lat' dir='ltr'>quadrante,</span> <span class='ocrx_word' id='word_1_516' title='bbox 1681 1887 1725 1918; x_wconf 91' lang='lat' dir='ltr'>ad</span> <span class='ocrx_word' id='word_1_517' title='bbox 1750 1886 1968 1919; x_wconf 90' lang='lat' dir='ltr'>solstitialem</span> <span class='ocrx_word' id='word_1_518' title='bbox 1994 1898 2157 1920; x_wconf 86' lang='lat' dir='ltr'>occasum</span> <span class='ocrx_word' id='word_1_519' title='bbox 2186 1888 2286 1929; x_wconf 88' lang='lat' dir='ltr'>sitae,</span> 
     </span>
     <span class='ocr_line' id='line_1_86' title="bbox 1298 1935 2286 1980; baseline 0.003 -11"><span class='ocrx_word' id='word_1_520' title='bbox 1298 1944 1463 1970; x_wconf 90' lang='lat' dir='ltr'>naturam</span> <span class='ocrx_word' id='word_1_521' title='bbox 1494 1935 1628 1970; x_wconf 88' lang='lat' dir='ltr'>habent</span> <span class='ocrx_word' id='word_1_522' title='bbox 1651 1936 1801 1980; x_wconf 83' lang='lat' dir='ltr'>trigoni,</span> <span class='ocrx_word' id='word_1_523' title='bbox 1830 1937 1979 1976; x_wconf 90' lang='lat' dir='ltr'>Arietis,</span> <span class='ocrx_word' id='word_1_524' title='bbox 2012 1937 2143 1972; x_wconf 90' lang='lat' dir='ltr'>Leonis</span> <span class='ocrx_word' id='word_1_525' title='bbox 2168 1945 2202 1971; x_wconf 88' lang='lat' dir='ltr'>et</span> <span class='ocrx_word' id='word_1_526' title='bbox 2223 1939 2286 1972; x_wconf 86' lang='lat' dir='ltr'>Sa-</span> 
     </span>
     <span class='ocr_line' id='line_1_87' title="bbox 1298 1986 2285 2033; baseline 0.003 -14"><span class='ocrx_word' id='word_1_527' title='bbox 1298 1988 1430 2031; x_wconf 84' lang='lat' dir='ltr'>gittarii</span> <span class='ocrx_word' id='word_1_528' title='bbox 1441 2015 1450 2028; x_wconf 91' lang='lat'>,</span> <span class='ocrx_word' id='word_1_529' title='bbox 1470 1994 1504 2020; x_wconf 89' lang='lat' dir='ltr'>et</span> <span class='ocrx_word' id='word_1_530' title='bbox 1520 1988 1751 2021; x_wconf 88' lang='lat' dir='ltr'>dominantur</span> <span class='ocrx_word' id='word_1_531' title='bbox 1766 1986 1898 2031; x_wconf 85' lang='lat' dir='ltr'>Iupiter</span> <span class='ocrx_word' id='word_1_532' title='bbox 1918 1994 1951 2020; x_wconf 90' lang='lat' dir='ltr'>et</span> <span class='ocrx_word' id='word_1_533' title='bbox 1967 1987 2064 2021; x_wconf 90' lang='lat' dir='ltr'>Mars</span> <span class='ocrx_word' id='word_1_534' title='bbox 2081 1989 2285 2033; x_wconf 89' lang='lat' dir='ltr'>vespertini.</span> 
     </span>
     <span class='ocr_line' id='line_1_88' title="bbox 1297 2038 2285 2082; baseline 0.002 -11"><span class='ocrx_word' id='word_1_535' title='bbox 1297 2039 1372 2071; x_wconf 90' lang='lat' dir='ltr'>Hae</span> <span class='ocrx_word' id='word_1_536' title='bbox 1390 2046 1491 2077; x_wconf 90' lang='lat' dir='ltr'>sunt,</span> <span class='ocrx_word' id='word_1_537' title='bbox 1518 2039 1546 2072; x_wconf 89' lang='lat' dir='ltr'>si</span> <span class='ocrx_word' id='word_1_538' title='bbox 1562 2039 1603 2071; x_wconf 91' lang='lat' dir='ltr'>de</span> <span class='ocrx_word' id='word_1_539' title='bbox 1622 2039 1704 2071; x_wconf 87' lang='lat' dir='ltr'>totis</span> <span class='ocrx_word' id='word_1_540' title='bbox 1721 2038 1883 2082; x_wconf 88' lang='lat' dir='ltr'>gentibus</span> <span class='ocrx_word' id='word_1_541' title='bbox 1904 2039 1964 2071; x_wconf 85' lang='lat' dir='ltr'>fiat</span> <span class='ocrx_word' id='word_1_542' title='bbox 1988 2039 2157 2073; x_wconf 87' lang='lat' dir='ltr'>iudicium</span> <span class='ocrx_word' id='word_1_543' title='bbox 2170 2067 2180 2080; x_wconf 86' lang='lat'>‚</span> <span class='ocrx_word' id='word_1_544' title='bbox 2205 2040 2285 2073; x_wconf 89' lang='lat' dir='ltr'>Bri-</span> 
     </span>
     <span class='ocr_line' id='line_1_89' title="bbox 1298 2089 2285 2133; baseline 0.002 -11"><span class='ocrx_word' id='word_1_545' title='bbox 1298 2091 1440 2130; x_wconf 87' lang='lat' dir='ltr'>tannia,</span> <span class='ocrx_word' id='word_1_546' title='bbox 1476 2090 1636 2133; x_wconf 90' lang='lat' dir='ltr'>Belgica,</span> <span class='ocrx_word' id='word_1_547' title='bbox 1680 2089 1892 2129; x_wconf 89' lang='lat' dir='ltr'>Germania,</span> <span class='ocrx_word' id='word_1_548' title='bbox 1926 2089 2285 2131; x_wconf 84' lang='lat' dir='ltr'>Bastarnia,&#39;ltalia,</span> 
     </span>
     <span class='ocr_line' id='line_1_90' title="bbox 1297 2140 2284 2186; baseline 0.001 -12"><span class='ocrx_word' id='word_1_549' title='bbox 1297 2141 1432 2181; x_wconf 85' lang='lat' dir='ltr'>Gallia,</span> <span class='ocrx_word' id='word_1_550' title='bbox 1461 2141 1576 2174; x_wconf 87' lang='lat' dir='ltr'>Gallia</span> <span class='ocrx_word' id='word_1_551' title='bbox 1601 2146 1741 2183; x_wconf 87' lang='lat' dir='ltr'>togata,</span> <span class='ocrx_word' id='word_1_552' title='bbox 1768 2140 1917 2184; x_wconf 86' lang='lat' dir='ltr'>Apulia,</span> <span class='ocrx_word' id='word_1_553' title='bbox 1952 2140 2090 2181; x_wconf 88' lang='lat' dir='ltr'>Sicilia,</span> <span class='ocrx_word' id='word_1_554' title='bbox 2126 2140 2284 2186; x_wconf 77' lang='lat' dir='ltr'>Tyrrhe-</span> 
     </span>
     <span class='ocr_line' id='line_1_91' title="bbox 1296 2188 2283 2235; baseline 0.002 -11"><span class='ocrx_word' id='word_1_555' title='bbox 1296 2193 1377 2232; x_wconf 93' lang='lat' dir='ltr'>nia,</span> <span class='ocrx_word' id='word_1_556' title='bbox 1412 2191 1560 2230; x_wconf 86' lang='lat' dir='ltr'>Celtica,</span> <span class='ocrx_word' id='word_1_557' title='bbox 1595 2190 1780 2234; x_wconf 87' lang='lat' dir='ltr'>Hispania.</span> <span class='ocrx_word' id='word_1_558' title='bbox 1846 2189 1886 2223; x_wconf 93' lang='lat' dir='ltr'>In</span> <span class='ocrx_word' id='word_1_559' title='bbox 1916 2188 1970 2224; x_wconf 89' lang='lat' dir='ltr'>his</span> <span class='ocrx_word' id='word_1_560' title='bbox 2004 2192 2165 2235; x_wconf 87' lang='lat' dir='ltr'>gentibus</span> <span class='ocrx_word' id='word_1_561' title='bbox 2200 2205 2283 2226; x_wconf 89' lang='lat' dir='ltr'>con-</span> 
     </span>
     <span class='ocr_line' id='line_1_92' title="bbox 1296 2242 2282 2286; baseline 0.002 -10"><span class='ocrx_word' id='word_1_562' title='bbox 1296 2250 1428 2286; x_wconf 88' lang='lat' dir='ltr'>gruunt</span> <span class='ocrx_word' id='word_1_563' title='bbox 1444 2254 1560 2275; x_wconf 89' lang='lat' dir='ltr'>mores</span> <span class='ocrx_word' id='word_1_564' title='bbox 1577 2243 1619 2274; x_wconf 87' lang='lat' dir='ltr'>ad</span> <span class='ocrx_word' id='word_1_565' title='bbox 1638 2242 1817 2285; x_wconf 86' lang='lat' dir='ltr'>trigonum</span> <span class='ocrx_word' id='word_1_566' title='bbox 1837 2248 1871 2274; x_wconf 92' lang='lat' dir='ltr'>et</span> <span class='ocrx_word' id='word_1_567' title='bbox 1887 2242 2139 2277; x_wconf 89' lang='lat' dir='ltr'>dominatrices</span> <span class='ocrx_word' id='word_1_568' title='bbox 2154 2244 2282 2278; x_wconf 89' lang='lat' dir='ltr'>stellas.</span> 
     </span>
     <span class='ocr_line' id='line_1_93' title="bbox 1295 2293 2282 2338; baseline 0.001 -11"><span class='ocrx_word' id='word_1_569' title='bbox 1295 2295 1385 2327; x_wconf 89' lang='lat' dir='ltr'>Sunt</span> <span class='ocrx_word' id='word_1_570' title='bbox 1410 2293 1503 2327; x_wconf 89' lang='lat' dir='ltr'>enim</span> <span class='ocrx_word' id='word_1_571' title='bbox 1527 2293 1751 2337; x_wconf 88' lang='lat' dir='ltr'>impatientes</span> <span class='ocrx_word' id='word_1_572' title='bbox 1775 2293 1971 2332; x_wconf 87' lang='lat' dir='ltr'>servitutis,</span> <span class='ocrx_word' id='word_1_573' title='bbox 2006 2293 2154 2338; x_wconf 88' lang='lat' dir='ltr'>cupidae</span> <span class='ocrx_word' id='word_1_574' title='bbox 2177 2295 2282 2328; x_wconf 90' lang='lat' dir='ltr'>liber-</span> 
     </span>
     <span class='ocr_line' id='line_1_94' title="bbox 1295 2344 2282 2389; baseline 0.002 -11"><span class='ocrx_word' id='word_1_575' title='bbox 1295 2345 1394 2385; x_wconf 90' lang='lat' dir='ltr'>tatis,</span> <span class='ocrx_word' id='word_1_576' title='bbox 1422 2356 1602 2377; x_wconf 89' lang='lat' dir='ltr'>armorum</span> <span class='ocrx_word' id='word_1_577' title='bbox 1621 2350 1655 2376; x_wconf 92' lang='lat' dir='ltr'>et</span> <span class='ocrx_word' id='word_1_578' title='bbox 1675 2344 1849 2377; x_wconf 87' lang='lat' dir='ltr'>bellorum</span> <span class='ocrx_word' id='word_1_579' title='bbox 1874 2344 2050 2377; x_wconf 87' lang='lat' dir='ltr'>studiosae</span> <span class='ocrx_word' id='word_1_580' title='bbox 2064 2371 2073 2385; x_wconf 93' lang='lat'>,</span> <span class='ocrx_word' id='word_1_581' title='bbox 2107 2346 2282 2389; x_wconf 88' lang='lat' dir='ltr'>patientes</span> 
     </span>
     <span class='ocr_line' id='line_1_95' title="bbox 1294 2395 2281 2438; baseline 0.001 -9"><span class='ocrx_word' id='word_1_582' title='bbox 1294 2395 1444 2435; x_wconf 86' lang='lat' dir='ltr'>laboris,</span> <span class='ocrx_word' id='word_1_583' title='bbox 1487 2401 1646 2428; x_wconf 87' lang='lat' dir='ltr'>amantes</span> <span class='ocrx_word' id='word_1_584' title='bbox 1681 2395 1962 2427; x_wconf 88' lang='lat' dir='ltr'>dominationem</span> <span class='ocrx_word' id='word_1_585' title='bbox 1997 2401 2031 2428; x_wconf 89' lang='lat' dir='ltr'>et</span> <span class='ocrx_word' id='word_1_586' title='bbox 2055 2397 2281 2438; x_wconf 88' lang='lat' dir='ltr'>munditiem,</span> 
     </span>
     <span class='ocr_line' id='line_1_96' title="bbox 1293 2445 2005 2491; baseline 0 -11"><span class='ocrx_word' id='word_1_587' title='bbox 1293 2447 1536 2491; x_wconf 85' lang='lat' dir='ltr'>magnitudine</span> <span class='ocrx_word' id='word_1_588' title='bbox 1555 2445 1757 2479; x_wconf 88' lang='lat' dir='ltr'>animorum</span> <span class='ocrx_word' id='word_1_589' title='bbox 1776 2452 2005 2489; x_wconf 85' lang='lat' dir='ltr'>praestantes.</span> 
     </span>
    </p>

    <p class='ocr_par' dir='ltr' id='par_1_19' title="bbox 1290 2491 2283 2745">
     <span class='ocr_line' id='line_1_97' title="bbox 1395 2491 2278 2544; baseline 0.003 -15"><span class='ocrx_word' id='word_1_590' title='bbox 1395 2498 1485 2542; x_wconf 84' lang='lat' dir='ltr'>Quia</span> <span class='ocrx_word' id='word_1_591' title='bbox 1504 2509 1587 2530; x_wconf 86' lang='lat' dir='ltr'>vero</span> <span class='ocrx_word' id='word_1_592' title='bbox 1605 2495 1738 2541; x_wconf 91' lang='lat' dir='ltr'>Iupiter</span> <span class='ocrx_word' id='word_1_593' title='bbox 1754 2497 1894 2530; x_wconf 89' lang='lat' dir='ltr'>ctMars</span> <span class='ocrx_word' id='word_1_594' title='bbox 1912 2495 2043 2530; x_wconf 80' lang='lat' dir='ltr'>liabent</span> <span class='ocrx_word' id='word_1_595' title='bbox 2059 2509 2095 2531; x_wconf 87' lang='lat' dir='ltr'>se</span> <span class='ocrx_word' id='word_1_596' title='bbox 2107 2491 2278 2544; x_wconf 81' lang='lat' dir='ltr'>tanquam</span> 
     </span>
     <span class='ocr_line' id='line_1_98' title="bbox 1292 2548 2279 2594; baseline 0.002 -12"><span class='ocrx_word' id='word_1_597' title='bbox 1292 2549 1502 2593; x_wconf 78' lang='lat' dir='ltr'>vespertini,</span> <span class='ocrx_word' id='word_1_598' title='bbox 1530 2555 1562 2581; x_wconf 89' lang='lat' dir='ltr'>et</span> <span class='ocrx_word' id='word_1_599' title='bbox 1580 2548 1662 2594; x_wconf 89' lang='lat' dir='ltr'>quia</span> <span class='ocrx_word' id='word_1_600' title='bbox 1679 2548 1876 2592; x_wconf 87' lang='lat' dir='ltr'>triangulus</span> <span class='ocrx_word' id='word_1_601' title='bbox 1893 2560 2015 2582; x_wconf 88' lang='lat' dir='ltr'>eorum</span> <span class='ocrx_word' id='word_1_602' title='bbox 2035 2549 2155 2593; x_wconf 87' lang='lat' dir='ltr'>priore</span> <span class='ocrx_word' id='word_1_603' title='bbox 2178 2557 2279 2594; x_wconf 85' lang='lat' dir='ltr'>parte</span> 
     </span>
     <span class='ocr_line' id='line_1_99' title="bbox 1291 2599 2280 2644; baseline 0.002 -11"><span class='ocrx_word' id='word_1_604' title='bbox 1291 2600 1468 2634; x_wconf 88' lang='lat' dir='ltr'>masculus</span> <span class='ocrx_word' id='word_1_605' title='bbox 1503 2606 1573 2640; x_wconf 90' lang='lat' dir='ltr'>est,</span> <span class='ocrx_word' id='word_1_606' title='bbox 1621 2599 1818 2644; x_wconf 88' lang='lat' dir='ltr'>posteriore</span> <span class='ocrx_word' id='word_1_607' title='bbox 1854 2600 2048 2639; x_wconf 86' lang='lat' dir='ltr'>semineus,</span> <span class='ocrx_word' id='word_1_608' title='bbox 2087 2601 2280 2635; x_wconf 89' lang='lat' dir='ltr'>mulierum</span> 
     </span>
     <span class='ocr_line' id='line_1_100' title="bbox 1291 2651 2279 2694; baseline 0.001 -10"><span class='ocrx_word' id='word_1_609' title='bbox 1291 2651 1472 2685; x_wconf 87' lang='lat' dir='ltr'>amoribus</span> <span class='ocrx_word' id='word_1_610' title='bbox 1490 2651 1608 2685; x_wconf 88' lang='lat' dir='ltr'>minus</span> <span class='ocrx_word' id='word_1_611' title='bbox 1622 2657 1787 2684; x_wconf 89' lang='lat' dir='ltr'>tenentur</span> <span class='ocrx_word' id='word_1_612' title='bbox 1803 2656 1836 2683; x_wconf 88' lang='lat' dir='ltr'>et</span> <span class='ocrx_word' id='word_1_613' title='bbox 1861 2651 1962 2694; x_wconf 90' lang='lat' dir='ltr'>pravi</span> <span class='ocrx_word' id='word_1_614' title='bbox 1987 2657 2068 2684; x_wconf 89' lang='lat' dir='ltr'>sunt</span> <span class='ocrx_word' id='word_1_615' title='bbox 2093 2653 2138 2685; x_wconf 89' lang='lat' dir='ltr'>ad</span> <span class='ocrx_word' id='word_1_616' title='bbox 2162 2652 2279 2685; x_wconf 90' lang='lat' dir='ltr'>libidi-</span> 
     </span>
     <span class='ocr_line' id='line_1_101' title="bbox 1290 2701 2283 2745; baseline 0.002 -10"><span class='ocrx_word' id='word_1_617' title='bbox 1290 2715 1351 2737; x_wconf 90' lang='lat' dir='ltr'>nes</span> <span class='ocrx_word' id='word_1_618' title='bbox 1376 2703 1474 2737; x_wconf 84' lang='lat' dir='ltr'>alias.</span> <span class='ocrx_word' id='word_1_619' title='bbox 1532 2701 1678 2735; x_wconf 88' lang='lat' dir='ltr'>Interim</span> <span class='ocrx_word' id='word_1_620' title='bbox 1702 2708 1822 2735; x_wconf 82' lang='lat' dir='ltr'>tamen</span> <span class='ocrx_word' id='word_1_621' title='bbox 1847 2702 2000 2735; x_wconf 86' lang='lat' dir='ltr'>retinent</span> <span class='ocrx_word' id='word_1_622' title='bbox 2019 2703 2283 2745; x_wconf 80' lang='lat' dir='ltr'>fortitudinem,</span> 
     </span>
    </p>
   </div>
  </div>
 </body>
</html>
