2373 2980
96 91 172 130 429
491 88 598 124 LVII.

147 177 250 211 Tunc
265 174 517 221 gaudentibus,
545 176 604 208 sed
623 182 744 219 postea
761 176 974 220 lugentibus.

508 274 717 321 *praeclare
740 278 841 312 victis
1117 283 1122 296 ¹

145 326 384 372 Aenigmatis,
413 327 576 372 attingit,
1115 297 1121 371 l

143 380 190 413 Et
208 378 337 423 polluit
356 379 493 412 urbem.

140 430 298 464 Alternis
315 429 399 463 serit
416 441 529 463 novas
549 429 752 465 occasiones
769 432 928 466 caedium
941 459 951 473 ,

92 481 191 516 1060
217 480 256 514 In
275 480 440 514 odiosum
463 486 643 513 certamen
667 479 890 518 *coniiciens
913 484 1085 528 impreca-

506 530 663 565 tionibus

139 582 250 616 Filios
266 583 384 615 miser.
438 581 636 622 Miramur,
666 584 840 618 miramur
860 598 960 626 eum,

139 633 212 678 Qui
228 634 273 666 ad
290 638 442 666 mortem
461 632 559 665 vadit
577 645 643 677 pro
660 635 774 678 patria
786 662 796 675 ,

139 683 287 717 Creonti
310 684 453 729 quidem
472 684 586 718 luctus
603 685 808 731 relinquens
820 713 829 726 ,

90 732 189 769 1065
216 734 284 768 Sed
302 735 452 767 claustra
470 740 603 778 septem
623 743 808 779 portarum
826 735 930 771 huius
951 744 1066 771 terrae

138 785 306 818 Victricia
324 785 467 819 faciens.
521 786 670 818 Utinam
690 788 816 821 fiamus

138 836 194 870 Sic
211 842 342 869 matres
355 863 363 875 ,
392 837 478 869 tales
495 836 678 880 pariamus
696 839 798 872 filios.

137 888 170 921 Ο
186 887 304 920 Pallas
316 913 324 925 ,
351 899 441 932 quae
459 888 626 921 draconis

137 938 354 982 Sanguinem
375 938 481 971 ictum
503 938 621 982 lapide

88 990 186 1024 1070
210 988 438 1029 Intersecisti,
464 986 622 1023 *Cadmi
639 990 873 1034 cogitationes

133 1040 344 1074 Exuscitans
362 1041 406 1072 ad
423 1038 491 1072 hoc
508 1041 657 1074 factum:

136 1092 242 1124 Unde
260 1091 358 1124 venit
377 1092 421 1123 ad
441 1097 572 1124 terram
589 1090 682 1124 hanc

134 1142 320 1187 Quaedam
337 1142 512 1186 pernicies
529 1143 744 1175 daemonum
757 1169 766 1181 ‚
794 1143 937 1187 rapiens
956 1143 1059 1177 cives.

99 1225 340 1274 [Nuntia-9,
369 1229 558 1266 locuste,
589 1228 770 1267 Chorus,
795 1226 1055 1275 Animo-nen]

132 1296 226 1327 Mm.
255 1293 370 1333 Heus,
399 1293 478 1338 quis
496 1293 532 1325 in
548 1293 662 1337 portis
678 1293 820 1327 aedium
841 1295 1019 1328 occurrit?
1106 1299 1111 1354 ί

86 1344 182 1378 1075
210 1344 378 1388 Aperite,
406 1344 543 1376 educite
561 1343 722 1377 Iocasten
741 1358 781 1377 ex
799 1345 957 1379 aedibus.

133 1395 229 1428 Heus
246 1406 384 1428 rursus:
414 1395 516 1427 tarde
534 1395 697 1440 quidem,
725 1397 784 1428 sed
806 1402 926 1428 tamen

131 1445 311 1489 Egredere
329 1445 495 1486 audiens,
523 1458 543 1477 o
561 1445 691 1490 inclyta
710 1458 800 1479 uxor
819 1446 969 1491 Oedipi,

131 1496 263 1530 Desine
282 1508 300 1528 a
317 1496 469 1530 luctibus
486 1503 520 1529 et
534 1497 745 1541 lugubribus
761 1495 966 1543 lachrymis.

130 1550 197 1583 loc.
223 1547 256 1581 O
273 1547 485 1582 amicissime
497 1574 507 1587 ,
535 1560 581 1580 an
599 1549 698 1582 venis
715 1549 830 1583 ferens
848 1549 1004 1594 aliquam
1024 1563 1078 1582 ca-

498 1599 695 1631 lamitatem

81 1650 182 1685 1080
208 1648 262 1682 De
281 1656 424 1683 mortno
443 1648 606 1689 Eteocle,
634 1650 689 1682 cui
707 1650 750 1681 ad
767 1649 930 1694 clypeum

128 1703 258 1734 Adstas
276 1712 438 1744 semper,
466 1713 590 1734 arcens
610 1701 677 1733 tela
695 1698 879 1734 hostium?

129 1753 224 1787 Num
238 1752 365 1785 venisti
386 1753 555 1785 nuntians
571 1752 718 1797 aliquod
735 1764 868 1785 novum
888 1752 1078 1786 nuntium?

128 1804 342 1838 Mortuusne
366 1803 442 1837 est?
488 1815 534 1836 an
563 1803 651 1836 vivit
676 1804 767 1837 filius
792 1802 916 1838 meus?
959 1804 1074 1837 indica

492 1852 592 1889 mihi.

128 1908 223 1940 Nun.
252 1904 369 1943 Vivit;
408 1918 452 1938 ne
480 1912 618 1940 metuas
642 1904 728 1946 hoc,
758 1906 839 1952 quia
864 1906 1024 1940 liberabo
1044 1913 1075 1940 te

496 1970 514 1988 a
532 1964 640 1989 metu.
1098 1926 1106 2009 l

81 2006 179 2042 1085
211 2010 277 2041 loc.
323 2007 517 2052 Quomodo
547 2018 583 2039 se
619 2005 752 2039 liabent
783 2007 895 2048 muri,
939 2014 1072 2052 septem

500 2057 612 2102 portis
636 2057 818 2091 distincti?

128 2111 221 2142 Nun.
250 2109 354 2142 Stant
375 2109 594 2149 inconcussi,
622 2116 655 2142 et
673 2122 745 2142 uon
763 2117 813 2143 est
831 2116 931 2153 capta
951 2110 1047 2143 urbs.

126 2162 193 2194 loc.
222 2159 407 2194 Venerunt
427 2163 471 2194 ad
488 2160 684 2206 periculum
701 2161 854 2205 Argivae
872 2161 1038 2205 pugnae?

126 2214 221 2246 Nun.
257 2212 312 2245 Ad
335 2213 451 2257 ipsum
480 2212 668 2245 articulum
696 2219 840 2246 ventum
871 2219 932 2247 est.
1003 2213 1070 2246 Sed

494 2263 591 2297 Mars
610 2263 785 2298 Cadmeus

127 2314 297 2358 Superior
310 2314 378 2348 fuit
390 2315 532 2358 Argivis
550 2313 670 2349 hastis.

82 2364 177 2398 1090
203 2368 268 2400 loc.
305 2366 424 2399 Unum
450 2366 505 2399 dic
527 2379 590 2411 per
618 2366 732 2407 Deos,
775 2366 803 2400 si
828 2367 912 2412 quid
936 2368 979 2400 de
1002 2367 1071 2400 Po-

485 2418 602 2462 lynice

130 2466 220 2507 Scis,
247 2468 329 2514 quia
352 2467 440 2502 mihi
461 2476 493 2502 et
508 2470 550 2502 de
569 2467 637 2502 hoc
655 2482 760 2502 curae
777 2476 845 2510 est,
882 2482 927 2502 an
952 2470 1071 2502 videat

497 2521 628 2554 lumen.

126 2572 218 2603 IVun.
246 2567 343 2602 Vivit
358 2570 421 2602 tibi
438 2571 557 2615 iugum
574 2572 770 2605 liberorum
794 2571 830 2604 in
853 2569 947 2605 hunc
964 2572 1070 2605 diem.

131 2622 194 2654 loe.
235 2619 289 2653 Sis
322 2620 462 2660 beatus;
513 2624 695 2668 quomodo
731 2635 816 2655 vero
855 2624 1069 2668 Argivorum

490 2674 621 2707 bellum

652 89 1053 126 INTERPRETATIO
1090 93 1466 130 PHOENISSARUM
1502 96 1751 132 EURIPIDIS.

1140 895 1158 927 1
1167 893 1238 929 105
1265 895 1448 940 Depulsio.

2064 101 2139 138 430

1194 182 1226 214 A
1242 182 1353 226 portis
1370 183 1553 227 depulistis
1571 183 1696 217 inclusi
1716 183 1897 217 turribus?

103 227 201 263 1055
229 228 317 261 Cum
343 232 458 259 matre
488 226 582 258 enim
618 227 769 261 incestas
803 229 946 272 nuptias
974 229 1093 273 miser,
1117 208 1242 271 l1095
1268 234 1408 273 Dicito,
1436 240 1475 266 ut
1493 246 1635 267 caecum
1651 247 1770 268 senem
1792 235 1938 268 domurn

1191 284 1346 317 Veniens
1363 285 1558 324 oblectem,
1585 291 1723 318 servata
1739 292 1860 320 nostra
1880 286 2035 322 civitate.

1192 337 1286 368 Nun.
1320 334 1516 379 Postquam
1544 348 1632 379 puer
1657 336 1840 377 Creontis,
1882 345 2046 373 mortuus
2072 352 2138 384 pro

1554 386 1668 429 patria
1682 413 1692 426 ,

1191 435 1230 468 In
1249 435 1333 480 ipsis
1351 436 1508 470 turribus
1524 442 1621 469 stans
1631 436 1677 482 ⁷⁷)
1695 438 1787 481 nigri
1807 439 1922 483 capuli
1939 452 2057 473 ensem

1191 487 1261 519 Per
1276 492 1397 531 guttur
1415 487 1531 527 misit,
1559 489 1656 532 quod
1675 495 1749 520 erat
1775 489 1954 532 piaculum
1980 503 2046 535 pro
2072 489 2138 525 hae

1549 538 1654 571 urbe:

1142 589 1239 622 1100
1265 588 1471 633 Manipulos
1489 589 1670 622 'distribuit
1687 596 1821 633 septem
1833 616 1842 628 ,
1871 597 1905 623 et
1919 591 2024 626 duces

1189 640 1244 672 Ad
1261 646 1394 684 septem
1414 647 1558 685 portas,
1585 642 1749 674 custodes
1766 640 1889 684 Arg1vi
1910 643 2098 683 exercitus,

1190 691 1290 724 Tuus
1321 691 1412 725 filius
1443 691 1701 736 speculatores:
1744 692 1879 738 equites
1913 693 2058 738 quidem
2092 695 2136 727 ad

1557 742 1693 788 equites

1191 793 1405 832 Ordinavit,
1434 800 1465 826 et
1484 794 1618 837 pedites
1635 795 1678 826 ad
1701 794 1855 838 pedites,

1189 844 1238 877 Ut
1255 844 1502 878 laborantibus
1520 845 1672 878 moeniis
1690 851 1779 878 esset
1797 845 1970 879 exercitus

1501 896 1627 929 Statim
1645 897 1688 929 ab
1704 896 1824 930 arduis
1842 897 1953 930 muris

1188 946 1397 990 Fulgentem
1417 948 1579 981 videmus
1598 947 1788 980 exercitum
1809 947 1982 991 Argivum

1188 997 1464 1043 Relinquentem
1478 997 1768 1044 Telmesum⁷⁷⁸):
1792 1004 1826 1031 et
1845 998 1872 1031 is
1891 998 1985 1031 iuxta
2004 999 2134 1032 fossam

1189 1049 1303 1081 Cursu
1322 1049 1439 1093 attigit
1457 1049 1582 1082 urbem
1600 1049 1777 1082 Cadmeae
1795 1055 1922 1082 terrae.

1187 1100 1307 1133 Paean
1325 1112 1409 1133 vero
1429 1107 1462 1133 et
1481 1101 1586 1133 tubae
1603 1106 1800 1134 sonuerunt
1818 1100 1923 1134 simul

1140 1153 1237 1186 1110
1264 1151 1366 1190 Inde,
1395 1158 1428 1184 et
1446 1153 1488 1184 de
1507 1151 1692 1185 moenibus
1711 1165 1727 1183 a
1747 1151 1862 1185 nobis.

1185 1203 1229 1235 Et
1248 1204 1401 1247 primum
1422 1202 1566 1235 adduxit
1586 1204 1628 1235 ad
1649 1210 1789 1247 portam
1808 1202 1969 1235 ultimam

1188 1254 1435 1298 Manipulum,
1463 1252 1667 1286 horrentem
1692 1253 1823 1287 crebris
1839 1253 1988 1298 clypeis,

1186 1305 1481 1349 Parthenopaeus
1497 1305 1588 1338 filius
1605 1304 1812 1344 venatricis,

1187 1357 1330 1390 Tenens
1347 1357 1579 1390 domesticum
1598 1356 1737 1400 siguum
1759 1355 1795 1388 in
1815 1355 1933 1388 medio
1952 1355 2096 1400 clypeo,

1139 1407 1235 1441 1115
1276 1408 1501 1447 Atalanten»,
1544 1420 1635 1452 quae
1672 1419 1756 1440 arcu
1794 1406 1917 1451 procul
1952 1405 2130 1438 iaculante

1547 1470 1674 1502 aprum

1184 1510 1351 1543 Aetolum
1370 1510 1551 1543 domabat.
1605 1509 1673 1543 Sed
1693 1509 1738 1541 ad
1754 1508 1959 1541 Proetidem

1185 1561 1332 1594 Portam
1352 1562 1469 1601 vadit,
1497 1561 1658 1594 victimas
1677 1558 1812 1593 habens
1828 1560 1864 1592 in
1882 1570 2009 1597 curru,

1184 1611 1290 1645 Vates
1308 1610 1550 1656 Amphiaraus
1563 1638 1572 1651 ,
1601 1623 1674 1644 non
1692 1609 1828 1644 habens
1843 1610 1942 1654 signa

1184 1663 1425 1707 SIgnificantia
1447 1663 1713 1706 arrogantiam,
1748 1663 1809 1695 sed
1837 1662 1995 1694 modeste
2022 1658 2130 1702 signis

1548 1720 1703 1746 carentia
1724 1725 1835 1746 arma.

1135 1767 1232 1801 1120
1258 1766 1312 1798 Ad
1333 1772 1473 1810 portam
1492 1765 1667 1809 Ogygiam
1688 1764 1943 1808 Hippomedon
1960 1773 2021 1794 rex

1181 1818 1355 1856 Accessit,
1383 1815 1518 1850 habens
1535 1817 1674 1860 signum
1692 1815 1729 1848 in
1748 1815 1866 1848 medio
1882 1814 2026 1858 clypeo,

1181 1870 1316 1913 Argum
1336 1869 1515 1901 videntem
1535 1867 1792 1912 multiplicibus
1810 1865 1937 1900 oculis:

1182 1920 1284 1953 Oculi
1304 1920 1434 1964 partim
1447 1919 1493 1965 ⁷⁸)
1512 1932 1632 1953 versus
1652 1925 1771 1952 ortum
1787 1924 1965 1952 astrorum

1180 1971 1377 2011 Videbant,
1416 1971 1545 2016 reliqui
1568 1983 1653 2004 vero
1678 1982 1799 2004 versus
1824 1980 1985 2002 occasum
2011 1965 2126 1998 occul-

1539 2022 1603 2055 tati
1630 2028 1749 2054 erant:

1132 2070 1228 2108 1125
1257 2073 1305 2106 Ut
1324 2079 1443 2117 postea
1464 2072 1541 2117 ipso
1558 2080 1703 2106 mortuo
1721 2072 1841 2105 videre
1858 2070 1996 2103 licebat.

1178 2125 1232 2156 Ad
1253 2131 1392 2168 portam
1410 2124 1627 2157 Homoloida
1647 2124 1792 2156 tenebat
1809 2123 1924 2156 Iocum
1944 2132 2046 2153 suum

1177 2175 1342 2220 Tydeus,
1369 2174 1502 2210 habens
1519 2176 1555 2209 in
1575 2176 1698 2221 clypeo
1717 2175 1843 2220 pellem
1863 2171 1995 2210 leonis,

1178 2227 1267 2260 Setis
1282 2225 1511 2268 horrentem,
1540 2229 1682 2260 dextera
1703 2239 1787 2260 vero
1806 2227 1916 2258 facem

1177 2278 1285 2323 Gigas
1320 2278 1558 2312 Prometheus
1592 2278 1726 2311 serebat
1739 2305 1747 2317 ‚
1786 2277 1875 2310 sicut
1910 2281 2120 2306 accensurus

1538 2330 1675 2363 urbem.

1160 2430 1206 2461 77)
1227 2432 1321 2459 stans]
1341 2431 1382 2453 stc
1401 2432 1449 2458 (z
1464 2430 1555 2459 Euris..
1576 2426 1656 2454 σηὲς)
1678 2427 1758 2451 Editt.
1778 2427 1850 2450 1558.
1863 2443 1870 2457 ‚
1890 2427 1980 2455 Bam,
1999 2426 2116 2456 Musgr„

1196 2466 1271 2493 F1x.;
1299 2466 1324 2488 in
1344 2465 1392 2488 Ed.
1412 2464 1485 2488 1562.
1505 2464 1590 2487 deest.

1160 2507 1232 2539 77³)
1251 2508 1419 2535 Telmesum]
1439 2507 1478 2530 sic
1498 2506 1579 2529 Editt.
1597 2505 1687 2535 ¹558„
1709 2504 1783 2528 1562.
1802 2503 1848 2535 (τε
1865 2502 1957 2532 Eun-ip.
1969 2502 2020 2541 βά.
2038 2501 2120 2525 Rasil-

1200 2543 1272 2567 1551.
1295 2539 1468 2573 Τελμησόν);
1496 2540 1578 2565 Editt.
1597 2542 1696 2564 recent.
1717 2539 1817 2563 habent
1831 2541 1995 2570 Τευμησσον
2013 2543 2034 2560 s.
2051 2538 2120 2560 Τευ-

1193 2575 1286 2608 μησὸν
1304 2590 1338 2592 -
1357 2577 1544 2599 Teumessum.

1160 2620 1209 2647 75)
1227 2619 1304 2643 ocuti
1324 2619 1437 2649 partun]
1458 2618 1498 2641 sic
1517 2618 1563 2641 Ed.
1584 2618 1656 2642 1562.
1677 2619 1723 2646 (ε
1743 2616 1837 2646 Enrip.
1857 2613 1896 2639 roi
1914 2612 1969 2647 μὲν
1987 2634 1994 2640 .
2014 2634 2020 2638 .
2042 2633 2047 2637 .
2066 2611 2120 2645 ὅμ-

1192 2661 1286 2684 ματιη
1322 2655 1420 2684 Bam,
1439 2653 1563 2684 M‹1sgr.‚
1588 2653 1662 2676 Fun:
1695 2652 1773 2675 Alios
1791 2651 1898 2682 quidem
1918 2669 1924 2675 .
1945 2668 1951 2674 .
1968 2666 1974 2672 .
1994 2649 2121 2677 ocutos„

1196 2689 1243 2712 Ed.
1265 2688 1338 2712 1558.
1359 2688 1437 2711 Oculi
1458 2687 1593 2718 (omissm
1619 2687 1741 2717 partim).
