2373 2980
98 122 149 157 93

260 117 401 155 XLVII.
449 113 852 153 INTERPRETATIO
877 111 1050 148 OPERIS
1077 110 1465 158 QUADRIPARTITI
1490 109 1774 146 PTOLEMAEI
1809 109 1898 144 LIB.
1920 108 1979 144 111.

2093 108 2143 144 94

100 208 251 245 neficos,
278 204 546 243 misericordes,
571 202 673 236 facile
696 199 994 238 reconciliabiles,
1022 210 1098 230 non
1149 197 1258 242 nique
1285 197 1481 241 periculosa
1510 197 1655 230 consilia
1680 202 1874 236 struentes,
1917 201 1951 228 et
1977 196 2145 228 audacter

100 256 273 292 habentes
305 255 427 289 irritos
458 255 631 299 impetus,
671 252 825 297 denique
856 249 1099 294 voluptatibus

102 307 263 342 venereis
281 307 431 339 deditos.

205 373 246 407 ln
262 374 453 407 contrariis
470 384 555 404 vero
573 371 679 411 locis,
713 371 879 414 ignavos,
910 374 1100 406 amatores,

102 426 347 465 effeminatos,
387 423 619 461 mulierosos,
668 422 832 459 timidos,
880 419 1100 463 negligentes

104 477 309 511 discrimina
328 477 528 513 actionum,
556 485 690 517 pronos
705 473 751 505 ad
771 471 976 511 libidinem,
1010 469 1101 502 infa-

104 528 198 561 miae
216 527 455 572 negligentes,
483 525 664 557 obscuros.

394 627 504 660 Venus
530 636 604 658 cum
630 625 819 659 Mercurio.

208 704 256 737 At
273 701 454 735 Mercurio
471 700 658 733 familiaris
679 700 715 732 in
741 699 827 732 locis
851 697 1026 737 laudatis,
1052 697 1103 729 fa-

107 754 153 787 cit
179 753 330 786 artifices
352 751 579 790 manuarios,
620 751 815 790 studiosos,
857 748 1102 782 doctrinarum

107 816 272 849 capaces,
308 803 529 847 ingeniosos,
557 802 735 846 poeticos,
764 800 935 840 musicos,
965 799 1103 843 elegan—

107 856 194 889 tiam
213 861 393 893 amantes,
420 854 598 898 placidos,
625 852 781 885 suaviter
796 851 1018 890 victitantes,
1046 851 1105 882 de-

107 906 271 940 liciarum
289 911 469 944 amantes,
496 902 640 942 hilares,
666 903 790 936 amicis
807 903 908 942 fidos,
935 901 1025 945 pios,
1052 901 1106 933 in-

109 958 323 1001 telligentes,
357 957 495 995 vafros,
531 955 697 993 solertes,
733 954 823 986 bene
855 953 1106 992 coniectantes,

110 1022 189 1042 curn
209 1007 417 1041 dexteritate
436 1005 554 1039 omnia
575 1005 761 1045 facientes,
795 1004 956 1037 celeriter
970 1003 1106 1036 discen-

110 1066 183 1099 tes,
210 1058 368 1092 discendi
386 1058 553 1101 cupidos,
581 1056 656 1090 sine
675 1057 822 1088 doctore
839 1055 949 1088 multa
971 1054 1106 1087 discen-

110 1117 181 1149 tes,
214 1111 378 1143 ardentes
402 1109 520 1142 studio
548 1108 682 1151 optima
705 1106 891 1146 imitandi,
918 1106 1108 1144 formosos,

111 1173 249 1200 comes,
290 1172 434 1199 suaves,
479 1159 638 1191 moribus
659 1158 748 1191 bene
777 1156 1003 1201 compositis,
1036 1162 1109 1189 stu-

112 1212 250 1251 diosos,
291 1211 457 1244 ludorum
488 1210 652 1253 cupidos,
695 1209 816 1241 dextre
844 1206 1109 1251 iudicantesffi),

112 1261 384 1306 magnanimos,
413 1267 535 1293 cautos
557 1260 593 1291 in
611 1259 790 1298 venereis,
819 1259 1012 1302 zelotypos.

215 1328 254 1361 ln
285 1328 475 1361 contrariis
503 1327 608 1366 locis,
643 1327 845 1365 invasores,
881 1326 1018 1365 vafros,
1051 1325 1110 1357 de-

112 1380 263 1419 formes,
289 1379 491 1417 instabiles,
522 1378 736 1416 malevolos,
767 1377 1002 1420 impostores,
1038 1381 1110 1407 tur-

111 1430 275 1468 batores,
329 1430 537 1468 mendaces,
591 1427 887 1466 calumniatores,
935 1426 1110 1470 periuros,

113 1481 203 1513 clam
228 1486 404 1513 struentes
425 1480 609 1518 fraudem,
649 1484 885 1517 veteratores,
922 1483 1109 1521 pactorum

113 1530 325 1570 violatores,
352 1531 527 1574 perfidos,
554 1542 628 1562 non
644 1529 943 1567 reconciliabiles,
971 1535 1110 1572 stupra-

112 1588 229 1621 tores,
257 1588 436 1625 comptos,
463 1581 606 1620 molles,
633 1580 795 1620 infames,
823 1579 1031 1612 criminibus
1048 1591 1111 1623 pu-

112 1633 214 1666 blicis
232 1633 426 1672 obnoxios,
460 1632 592 1676 ubique
616 1644 652 1665 se
676 1632 896 1675 ingerentes,
929 1631 1110 1663 interdum

113 1696 175 1717 sua
196 1685 351 1728 quadam
369 1689 496 1715 natura
518 1682 703 1722 incitatos,
739 1683 854 1726 turpia
882 1689 1044 1726 agentes,
1079 1687 1113 1713 et

114 1734 222 1768 variis
241 1734 336 1768 vitiis
354 1735 596 1767 dedecoratos.
775 1732 780 1736 ’

509 1836 721 1870 Mercurius.

217 1910 389 1945 Mercurii
404 1910 502 1943 stella
520 1910 594 1944 sola
612 1910 814 1943 dominium
833 1909 976 1942 animae
998 1916 1115 1950 nacta,

114 1963 152 1996 in
168 1963 254 1996 locis
272 1961 445 2002 laudatis,
473 1962 557 1994 facit
579 1961 833 2004 intelligentes,
862 1972 1024 2004 sagaces,
1051 1962 1114 1994 do-

116 2015 216 2054 ciles,
243 2013 354 2046 multa
371 2012 612 2057 inquirentes,
636 2018 757 2046 acutos
779 2013 824 2044 ad
845 2012 1115 2052 inveniendum,

115 2065 227 2099 multa
265 2063 505 2108 experientes,
554 2063 848 2103 ratiocinatores,
899 2069 993 2096 recte
1031 2075 1115 2096 con-

115 2117 303 2155 iectantes,
335 2121 503 2148 naturam
528 2126 648 2147 rerum
674 2114 918 2159 inquirentes,
954 2114 1115 2158 ingenio-

115 2181 192 2208 sos,
227 2167 445 2205 imitatores,
478 2166 673 2206 beneficos,
707 2172 992 2209 computatores,
1036 2178 1114 2209 spe-

116 2219 308 2257 culativos,
336 2215 628 2257 mathematicos,
655 2217 834 2261 mysteriis
854 2217 1013 2255 deditos,
1038 2229 1112 2249 non

114 2268 286 2304 habentes
303 2269 424 2302 irritos
442 2268 607 2312 impetus.

215 2336 372 2370 Econtra
398 2347 502 2374 vero,
545 2335 581 2367 in
607 2335 694 2368 locis
716 2335 894 2374 distortis,
938 2341 1113 2375 versutos,

113 2389 345 2434 praecipites,
371 2386 582 2426 obliviosos,
610 2384 781 2420 habentes
797 2387 927 2419 celeres
947 2386 1112 2430 impetus,

113 2441 225 2480 leves,
258 2438 463 2478 mutabiles,
498 2438 723 2482 propositum
750 2444 947 2478 mutantes,
982 2439 1112 2478 fatuos,

114 2492 265 2524 nocendi
293 2490 459 2534 cupidos,
486 2490 630 2530 stultos,
658 2487 937 2529 hallucinantes,
966 2490 1111 2522 menda-

116 2555 189 2582 ces,
215 2543 433 2587 negligentes
450 2541 653 2575 discrimina
672 2554 791 2574 rerum
810 2548 843 2574 et
861 2553 1110 2585 personarum,

115 2594 317 2634 instabiles,
346 2594 493 2633 infidos,
530 2594 817 2633 ‹lesi·;.ud..tores,
852 2592 1022 2633 iniustos,
1050 2593 1109 2625 de·-

149 2711 198 2744 24)
220 2711 389 2741 iudicantes]
408 2712 456 2736 Ed.
474 2710 548 2736 1553.
568 2710 712 2740 corrupte:
738 2708 898 2733 indicteans.

1151 260 1190 281 ac
1207 254 1339 281 temere
1358 249 1489 281 scelera
1505 248 1747 293 suscipientes.

1589 333 1702 365 Luna.

1256 397 1427 442 Magnum
1452 409 1536 430 vero
1560 405 1780 432 momentum
1809 396 1917 431 habet
1935 397 2060 430 Lunae
2084 410 2146 442 po-

1152 449 1251 489 situs,
1280 461 1370 494 quae
1385 448 1413 482 si
1430 454 1579 491 vagatur
1596 449 1631 481 in
1649 449 1834 482 latitudine
1849 449 2067 489 meridiana,
2089 455 2150 483 aut

1154 507 1297 539 arctoa,
1326 500 1492 532 conducit
1517 500 1656 533 animae
1682 501 1724 531 ad
1752 500 1970 533 efficiendam
1998 500 2149 533 varieta-

1154 557 1225 584 tem
1244 563 1386 583 morum
1399 577 1408 590 ,
1437 556 1470 583 et
1487 550 1714 583 calliditatem
1734 551 1965 584 consiliorum
1985 557 2018 584 et
2036 557 2150 584 muta-

1154 602 1342 635 bilitatem.
1393 602 1442 635 At
1458 601 1495 633 in
1513 602 1617 634 nodis
1634 602 1780 634 adiuvat
1795 614 1943 634 acumen
1967 615 2006 634 ac
2031 602 2151 635 celeri-

1156 659 1263 686 tatem
1299 652 1537 692 inventionis,
1581 652 1794 686 industriam
1830 664 1869 684 ac
1897 653 2151 687 festinantiam.

1156 702 1196 736 In
1225 710 1306 736 ortu
1335 709 1369 736 et
1391 709 1567 736 crescente
1590 704 1745 743 lumine,
1787 703 1869 736 facit
1896 705 2153 745 generosiores,

1156 754 1270 798 magis
1294 760 1457 798 apertos,
1491 754 1667 788 firmiores
1693 761 1726 787 et
1754 753 1950 787 liberiores.
2010 753 2049 786 ln
2073 767 2154 787 con-

1157 806 1340 839 iunctione
1360 817 1445 838 vero
1465 811 1499 837 et
1517 806 1771 845 occultatione,
1799 805 1883 838 facit
1901 805 2155 848 languidiores,

1157 855 1379 896 hebetiores,
1406 856 1545 889 facilius
1563 858 1769 890 desistentes
1787 869 1803 888 a
1826 856 2033 900 proposito,
2062 856 2155 889 timi-

1159 908 1297 948 diores,
1325 907 1559 942 obscuriores.

1618 991 1688 1027 Sol.

1263 1059 1324 1092 Sol
1347 1064 1465 1091 autem
1491 1058 1519 1091 si
1542 1058 1578 1090 in
1604 1058 1690 1092 locis
1717 1059 1841 1092 faustis
1871 1059 2058 1092 familiaris
2090 1058 2157 1091 erit

1162 1110 1376 1155 gubernanti
1393 1121 1511 1143 mores
1528 1109 1688 1149 animae,
1717 1110 1821 1143 efficit
1837 1110 2018 1150 iustiores,
2046 1110 2158 1153 magis

1162 1161 1378 1200 industrios,
1405 1159 1606 1203 graviores,
1633 1160 1883 1205 religiosiores.
1943 1161 1989 1194 At
2013 1161 2049 1193 in
2073 1161 2159 1194 locis

1163 1212 1324 1245 infaustis
1349 1218 1382 1243 et
1407 1223 1479 1244 non
1504 1212 1781 1255 congruentibus
1805 1225 1884 1246 cum
1919 1212 2159 1251 dominatore,

1161 1264 1247 1297 facit
1271 1262 1506 1302 sordidiores,
1549 1263 1808 1297 difficilioribus
1834 1264 1985 1307 negotiis
2010 1263 2159 1307 implici-

1164 1322 1235 1355 tos,
1262 1314 1381 1347 minus
1399 1314 1626 1347 observantes
1642 1315 1774 1354 decori,
1800 1315 2013 1359 pervicaces,
2039 1316 2160 1355 duros,

1165 1365 1342 1404 crudeles,
1375 1364 1635 1405 intractabiles,
1672 1366 1826 1411 denique
1850 1368 1968 1400 minus
1991 1365 2160 1399 flexibiles

1164 1417 1208 1449 ad
1227 1416 1408 1449 virtutem.

1471 1500 1525 1532 De
1549 1500 1677 1533 morbis
1699 1502 1847 1534 animae.

1267 1567 1360 1612 Quia
1397 1567 1634 1611 proprietates
1669 1567 1811 1601 animae
1847 1569 2008 1614 sequitur
2041 1568 2161 1614 aliquo

1165 1619 1275 1652 modo
1299 1618 1460 1651 narratio
1486 1618 1679 1662 insignium
1701 1620 1910 1653 morborum
1941 1620 2034 1660 eius,
2079 1632 2162 1653 con-

1165 1670 1263 1703 venit
1278 1669 1529 1703 universaliter
1545 1676 1670 1703 notare
1688 1677 1721 1703 et
1740 1671 1928 1704 observare
1943 1671 2162 1705 Mercurium

1166 1728 1200 1766 et
1216 1720 1370 1760 Lunam,
1398 1722 1580 1767 quomodo
1600 1733 1635 1754 se
1652 1727 1777 1755 mutuo
1796 1723 1994 1767 adspiciant
2012 1729 2073 1756 aut
2089 1734 2164 1755 car-

1166 1773 1285 1811 dines,
1314 1779 1375 1805 aut
1392 1773 1568 1806 maleficas
1587 1773 1715 1806 stellas.

1271 1823 1360 1856 Cum
1392 1824 1486 1856 enim
1517 1836 1591 1856 non
1617 1830 1699 1857 sunt
1724 1823 1879 1867 colligati
1904 1823 2104 1857 Mercurius
2131 1830 2165 1857 et

1167 1874 1268 1907 Luna
1296 1876 1390 1907 inter
1414 1887 1505 1914 sese,
1540 1881 1601 1907 aut
1625 1887 1703 1908 cum
1728 1875 1764 1907 in
1787 1875 1953 1907 orientali
1977 1873 2164 1908 horizonte

1167 1932 1402 1970 superantur,
1437 1932 1498 1959 aut
1520 1932 1601 1959 sunt
1625 1926 1865 1965 circumsessi,
1901 1932 1961 1959 aut
1984 1927 2164 1959 maleficae

1169 1977 1354 2021 oppositae
1374 1983 1473 2017 sunt,
1502 1984 1535 2010 et
1553 1978 1719 2022 adspectu
1736 1977 1937 2021 pernicioso
1959 1978 2164 2017 collocatae,

1168 2041 1293 2061 causae
1317 2035 1399 2062 sunt
1420 2029 1615 2061 multorum
1641 2029 1872 2069 morborum,
1916 2029 1976 2074 qui
2000 2029 2165 2062 accidunt

1169 2080 1321 2113 animae.
1389 2079 1433 2112 Et
1465 2079 1737 2124 temperamenti
1768 2079 1927 2112 confusio
1962 2080 2114 2113 sumitur
2143 2091 2161 2111 a

1168 2131 1400 2175 qualitatibus
1422 2131 1603 2164 stellarum
1629 2144 1694 2175 pro
1719 2131 1786 2163 loci
1815 2137 1955 2163 natura.
2016 2130 2066 2163 Ac
2091 2143 2163 2162 me-

1167 2182 1297 2215 diocris
1322 2182 1418 2215 labes
1445 2194 1485 2214 ex
1509 2182 1788 2226 proprietatibus
1811 2183 2033 2225 planetarum
2065 2182 2163 2225 prius

1167 2233 1268 2266 dictis
1285 2233 1378 2266 sumi
1394 2239 1528 2277 potest,
1556 2234 1773 2266 incrementa
1791 2245 1876 2265 vero
1896 2233 2163 2277 conspiciuntur

1167 2296 1208 2317 ex
1224 2285 1464 2317 maleficarum
1486 2284 1744 2329 exsuperantia.
1784 2284 2049 2317 Convenienter
2068 2284 2160 2316 enim

1166 2336 1234 2367 dici
1266 2336 1361 2369 labes
1395 2342 1510 2379 potest
1546 2348 1701 2368 excessus
1727 2341 1787 2368 aut
1810 2336 1964 2368 desectus
1990 2336 2026 2368 in
2055 2336 2162 2368 mori-

1164 2387 1248 2427 bus,
1276 2387 1442 2420 recedens
1458 2399 1477 2419 a
1494 2386 1751 2420 mediocritate.

1268 2438 1456 2471 Caeterum
1475 2437 1629 2471 maiores
1646 2438 1796 2477 furores,
1816 2437 1875 2482 qui
1893 2444 2064 2483 tanquam
2083 2450 2161 2481 per-

1166 2489 1262 2533 petui
1281 2489 1397 2522 morbi
1417 2489 1453 2520 in
1473 2495 1600 2521 natura
1618 2486 1787 2528 haerent,
1823 2495 1857 2521 et
1877 2489 2025 2522 laedunt
2048 2496 2157 2521 totam

1165 2546 1300 2585 partem
1326 2539 1538 2573 rationalem
1568 2546 1599 2572 et
1624 2541 1868 2584 adpetentem,
1910 2540 1971 2573 tali
1997 2541 2160 2573 observa—

1163 2592 1260 2624 tione
1280 2592 1314 2623 iu
1334 2603 1461 2635 genere
1479 2590 1526 2623 ita
1545 2590 1701 2625 iudicare
1717 2592 1810 2625 licet.

1264 2642 1453 2686 Epileptici
1488 2643 1581 2675 enim
1620 2643 1831 2688 plerumque
1867 2642 1983 2681 fiunt,
2033 2641 2159 2686 quibus

1161 2692 1262 2725 Luna
1289 2700 1322 2727 et
1345 2694 1544 2727 Mercurius
1575 2706 1647 2727 non
1675 2701 1757 2728 sunt
1779 2693 1932 2737 colligati
1958 2694 2050 2725 inter
2075 2705 2158 2731 sese,
