2373 2980
71 74 168 110 1069
384 69 519 104 LXXII.

120 158 196 202 Ego
213 168 297 190 vero
317 155 478 201 (reliquit
495 155 589 188 enim
608 168 664 188 me
683 155 719 188 in
735 153 789 188 his
806 156 951 193 aedibus

167 208 390 242 Nutritorem
435 207 629 240 liberorum
643 232 652 246 ,
702 208 880 240 custodem
916 207 1054 245 domus,

487 258 631 302 quando
647 264 761 290 terrae

122 309 320 343 Obscuram
340 308 524 353 caliginem
544 309 720 352 ingressus
740 315 790 342 est
805 307 895 341 filius
912 307 1040 353 meus‚)

123 361 212 394 Cum
229 366 364 400 matre,
388 372 432 393 ne
449 359 551 393 liberi
572 359 732 393 Herculis
753 359 967 399 moriantur,

121 411 177 444 Ad
193 422 292 444 aram
310 409 402 444 hanc
418 410 510 444 Iovis
528 411 718 444 servatoris
735 412 852 451 sedeo,

123 463 242 507 Quam
276 462 417 502 statuit,
456 468 495 495 ut
525 468 797 495 monumentum
833 461 877 496 sit
904 459 1058 494 victricis

484 511 619 553 hastae,

73 562 121 597 50
146 563 234 597 Cum
254 563 392 596 vicisset
409 563 551 608 Minyas
577 575 767 607 generosus
783 563 874 597 filius
889 575 1000 596 meus.

123 614 196 647 Has
225 620 342 646 autem
378 616 475 648 sedes
507 626 684 658 occupans
718 615 755 647 in
788 627 907 648 rerum
937 613 1057 656 inopia

484 665 659 705 omnium,

125 716 223 756 Cibi,
248 722 353 760 potus
366 743 374 755 ‚
400 717 566 756 vestitus,
588 717 624 748 in
643 717 718 749 solo
735 728 806 748 non
824 721 934 749 strato

125 767 304 800 Ponentes
320 768 449 806 latera3
469 767 598 800 etenim
619 767 747 800 exclusi

126 818 155 851 E
172 819 301 857 domo,
328 820 488 852 sedemus
506 818 628 851 salutis
648 819 796 850 defectu.

76 866 125 903 55
153 869 360 902 Amicorum
389 869 534 913 verosss)
553 869 640 901 alios
659 868 762 900 video
778 878 851 899 non
869 878 941 900 esse
958 877 1061 898 veros

486 931 630 958 amicos,

127 970 172 1003 Et
188 971 248 1016 qui
268 983 348 1004 vere
364 977 465 1010 sunt,
490 982 563 1003 non
581 975 727 1013 possunt
745 981 811 1002 nos
830 968 1011 1001 adiuvare.

130 1020 345 1061 „Eiusmodi
366 1022 458 1054 inter
473 1019 637 1054 homines
653 1033 708 1054 res
726 1027 776 1053 est
794 1020 989 1060 calamitas,

130 1072 209 1111 „Ut
233 1072 386 1113 nemini,
420 1073 482 1118 qui
503 1073 559 1105 vel
586 1071 816 1105 mediocriter
843 1071 948 1104 etiam
975 1067 1063 1103 mihi

496 1130 540 1157 sit
561 1135 707 1163 amicus,

71 208 119 244 45

130 1172 375 1217 „Contingere
403 1185 480 1207 eam
498 1174 625 1214 velim,
652 1173 886 1207 certissimum
911 1171 1062 1205 indicem
1091 1214 1093 1222 Ι

492 1225 688 1258 amicorum
699 1224 743 1267 ⁹).

79 1273 127 1306 60
147 1275 304 1317 Meyara.
321 1274 354 1307 O
370 1287 475 1308 senex
488 1302 496 1315 ,
521 1276 582 1320 qui
597 1275 821 1320 Taphiorum
842 1274 926 1306 olim
945 1273 1065 1317 cepisti

495 1327 633 1366 urbem,

130 1375 295 1409 Gloriose
311 1376 382 1408 dux
398 1377 569 1411 exercitus
587 1375 858 1416 Thebanorum,

129 1425 247 1469 Quam
264 1424 355 1458 nihil
372 1426 531 1460 Deorum
550 1434 685 1460 certum
706 1434 755 1460 est
772 1425 989 1459 hominibus.

129 1475 204 1520 Ego
240 1477 334 1509 enim
371 1489 444 1510 non
479 1491 555 1511 sum
590 1485 662 1511 tuta
691 1490 708 1510 a
743 1479 884 1510 fortuna
919 1482 1067 1520 propter

494 1535 646 1572 patrem,

133 1575 240 1620 Quod
259 1578 418 1621 potentia
435 1591 584 1622 magnus
604 1579 775 1623 gloriatus
792 1578 987 1623 aliquando
1005 1583 1067 1616 est,

80 1624 128 1660 65
161 1626 250 1660 Cum
274 1626 421 1662 haberet
446 1641 617 1673 regnum,
646 1636 793 1674 propter
820 1630 916 1674 quod
941 1629 1067 1672 longae

496 1679 631 1720 hastae,

132 1729 267 1773 Cupide
287 1732 389 1765 multi
410 1732 530 1776 magni
552 1738 702 1776 pereunt
720 1730 864 1776 viri⁹³).

131 1779 201 1824 Qui
221 1793 299 1814 cum
318 1783 449 1816 liberos
466 1781 634 1823 haberet,
661 1782 733 1815 filio
752 1787 813 1815 tuo
830 1792 886 1813 me
906 1780 1003 1812 dedit

112 1879 160 1911 δἐι)
180 1879 261 1911 vero]
282 1879 322 1904 sic
342 1880 388 1912 (=
407 1881 499 1911 Eut-ip.
520 1879 561 1913 δὲ)
581 1881 665 1906 Editt.
687 1882 808 1909 recent.;
827 1880 877 1905 Ed.
898 1879 974 1904 1562.
994 1885 1068 1902 vere.

113 1914 144 1942 9)
169 1915 229 1945 Ego
254 1921 322 1939 vero
341 1928 375 1932 —-
392 1916 551 1940 amicorum.
583 1913 805 1946 (vsu—590]
837 1915 878 1938 sic
907 1914 956 1938 Ed.
977 1913 1070 1945 1562.;

149 1948 198 1971 Ed.
220 1949 311 1973 1558:

182 1983 241 2013 Ego
262 1988 346 2011 vero,
366 1983 477 2013 reliquit
496 1983 567 2006 enim
587 1989 628 2006 me
647 1983 724 2007 hisce
743 1983 769 2006 in
788 1982 900 2006 aedibus

182 2016 351 2040 Nutritorem
371 2018 488 2041 filiorum
510 2018 703 2046 domesticum,
723 2017 828 2047 quando
848 2018 942 2039 terrae

183 2051 336 2075 Obscuram
355 2051 499 2082 caliginem
520 2052 714 2079 ingrederetur
733 2052 806 2075 filins
827 2056 902 2073 meus

183 2084 250 2109 Cum
270 2086 374 2113 matre,
393 2086 465 2108 filios
484 2084 532 2116 (ne
549 2085 716 2115 moriantur)
739 2084 864 2108 Herculis

182 2119 225 2142 Ad
243 2124 322 2143 aram
341 2120 447 2143 colloco
465 2120 534 2142 lianc
552 2120 708 2142 servatoris
729 2120 812 2148 lovis,

185 2153 270 2182 Quam
291 2154 411 2177 victricis
429 2155 527 2177 hastae
546 2154 704 2177 memoriale
723 2154 829 2184 statuit,

179 2187 282 2216 Minyis
302 2188 457 2217 superatis,
478 2194 554 2211 mens
575 2194 731 2216 generosus
749 2187 829 2210 filius.

181 2221 306 2245 Omnium
325 2228 392 2245 vero
413 2223 492 2252 egeni
513 2223 561 2244 lias
582 2223 662 2245 sedes
683 2222 844 2249 obtinemus,

181 2255 324 2286 ciborum,
345 2257 441 2285 potus,
461 2256 595 2284 vestitus,
614 2263 666 2279 non
688 2257 777 2279 strato
797 2256 856 2279 solo

179 2289 283 2312 Latera
302 2291 451 2319 ponentes:
471 2290 572 2313 etenim
593 2290 697 2313 exclusi

181 2323 203 2345 Ε
224 2323 301 2347 domo
322 2324 466 2353 sedemus,
487 2324 578 2353 inopia
597 2325 707 2348 salutis.

180 2357 222 2380 Ex
258 2357 353 2380 amicis
390 2360 480 2381 autem
519 2358 591 2381 alios
627 2358 733 2388 quidem
771 2364 823 2381 non
862 2361 954 2381 certos
991 2358 1097 2382 video*

494 2398 613 2415 amicos·

181 2425 232 2454 Qui
252 2431 318 2448 vero
338 2427 401 2448 sunt
420 2427 511 2452 recte,
532 2410 694 2455 impotentes
717 2428 798 2454 sunt,
819 2428 847 2449 ut
866 2426 968 2450 iuvent.

185 2459 288 2489 „Talis
309 2465 354 2482 res
374 2462 418 2482 est
435 2459 588 2483 hominibus
609 2460 669 2489 ipsa
689 2461 848 2486 infelicitas,

185 2494 298 2522 „Quam
318 2494 409 2516 nullus
428 2499 542 2523 unquam
564 2493 727 2524 (quicunque
746 2495 791 2517 vel
807 2494 980 2517 mediocriter
1000 2495 1069 2517 ami-
1095 2493 1096 2504 ³

496 2534 544 2550 cus
565 2528 642 2555 1111111)

186 2562 401 2590 „Assequatur‚
420 2561 569 2584 amicorum
589 2567 702 2585 examen
723 2561 915 2584 certissimum.

116 2595 165 2623 9⁸)
183 2601 223 2624 pr.
242 2595 313 2624 quod
331 2595 433 2621 longae
451 2596 565 2623 hastae.
586 2595 689 2625 Cupide
705 2608 735 2613 -
751 2594 826 2626 virt]
847 2596 887 2618 sic
907 2596 955 2620 Ed.
978 2595 1069 2625 1562.;

151 2629 233 2653 Editt.
247 2630 366 2653 recent.:
385 2635 425 2658 pr.
440 2629 510 2658 quod
526 2630 625 2659 longae
641 2630 737 2653 hastae
752 2630 857 2653 saltant
874 2628 959 2660 [Fix.:
975 2628 1068 2660 ruunt]

149 2664 211 2687 eius
231 2663 391 2694 occupandi
410 2663 558 2692 cupiditate
578 2663 603 2686 in
625 2664 704 2687 beata
723 2670 840 2693 corpora
860 2665 1033 2694 principum.

573 68 967 103 INTERPRETATIO
996 68 1233 104 EURIPIDIS
1262 69 1495 105 HERCULIS
1519 68 1770 104 FURENTIS.

1994 66 2089 101 1070

1157 157 1319 197 Herculi,
1343 157 1455 190 nobili
1473 155 1703 189 matrimonio
1722 154 1910 187 collocans.

1158 209 1203 241 Et
1218 220 1312 241 nunc
1333 209 1389 241 illa
1409 208 1551 254 quidem
1571 213 1714 239 mortuo
1724 205 1768 249 ¹⁰)
1790 206 2036 238 avolaverunt:

1109 259 1156 292 70
1173 259 1249 302 Ego
1266 272 1348 292 vero
1368 267 1401 292 et
1416 267 1466 299 tu,
1482 271 1598 298 senex,
1615 258 1824 295 moriemur,

1159 310 1207 342 Et
1221 311 1321 343 liberi
1342 310 1520 349 Herculis,
1544 321 1632 354 quos
1649 309 1712 342 sub
1730 308 1794 341 alis

1159 361 1281 394 Pullos
1302 362 1411 395 veluti
1430 361 1558 405 gallina
1577 360 1748 393 incubans
1765 369 1878 392 servo.

1160 410 1231 456 Ipsi
1248 418 1365 445 autem
1385 414 1427 446 ad
1453 412 1711 456 explorandum
1735 409 1823 442 alius
1840 407 1981 440 aliunde
1999 417 2093 438 acce-

1521 464 1619 501 dens,

1163 513 1195 545 O
1234 519 1367 553 mater,
1418 513 1554 559 inquit,
1605 512 1753 546 ubinam
1788 517 1963 543 terrarum
2000 508 2093 540 abest

1518 563 1644 607 pater?

1113 614 1160 649 75
1200 615 1294 659 Quid
1317 614 1425 646 facit?
1471 616 1614 659 quando
1649 612 1790 647 veniet?
1825 622 1945 645 errore
1978 615 2093 642 autem

1526 665 1661 705 aetatis,

1165 718 1352 762 Quaerunt
1369 722 1525 760 patrem3
1550 728 1613 759 ego
1635 722 1751 748 autem
1771 711 1917 747 extraho

1164 769 1291 802 Verbis
1309 767 1507 800 consolans.
1560 766 1731 799 Admiror
1749 777 1832 797 vero
1845 791 1853 803 ,
1877 763 2020 808 quando

1163 821 1272 853 Fores
1288 820 1457 857 strident,
1478 825 1511 850 et
1530 817 1772 861 unusquisque
1792 815 1921 847 attollit
1936 813 2074 856 pedem,

1166 871 1355 916 Tanquam
1375 871 1415 902 ad
1433 880 1544 912 genua
1561 868 1672 912 patris
1689 868 1846 899 accidere
1867 865 1961 896 velit.

1117 924 1165 957 80
1188 922 1291 956 Nunc
1308 921 1416 964 igitur
1434 933 1539 965 quam
1559 932 1654 963 spem
1677 925 1737 951 aut
1756 919 1872 951 sedem
1891 913 2012 948 salutis

1166 973 1320 1006 Praebes
1333 999 1341 1011 ‚
1367 984 1386 1003 0
1405 970 1534 1005 senex?
1564 972 1607 1003 ad
1626 977 1658 1002 te
1677 969 1768 1001 8111111
1782 967 1852 1013 ¹⁰⁸)
1872 964 2036 1009 respicio.

1167 1025 1258 1058 Nam
1278 1035 1393 1068 neque
1411 1022 1584 1055 terminos
1600 1028 1714 1054 terrae
1732 1020 1820 1052 clam
1839 1016 1957 1062 egredi
1981 1024 2102 1058 possu-

1527 1085 1618 1113 mus,

1170 1125 1277 1169 (Sunt
1309 1125 1402 1158 enim
1439 1124 1618 1158 custodiae
1656 1122 1692 1154 in
1725 1121 1818 1155 exitu
1846 1118 1947 1152 nobis
1981 1122 2105 1161 poten—

1529 1174 1666 1217 tiores)

1170 1228 1293 1272 Neque
1313 1228 1349 1259 in
1368 1226 1487 1259 amicis
1506 1239 1583 1270 spes
1602 1224 1725 1259 salutis

1121 1277 1167 1312 85
1190 1279 1301 1313 Nobis
1317 1278 1545 1322 estamplius.
1598 1274 1817 1309 Sententiam
1843 1272 1970 1316 igitur,
1997 1280 2103 1313 quam

1538 1326 1659 1367 habes,

1169 1378 1209 1412 In
1227 1379 1383 1413 medium
1404 1380 1543 1424 profer,
1571 1391 1615 1411 ne
1634 1376 1858 1411 moriendum
1879 1372 1935 1411 sit,
2083 1419 2090 1425 ⁴

1171 1430 1400 1476 Tempusque
1433 1443 1689 1474 prorogemus,
1726 1440 1805 1460 cum
1838 1421 2029 1457 imbecilles
2065 1432 2108 1453 sl-

1534 1494 1612 1514 111115
1626 1481 1682 1524 ¹¹).

1157 1564 1202 1594 10)
1222 1565 1273 1588 illa
1291 1564 1398 1594 quidem
1416 1565 1538 1593 mortuo]
1565 1564 1604 1587 sic
1628 1563 1677 1586 Ed.
1699 1562 1789 1589 1562.;
1823 1560 1872 1584 Ed.
1894 1558 1968 1582 1558.
1987 1558 2027 1581 illi
2047 1557 2107 1587 qui-

1190 1600 1249 1622 dem
1275 1599 1394 1629 mortui3
1420 1599 1541 1628 Musgr.,
1567 1599 1641 1622 Fix.:
1674 1597 1722 1620 illa
1746 1596 1852 1626 quidem
1879 1593 1996 1617 evanida
2021 1590 2109 1630 [Fixa

1190 1632 1328 1664 perdita];
1353 1634 1453 1656 Barn.:
1477 1633 1526 1657 illa
1550 1638 1604 1656 una
1627 1638 1687 1655 cum
1707 1633 1813 1654 mortuo
1832 1629 1879 1652 illo
1900 1627 2006 1667 (Eurip.
2026 1626 2108 1649 Editt.

1190 1668 1276 1692 Basil.
1304 1668 1395 1697 1551.,
1428 1668 1548 1696 Musgr„
1583 1667 1641 1690 Fix.
1671 1665 1761 1689 ἐκεῖνα
1786 1660 1839 1696 μὲν
1865 1660 1995 1690 θιινόντ,
2026 1661 2107 1683 Barn.

1191 1699 1283 1725 gusina
1302 1700 1371 1733 μετά
1391 1699 1535 1729 θανόντ’),

1157 1736 1218 1766 10³)
1240 1735 1324 1767 enim]
1345 1736 1384 1759 sic
1405 1735 1451 1766 (=
1464 1736 1559 1765 Eurip.
1573 1733 1641 1767 γάρ)
1662 1735 1744 1758 Editt.
1762 1733 1836 1757 1558.
1858 1733 1885 1755 et
1904 1730 2040 1759 recentt.;
2060 1729 2108 1752 Ed.

1192 1771 1266 1794 1562.
1286 1776 1348 1793 non.

1158 1804 1211 1845 11)Ἴ
1224 1805 1340 1845 λαως-Ο
1359 1811 1443 1828 senex
1461 1818 1495 1822 —
1513 1804 1609 1828 simus.
1630 1805 1686 1832 [νε.
1704 1801 1861 1829 60-87.)]
1889 1800 1929 1823 510
1946 1799 1995 1822 Ed.
2017 1796 2111 1825 1562.;

1191 1839 1354 1903 Edmgjjffib
1381 1879 1482 1899 senex,
1508 1873 1670 1902 Tapliiorum
1695 1871 1739 1902 qni
1763 1870 1827 1895 olim
1852 1866 2016 1899 expugnasti
2040 1865 2110 1890 civi-

1533 1909 1626 1934 tatem,

1225 1941 1378 1970 Imperator
1399 1941 1513 1964 ductans
1532 1941 1654 1971 inclytas
1674 1940 1860 1963 Thebanorum
1882 1937 1994 1961 hastas:

1226 1976 1262 1998 Ut
1281 1976 1347 1998 1111111
1366 1976 1518 1999 hominibus
1538 1981 1554 1998 a
1573 1976 1631 1998 Diis
1651 1977 1764 1998 certum.

1227 2010 1286 2039 Ego
1310 2010 1380 2033 enim
1400 2016 1486 2039 neque
1505 2010 1539 2032 ad
1559 2012 1663 2039 patrem
1684 2010 1806 2038 profecta
1826 2013 1885 2030 sum
1904 2012 1920 2029 a
1938 2005 2059 2033 fortuna,

1226 2044 1265 2066 Eo
1286 2045 1355 2073 quod
1379 2045 1483 2067 divitiis
1501 2046 1599 2073 potens
1618 2044 1753 2074 gloriatus
1774 2044 1817 2065 est
1836 2041 1900 2064 olim

1226 2078 1336 2101 liabens
1357 2078 1547 2108 tyrannidem,
1573 2079 1651 2101 cuius
1673 2079 1754 2107 longe
1776 2075 1857 2107 [μνοε
1882 2071 1996 2104 longae]
2016 2072 2111 2095 hastae

1536 2113 1626 2140 gratia

1226 2146 1332 2170 Volant
1351 2154 1385 2171 ex
1404 2147 1552 2176 cupiditate
1571 2152 1688 2175 corpora
1706 2145 1836 2168 infelicia.

1226 2180 1337 2204 liabens
1361 2184 1505 2211 praeterea
1526 2181 1628 2203 liberos
1642 2197 1648 2205 .
1669 2182 1696 2203 et
1715 2186 1756 2202 me
1776 2177 1888 2202 tradidit
1908 2175 1963 2199 filio
1983 2176 2040 2205 tuo,

1225 2214 1338 2245 Insigne
1357 2216 1511 2245 coniugium
1532 2215 1641 2237 Herculi
1661 2215 1781 2238 elocans.

1226 2249 1262 2272 Et
1281 2256 1351 2273 nunc
1371 2251 1411 2273 illi
1430 2250 1537 2279 quidem
1556 2249 1654 2271 mortni
1674 2248 1838 2275 avolarunt3

1225 2283 1285 2312 Ego
1304 2291 1371 2308 vero
1392 2287 1418 2307 et
1438 2285 1466 2306 tu
1486 2289 1580 2306 sumus
1599 2283 1742 2309 morituri,
1765 2288 1780 2304 0
1800 2286 1895 2305 senex,

1226 2317 1335 2347 Ipsique
1355 2318 1501 2341 Herculani
1524 2317 1588 2343 filii,
1608 2324 1675 2346 quos
1696 2317 1747 2338 suli
1767 2316 1812 2339 ala
1831 2312 1988 2342 complexos

1227 2351 1314 2374 Servo
1334 2353 1425 2381 pullos
1448 2352 1551 2378 gallina
1570 2351 1655 2373 veluti
1678 2352 1828 2373 contracta.

1227 2386 1261 2408 Hi
1281 2392 1347 2409 vero
1366 2387 1400 2409 ad
1420 2386 1621 2414 inquisitionem
1641 2385 1712 2407 alius
1731 2380 1840 2406 aliu'nde
1857 2380 1982 2410 veniens,

1227 2419 1249 2442 Ο
1270 2422 1357 2443 mater
1378 2418 1502 2451 (inquit),
1524 2419 1566 2442 11111
1585 2420 1662 2448 pater
1680 2419 1756 2441 abest
1775 2411 1934 2440 terrarum?

1228 2454 1296 2481 Quid
1316 2450 1403 2477 facit?
1422 2455 1491 2476 unde
1511 2450 1622 2476 veniet?
1641 2453 1783 2475 iuventute
1801 2456 1867 2474 vero
1887 2448 2013 2472 errantes

1227 2487 1367 2515 Quaerunt
1386 2490 1544 2517 parentem;
1566 2493 1615 2516 ego
1635 2489 1724 2510 antem
1744 2485 1887 2516 protraho,

1224 2521 1312 2544 Dictis
1331 2523 1489 2548 consolans.
1526 2522 1654 2544 Admiror
1674 2526 1760 2547 vero,
1781 2519 1886 2549 qnando

1226 2555 1315 2579 Fores
1335 2558 1464 2585 crepant,
1483 2556 1510 2578 et
1529 2556 1618 2584 quivis
1638 2555 1768 2581 assurgat
1790 2554 1867 2584 pede,

1226 2589 1364 2619 Tanquam
1385 2591 1419 2613 ad
1438 2591 1553 2619 paterna
1573 2589 1674 2618 lapsuri
1695 2594 1792 2618 genua.

1226 2624 1303 2647 Nunc
1322 2625 1423 2654 igitur,
1450 2629 1528 2653 qnam
1551 2629 1625 2652 spem
1643 2624 1690 2646 aut
1709 2623 1796 2646 locum
1815 2620 1915 2643 salutis

1228 2658 1372 2689 Exquiris,
1393 2664 1408 2682 o
1429 2656 1535 2682 senex?
1552 2657 1586 2681 ad
1607 2658 1634 2680 te
1653 2657 1723 2680 enim
1742 2655 1874 2685 respicio,
