2373 2980
205 98 280 134 359

254 186 351 220 Men.
381 183 494 224 „Dic;
525 190 617 216 recte
633 182 726 215 enim
743 182 874 216 dixisti.
928 181 990 217 Est
1004 184 1066 216 ubi
1091 185 1193 220 silen-

608 233 695 265 tium
706 232 751 278 ¹⁰)
771 233 929 266 orationi

255 286 462 325 „praestan
491 290 540 316 est
561 290 595 316 et
613 284 672 317 uhi
691 284 805 317 oratio
818 283 863 330 ¹⁰)
888 285 1041 319 silentio.

257 338 314 370 Or.
343 336 495 373 „Dicam
515 346 610 378 erge.
660 334 783 378 Longa
804 336 919 369 oratio
936 336 1093 370 breviori

204 385 278 420 640
303 385 396 425 „Est
412 385 550 429 potior,
579 392 613 417 et
628 386 740 430 magis
760 387 865 430 plana
881 387 1018 421 auditu.

255 435 343 469 Mihi
367 443 425 476 tu,
459 436 640 475 Menelae,
683 443 825 471 tuarum
859 450 979 472 rerum
1012 437 1102 471 nihil
1136 439 1194 471 de-

617 487 728 525 deris;

253 537 320 570 Sed
348 549 439 583 quae
464 538 649 582 accepisti,
691 540 820 579 redde,
857 551 937 572 cum
970 539 1148 584 acceperis
1175 552 1193 571 a

610 601 689 621 meo
708 595 821 633 patre.

251 638 334 672 Non
350 639 480 684 loquor
496 640 538 672 de
555 640 704 684 pecunia
719 666 728 679 ‚
754 641 814 673 sed
832 652 869 673 re
886 640 931 686 (si
949 640 1058 673 vitam
1077 652 1193 673 meam

250 689 445 735 Servilius),
471 702 562 735 quae
580 697 629 723 est
646 689 735 722 mihi
753 691 845 723 inter
862 703 958 724 meas
977 689 1194 725 charissima.

203 740 277 773 645
303 740 440 774 Pecco‘?
469 747 609 785 oportet
626 753 682 774 me
696 741 854 785 accipere
874 742 909 774 in
928 742 990 774 tali
1006 743 1101 775 malo

779 97 901 132 PHIL.
936 97 1048 132 MEL.
1085 96 1287 131 SCRIPTA
1321 96 1673 132 PHILOLOGICA..

2164 102 2240 136 360

1248 183 1323 218 670
1349 183 1419 217 Per
1442 181 1535 216 hanc
1561 182 1721 227 supplico
1749 182 1826 217 tihi.

1661 246 1737 266 mea
1759 234 1851 266 mala
1863 260 1874 275 ‚

1297 283 1351 316 Ad
1371 297 1460 329 quae
1479 284 1609 317 venio?
1637 285 1722 329 quid
1743 291 1886 328 oportet
1903 298 1958 318 me
1974 286 2165 320 laborare?

1295 334 1464 378 Supplico
1482 335 1574 368 enim
1595 348 1688 368 nunc
1705 347 1771 379 pro
1790 342 1862 369 tota
1881 337 2002 370 domo.

1300 385 1333 418 O
1351 392 1474 429 patrue
1492 386 1603 430 patris
1622 387 1752 426 frater,
1779 387 1842 420 sub
1859 393 1952 419 terra

1299 436 1484 469 Mortuum
1503 437 1627 470 audire
1644 435 1730 470 haec
1745 444 1865 482 putes,
1892 438 2072 470 volantem

1248 485 1322 519 675
1349 487 1516 520 Animam
1536 500 1641 532 super
1656 495 1710 528 te,
1737 495 1771 521 et
1791 489 1927 528 dicere,
1955 500 2046 534 quae
2065 499 2130 531 ego
2147 488 2240 522 dico.

1298 537 1393 570 Raec
1410 538 1504 572 inter
1517 537 1719 584 lachrymas
1737 546 1771 572 et
1786 540 1920 573 luctum
1937 546 1972 572 et
1988 538 2208 572 calamitates

1299 588 1402 628 Dixi,
1430 596 1464 622 et
1483 602 1653 634 reposco,
1680 591 1829 624 salutem

1299 639 1501 683 Quaerens:
1531 643 1627 686 quod
1648 653 1771 675 omnes
1795 646 1990 687 quaerunt,
2023 646 2057 673 et
2077 651 2152 672 non
2174 651 2239 683 ego

1661 692 1768 725 solus.

1300 741 1399 774 chor.
1425 740 1471 774 Et
1487 753 1551 785 ego
1570 742 1633 775 tibi
1649 743 1829 786 supplico,
1856 753 2074 786 quamquam
2092 740 2244 781 mulier,

1891 184 1925 216 O
1955 184 2062 218 miser
2091 192 2240 230 propter

251 791 334 825 Non
346 792 503 826 debiturn
517 791 687 824 auxilium
701 803 720 824 a
734 798 786 830 te;
807 805 890 825 nam
903 799 936 826 et
945 792 1194 837 Agamemnon
1220 789 1224 829 Ι
1247 789 1322 824 680
1350 791 1398 824 Ut
1418 792 1516 826 iuves
1532 793 1663 826 auxilio
1680 799 1838 837 egentes3
1866 805 1948 825 nam
1973 798 2086 836 potes.

616 849 719 885 pater

253 891 385 926 Iniuste
401 904 619 936 congregans
639 893 825 926 Graeciam
836 919 845 933 ,
873 896 970 928 venit
987 896 1031 928 ad
1047 893 1137 927 Ilion
1148 921 1157 934 ‚

251 942 328 987 Ipse
344 955 417 976 non
435 955 602 988 peccans,
628 944 689 977 sed
706 950 890 987 peccatum

253 994 382 1027 Uxoris
399 1001 478 1027 tuae
496 1000 530 1026 et
546 994 755 1027 iniustitiam
774 1007 916 1028 sanans.

203 1044 276 1079 650
304 1044 424 1078 Unum
443 1043 511 1078 hoc
528 1051 670 1088 oportet
686 1051 718 1077 te
736 1043 825 1077 mihi
841 1046 928 1078 dare
946 1056 1011 1088 pro
1030 1057 1116 1078 uno.

251 1095 298 1128 Et
313 1096 494 1140 exposuit,
521 1102 559 1128 ut
577 1095 743 1128 convenit
759 1096 893 1129 amicos
911 1096 1033 1129 amicis
1045 1121 1054 1135 ‚

254 1146 392 1191 Corpus
408 1160 444 1180 re
464 1158 546 1179 vera
566 1146 648 1186 tibi,
675 1146 713 1178 in
730 1147 804 1180 acie
814 1147 858 1192 ¹¹)
879 1147 1066 1186 laborans,

256 1198 302 1230 Ut
318 1204 415 1230 tuam
432 1205 469 1231 tu
485 1197 660 1241 reciperes
678 1197 878 1241 coniugem.

253 1248 375 1281 Redde
391 1246 480 1281 mihi
496 1247 563 1281 hoc
574 1274 583 1288 ‚
612 1260 692 1281 cum
710 1248 796 1282 illud
811 1248 1006 1293 acceperIs,

203 1298 277 1333 655
304 1298 508 1339 Laborans,
534 1311 607 1333 uno
626 1299 683 1332 die
698 1311 764 1343 pro
786 1300 890 1334 nohis

253 1350 375 1390 Stans,
419 1356 458 1384 ut
484 1351 538 1394 sis⁴
560 1356 741 1390 servator,
784 1363 858 1384 non
890 1348 1042 1393 implens
1073 1348 1193 1381 decem

617 1413 742 1434 annos.

252 1451 352 1485 Aulis
371 1463 478 1497 quam
498 1452 632 1495 accepit
648 1452 829 1484 victimam
848 1463 949 1484 meae
967 1449 1120 1489 sororis,

253 1503 340 1536 Sino
364 1509 397 1535 te
423 1500 516 1535 hanc
538 1500 690 1541 habere,
727 1504 789 1535 sed
809 1502 1041 1535 Hermionem
1052 1500 1099 1547 ¹2)
1120 1512 1194 1533 non

620 1553 751 1586 occide.

255 1603 407 1647 Oportet
424 1609 476 1642 te,
504 1614 582 1635 cum
600 1603 664 1636 sim
681 1603 727 1635 ita
746 1602 991 1643 calamitosus,

204 1655 278 1688 660
305 1654 389 1687 Plus
407 1651 540 1686 habere
558 1660 593 1686 et
608 1667 664 1687 me
681 1655 882 1698 ignoscere;

254 1705 320 1738 Sed
337 1716 453 1737 meam
472 1704 582 1737 vitam
601 1706 644 1738 da
663 1705 792 1738 misero
810 1703 925 1748 patri,

251 1756 297 1790 Et
321 1768 421 1789 meae
446 1756 598 1796 sororis,
641 1768 732 1800 quae
756 1755 824 1789 fuit
846 1755 946 1798 virgo
971 1754 1081 1798 longo
1108 1760 1195 1787 tem-

611 1819 711 1850 pore.

253 1857 344 1891 Nam
361 1863 524 1890 mortuus
546 1857 746 1902 relinquam
766 1856 889 1889 orbam
909 1856 1056 1889 domum
1073 1857 1195 1900 patris.

255 1935 276 1947 ‚,
286 1908 406 1941 Dices:
435 1908 651 1952 impossibile
668 1914 718 1941 est
735 1906 803 1940 hoc
820 1906 948 1950 ipsum.
999 1906 1144 1941 Amicos

204 1957 278 1993 665
307 1959 491 2003 „Oportet
508 1971 611 2003 opem
627 1959 720 1992 ferre
737 1957 859 1991 amicis
878 1957 915 1990 in
933 1957 1156 2003 adversisw).

254 2036 276 2051 ‚,
288 2010 442 2055 Quando
460 2016 578 2043 autem
593 2022 649 2043 res
666 2015 749 2043 sunt
770 2009 963 2048 secundae,
997 2009 1083 2054 quid
1107 2021 1195 2054 opus

614 2067 666 2094 est
682 2058 884 2105 amicis¹⁴)?

257 2112 380 2151 „Satis
398 2117 447 2145 est
464 2110 538 2155 ipse
555 2110 651 2145 Deus
666 2111 788 2144 volens
807 2110 940 2143 iuvare.

254 2162 394 2196 Videris
413 2163 578 2195 omnibus
597 2162 741 2196 Graecis
759 2173 880 2194 amare
898 2159 1082 2203 coniugem
1095 2187 1105 2201 ‚

256 2213 354 2258 (Non
369 2214 448 2246 dico
468 2213 694 2246 simulatione
711 2212 895 2245 insinuans
912 2210 1004 2256 me‚)

242 2347 287 2373 10)
307 2346 478 2372 silentium..
491 2347 594 2376 oratio]
614 2348 664 2371 liae
683 2347 752 2370 duae
770 2352 852 2370 voces
872 2345 900 2369 in
913 2350 998 2375 marg.
1010 2344 1094 2369 Editt.
1110 2344 1196 2375 1558„

275 2380 351 2405 1562.
371 2384 435 2404 sunt
456 2382 598 2411 repetitae.

242 2422 287 2453 11)
309 2423 335 2446 in
353 2424 425 2452 acie]
445 2425 486 2447 sic
504 2424 587 2449 Editt.
604 2425 689 2454 1562„
709 2425 802 2454 Barn.,
821 2424 936 2453 Musgr..
957 2421 1032 2451 Fix.;
1052 2421 1101 2445 Ed.
1121 2421 1196 2444 ¹558.

273 2457 302 2481 in
320 2458 418 2487 clypeo
438 2458 544 2488 (Eurip.
564 2456 634 2489 παρ’
653 2455 780 2486 ιε’σπίδἿ.

241 2499 286 2531 12)
307 2500 496 2528 Hermionem]
527 2500 568 2523 sic
594 2500 678 2523 Editt.
699 2500 791 2529 1562„
822 2500 921 2529 Bar11.‚
952 2498 1077 2528 Musgr.;
1112 2497 1196 2521 Editt.

278 2534 369 2561 1558,
388 2534 447 2559 Fix.
468 2534 642 2557 Hermionen.

240 2577 287 2606 13)
305 2577 338 2600 H.
357 2577 375 2602 l.
395 2577 423 2600 in
441 2576 526 2600 Editt.
547 2577 637 2606 1558,
659 2577 733 2600 1562.
752 2578 818 2600 nota
836 2581 939 2606 marg.:
958 2575 1030 2598 Usus
1050 2573 1196 2598 amicitiae.

241 2619 286 2650 1⁴]
309 2619 375 2643 Huic
391 2619 486 2643 versui
505 2619 532 2642 in
547 2620 630 2644 Editt.
646 2620 736 2647 ¹558„
758 2620 831 2643 1562.
851 2619 877 2642 in
897 2624 984 2646 marg.
1004 2619 1071 2641 haec
1090 2616 1196 2640 adscri-

274 2656 322 2684 pta
339 2655 416 2677 sunt:
441 2654 526 2681 „Huc
543 2653 684 2683 posterius
703 2654 876 2683 reprehendit
891 2653 1057 2676 Aristoteles
1073 2652 1100 2676 8.
1117 2648 1196 2676 Eth.'’

278 2689 362 2714 (Vide
381 2688 497 2711 Aristot.
517 2688 606 2712 Eunic.
628 2688 728 2712 Nicon».
751 2688 822 2710 vm.
842 2694 864 2712 c,
882 2688 928 2715 1.).

1298 843 1395 876 Men.
1424 843 1585 883 Orestes,
1613 856 1677 888 ego
1697 856 1864 877 revereor
1883 850 1982 877 tuum
2000 849 2128 887 caput,

1298 892 1344 925 Et
1362 894 1444 926 volo
1464 894 1586 928 iuvare
1602 895 1638 927 in
1657 895 1760 928 malis
1784 895 1876 935 istis,

1299 942 1345 976 Et
1364 951 1506 988 oportet
1520 958 1575 978 me
1591 946 1639 979 sic
1658 952 1891 989 cognatorum
1910 945 2005 978 mala

1300 993 1412 1028 Simul
1429 996 1520 1029 ferre
1531 1023 1540 1036 ‚
1568 997 1597 1030 si
1613 996 1710 1031 Deus
1725 999 1787 1029 dat
1803 997 1896 1029 vires
1907 1023 1916 1035 ‚

1248 1042 1323 1078 685
1349 1045 1499 1080 Etiamsi
1516 1047 1560 1080 sit
1581 1048 1828 1087 moriendum,
1862 1054 1896 1079 et
1920 1044 2156 1079 interficiendi
2175 1044 2243 1076 ad*

1663 1098 1830 1135 versarii3
1865 1094 1870 1099 ’

1298 1145 1349 1177 Ut
1364 1147 1496 1189 possim
1513 1154 1650 1188 autem,
1678 1148 1712 1181 id
1730 1155 1811 1191 peto
1831 1147 1999 1192 consequi
2015 1158 2032 1179 a
2050 1146 2140 1180 Diis.

1298 1195 1414 1229 Venio
1432 1197 1526 1230 enim
1547 1195 1685 1231 hastam
1704 1210 1852 1231 vacuam
1870 1198 1955 1230 viris
1972 1197 2077 1230 sociis
2133 1201 2135 1203 ’

1299 1246 1443 1281 Habens
1455 1274 1465 1287 ,
1494 1260 1618 1282 errans
1638 1261 1655 1280 a
1674 1249 1794 1282 multis
1811 1247 2047 1290 laboribus¹⁵)
2059 1273 2069 1287 ‚

1301 1297 1389 1331 Cum
1401 1299 1534 1342 exiguis
1548 1299 1658 1343 copiis
1669 1299 1890 1345 reliquorum
1906 1297 2022 1332 adhuc
2033 1297 2243 1331 amit-‚orum-

1249 1347 1324 1382 690
1353 1349 1582 1393 „Pugnando
1599 1362 1673 1383 non
1689 1363 1877 1394 possumus
1892 1361 2061 1394 superare

1301 1399 1521 1444 „Pelasgum
1537 1402 1669 1445 Argos;
1696 1402 1757 1434 sed
1775 1407 1814 1434 ut
1830 1401 1998 1434 mollibus
2012 1398 2130 1433 verbis

1300 1450 1531 1491 „Possimus,
1559 1464 1599 1484 eo
1618 1452 1692 1495 spei
1710 1451 1828 1485 venio.

1299 1500 1423 1540 „Nam
1443 1503 1625 1547 quomodo
1645 1502 1762 1546 capiat
1778 1501 1906 1547 aliquis
1920 1512 2049 1544 magna
2071 1499 2195 1548 parvis

1300 1577 1321 1590 „
1331 1551 1554 1586 Laboribus?
1583 1554 1729 1587 stultum
1748 1559 1799 1586 est
1813 1550 1882 1585 hoc
1898 1552 1999 1585 velle.

1251 1599 1327 1636 695
1355 1603 1540 1647 „Quando
1559 1605 1653 1637 enim
1672 1603 1842 1649 turgetffi)
1858 1603 2011 1647 populus
2030 1601 2190 1634 incidens
2205 1600 2243 1632 in

1662 1654 1754 1687 iram
1771 1654 1817 1699 ¹⁷)
1829 1680 1838 1692 ,

1301 1703 1485 1743 „Perinde
1521 1717 1595 1737 non
1628 1711 1745 1749 potest
1787 1704 1945 1748 extingui
1979 1709 2019 1736 ut
2051 1701 2243 1735 vehemens

1660 1755 1770 1799 ignis;

1302 1804 1369 1844 „Si
1394 1811 1510 1838 autem
1528 1806 1685 1839 molliter
1700 1806 1828 1851 aliquis
1845 1805 1876 1838 ei
1894 1805 2037 1837 incenso

1301 1855 1474 1895 „Laxans
1492 1857 1603 1897 cedit,
1632 1858 1831 1900 observans⁴
1843 1863 2000 1900 tempus,

1301 1906 1506 1947 „Fortassis
1523 1905 1677 1941 exhalet:
1705 1914 1794 1947 tum,
1816 1908 1962 1952 quando
1979 1903 2156 1938 remiserit
2172 1902 2243 1947 spi-

1657 1958 1765 1991 ritum
1778 1984 1787 1998 ‚

1250 2007 1325 2040 700
1354 2007 1558 2054 „Possis¹⁸)
1574 2020 1615 2041 eo
1629 2009 1681 2042 uti
1693 2035 1702 2049 ‚
1730 2014 1904 2054 quantum
1921 2006 2020 2040 velis.

1299 2058 1363 2091 Est
1379 2059 1416 2091 in
1433 2071 1474 2092 eo
1494 2059 1675 2092 miseratio
1687 2086 1696 2099 ‚
1722 2066 1773 2092 est
1791 2065 1825 2092 et
1842 2070 1969 2102 magna
1988 2054 2191 2094 iracundia,

1299 2109 1444 2153 Optima
1462 2121 1517 2142 res
1536 2111 1739 2143 observanti
1757 2117 1932 2154 tempora.

1298 2159 1440 2194 Vadens
1459 2161 1631 2205 Tyndaro
1642 2161 1686 2207 ¹⁹)
1707 2162 1864 2194 conabor

1286 2306 1331 2333 15)
1352 2310 1449 2328 errans
1464 2310 1480 2326 a
1493 2304 1586 2327 multis
1598 2303 1752 2331 laboribus]
1766 2301 1995 2332 sicEditt.1562.,
2010 2302 2104 2331 Βία-ιι,
2116 2302 2240 2331 Musgr.;

1318 2339 1368 2363 Ed.
1385 2339 1457 2362 1558.
1478 2343 1575 2361 errans
1595 2338 1686 2361 inultis
1705 2336 1852 2360 laboribus

1285 2382 1330 2414 16)
1353 2381 1466 2411 Quando
1486 2381 1555 2404 enim
1575 2382 1681 2410 turget]
1707 2381 1748 2403 sic
1772 2380 1855 2403 Editt.
1875 2379 1965 2403 ¹562..
1996 2378 2095 2407 Bam,
2122 2378 2241 2415 {Husgr„

1318 2417 1396 2444 Fix.;
1422 2416 1470 2438 Ed.
1492 2416 1567 2439 ¹55³.
1588 2416 1700 2444 Quando
1720 2415 1802 2445 viget.
1822 2412 1931 2445 (Eurip.
1945 2409 2030 2436 Ὀῐαν
2047 2410 2102 2443 yolo
2120 2411 2198 2444 ηβᾷ).

1286 2460 1332 2488 17)
1352 2460 1419 2483 Huic
1444 2458 1538 2482 versui
1564 2458 1591 2481 in
1617 2458 1699 2481 Editt.
1721 2458 1812 2487 1553,
1844 2456 1917 2480 1562.
1944 2456 2070 2486 apposita
2101 2456 2145 2479 est
2174 2455 2241 2479 nota

1319 2500 1424 2524 marg.:
1450 2492 1545 2522 Populi
1564 2493 1652 2517 furor.

1285 2537 1332 2564 18)
1351 2534 1493 2560 Fortassis
1508 2534 1632 2558 exhalet:
1651 2535 1725 2563 tum,
1744 2532 1850 2563 quando
1869 2530 2006 2554 remiserit
2020 2531 2157 2561 spiritum,
2169 2530 2240 2554 Pos-

1318 2569 1371 2602 sis]
1394 2570 1435 2593 sic
1453 2569 1536 2592 Editt.
1558 2569 1647 2597 1562,
1668 2569 1765 2597 Barn.;
1790 2567 1838 2590 Ed.
1861 2566 1934 2589 1558.
1954 2565 2098 2589 Fortassis
2120 2565 2240 2589 effundet

1318 2606 1456 2632 furorem,
1475 2603 1581 2632 quando
1605 2602 1744 2625 remiserit
1762 2602 1905 2631 impetum,
1930 2601 1965 2623 Ut
1983 2600 2075 2630 possis

1286 2649 1331 2675 19)
1351 2647 1496 2677 Tyndaro]
1514 2646 1554 2668 sic
1572 2645 1655 2668 Editt.
1677 2645 1766 2668 1558..
1786 2645 1910 2673 Μιιεζικ,
1937 2643 2013 2674 Ιῗίις
2051 2642 2132 2667 Editt.
2153 2641 2239 2671 1562„

1318 2683 1416 2706 Baru.:
1442 2680 1588 2710 Tyndareo
1615 2680 1699 2707 (conf.
1719 2686 1742 2709 p.
1759 2678 1818 2702 353.
1839 2680 1903 2703 nota
1918 2678 1986 2705 85).
