2373 2980
23 2495 25 2513 55
9 2450 25 2458 1

120 60 194 97 985
596 57 699 92 LXX.
752 55 1151 91 INTERPRETATIO
1184 54 1408 90 HELENAE
1443 53 1692 94 EURIPIDIS.
2093 51 2167 86 986

173 145 301 187 „Nihil
321 153 370 180 est
388 145 509 178 utilius
525 141 800 191 l1ominibus⁷⁷).
1226 145 1372 178 Gemini.
1416 139 1550 175 Cohibe
1581 141 1690 181 iram,
1733 155 1801 186 qua
1829 153 1902 173 nou
1927 146 2018 173 recte
2047 138 2169 171 incita-

1146 152 1147 166 1

123 198 221 234 1635
249 201 346 234 Ghor.
378 197 574 241 Nunquam
595 197 763 239 putabam
783 208 899 242 neque
918 202 970 235 te,
1005 207 1120 239 neque
1146 180 1148 246 J
1585 200 1640 227 tus
1660 205 1694 227 es
1707 219 1716 232 ,

540 259 605 280 nos
621 248 694 280 falli
716 260 836 292 posse,
1146 260 1148 278 ι
1225 243 1385 290 Theocl)
1390 258 1512 285 mene,
1540 257 1601 278 rex
1619 243 1724 278 huius
1742 250 1826 277 term
1829 257 1870 278 ..e
1924 245 2069 280 Gemini

171 302 204 335 O
226 313 308 340 rex,
345 301 442 345 quod
461 299 646 332 Menelaus
672 300 828 339 adesset,
865 304 898 331 et
920 309 993 331 non
1017 297 1120 331 resci-
1145 296 1275 330 :1660
1304 296 1396 330 onis
1414 297 1475 329 filii
1496 309 1579 330 xoca
1586 308 1686 336 mur,
1715 308 1804 341 quos
1823 295 1919 329 Leda
1940 299 2026 331 olim

539 361 728 384 scm-emus,
1146 336 1148 394 1
1224 348 1388 391 Peperit,
1417 354 1448 380 et
1468 348 1662 387 Helenam,
1699 360 1790 393 quae
1805 347 1895 391 sugit
1911 361 1952 383 ex
1970 357 2030 383 tua
2049 350 2169 382 domo.

174 405 303 438 Theocl.
333 402 366 436 O
384 415 440 436 me
462 402 632 435 miserum
645 427 654 441 ,
682 402 870 446 deceptum
888 399 1120 434 muliebribus
1146 396 1148 427 l
1225 397 1390 432 Irasceris
1405 406 1554 443 propter
1568 398 1712 443 nuptias
1724 425 1733 439 ,
1762 411 1835 431 non
1850 400 2044 435 destinatas
2058 401 2144 434 fato.

536 452 709 486 artificiis!
1146 430 1148 487 1
1225 449 1350 495 Neque
1369 451 1483 494 puella
1503 457 1585 483 nata
1602 462 1643 483 ex
1659 449 1734 483 Dea
1753 450 1926 493 Nereide,

170 506 322 550 Elapsae
347 511 430 539 sunt
452 501 541 537 thi
565 503 712 548 nuptiae
738 504 829 537 illae.
881 502 926 536 Et
949 502 978 536 si
1003 508 1122 546 posset
1146 541 1148 551 ⁴
1226 499 1423 542 Theonoe,
1451 514 1554 535 soror
1572 508 1652 541 tua,
1680 501 1745 533 tibi
1761 502 1845 535 facit
1859 504 2050 546 iniuriam,
2079 517 2169 550 quae

536 555 615 599 capi
1585 553 1638 586 ius
1654 552 1815 586 divinum

171 608 281 643 Navis
307 607 576 653 persequendo,
620 605 689 639 cito
724 605 920 649 reciperem
949 617 988 638 ac
1013 604 1121 637 inter·
1178 601 1276 636 1665
1302 603 1497 641 Praetulit,
1526 610 1558 636 et
1574 605 1742 636 mandata
1762 605 1851 638 iusta
1868 607 1990 650 patris.

535 658 677 690 ficerem
695 655 865 701 hospites.
1146 657 1148 702 1
1226 653 1320 687 Num
1338 666 1478 698 semper
1497 655 1675 698 praesenti
1694 661 1856 699 tempore

124 710 221 745 1640
247 711 351 745 Nunc
366 709 516 743 ulciscar
533 721 694 742 sororem
706 735 715 748 ,
745 720 836 753 quae
850 719 907 740 me
925 705 1104 750 prodidit,
1147 705 1148 709 ’
1226 703 1326 737 Illam
1344 705 1381 738 in
1398 711 1456 738 tua
1476 706 1585 738 domo
1604 703 1767 739 habitare
1784 708 1967 751 oportuit?

172 762 274 808 Quae
291 762 414 795 videns
429 761 636 794 Menelaum
659 760 696 792 in
721 761 830 793 domo
843 787 851 799 ,
888 770 961 791 non
987 757 1121 790 indica·
1226 755 1301 789 lmo
1320 763 1511 802 postquam
1529 756 1639 790 Troia
1659 764 1710 790 est
1729 769 1870 798 eversa,

536 813 586 844 vit
610 809 710 843 mihi.
1147 806 1149 816 ’
1226 807 1272 841 Et
1286 809 1452 852 praebuit
1468 821 1602 841 nomen
1618 807 1696 842 Diis
1708 835 1717 848 ,
1744 821 1819 842 non
1837 810 1989 854 amplius

171 865 366 910 Nunquam
384 864 493 897 alium
514 862 667 905 decipiet
688 860 877 894 vaticiniis.
1179 859 1276 893 1670
1305 859 1438 893 Debuit
1456 860 1493 892 in
1513 861 1638 893 eodem
1657 861 1837 893 connubio
1857 860 1976 894 iuncta
1997 876 2089 903 esse,

171 917 270 951 Ghor.
299 915 395 949 Heus
414 922 471 956 tu,
498 926 569 960 quo
589 914 658 946 fers
674 913 823 957 pedem,
851 924 871 945 o
889 911 1048 951 domiue,
1077 912 1121 943 ad
1226 911 1271 943 Et
1288 912 1405 944 redire
1426 913 1593 951 domum,
1622 918 1653 944 et
1674 910 1836 944 habitare
1855 925 1933 946 cum
1954 916 2096 949 maritO.

546 976 654 1010 quam
676 962 849 998 caedem?
1148 966 1149 988 ἲ
1226 962 1374 996 Abstine
1392 975 1410 995 a
1428 975 1552 996 sorore
1568 969 1628 996 tua
1644 963 1786 1007 nigrum
1806 964 1982 1007 gladium;

175 1019 303 1053 Theocl.
349 1017 429 1063 Quo
468 1029 523 1050 me
557 1016 612 1050 ius
638 1015 754 1053 iubet;
800 1026 923 1048 verum
954 1013 1121 1047 discedite
1148 1021 1149 1027 ¹
1226 1013 1398 1048 Existima
1420 1026 1496 1047 eam
1516 1015 1660 1047 moder
1655 1021 1699 1047 te
1717 1012 1805 1048 haec
1820 1015 1954 1050 fecisse.

538 1079 556 1100 a
581 1079 652 1101 me,
1148 1079 1149 1084 ¹
1227 1064 1300 1098 [am
1319 1066 1404 1099 olim
1424 1073 1457 1099 et
1474 1067 1572 1110 ptius
1592 1078 1670 1100 serv
1675 1067 1812 1100 avimus
1832 1080 2014 1109 sororem,

124 1119 221 1155 1645
249 1122 346 1155 Glzor.
375 1120 457 1153 Non
478 1118 657 1152 dimittam
674 1123 774 1150 tuam
794 1124 942 1155 veste1n;
985 1116 1149 1149 moliris
1178 1115 1276 1151 1675
1302 1117 1501 1163 Postquam
1518 1116 1652 1162 Iupiter
1669 1118 1751 1150 fecit
1767 1131 1833 1152 nos
1850 1119 1967 1162 Deos,

531 1180 661 1211 magna
677 1168 784 1202 mala.
1147 1157 1149 1207 i
1225 1168 1270 1201 Et
1287 1176 1408 1202 tamen
1425 1182 1546 1204 sumus
1567 1169 1754 1204 inferiores
1772 1169 1876 1205 simul
1893 1178 1926 1204 et
1943 1172 2017 1206 fato
2029 1200 2037 1212 ,

176 1222 305 1257 Theocl.
336 1220 392 1253 An
412 1227 449 1253 tu
469 1220 617 1253 domino
645 1218 858 1263 imperabis,
895 1231 973 1252 cum
999 1231 1121 1252 servus
1148 1219 1149 1278 1
1226 1220 1272 1254 Et
1289 1220 1386 1259 Diis,
1414 1221 1542 1266 quibus
1557 1219 1643 1254 haec
1660 1221 1774 1255 visum
1794 1230 1843 1257 est
1859 1223 1907 1257 sic
1926 1224 2053 1259 debere
2071 1236 2153 1257 esse.

535 1270 606 1304 sis?
660 1272 758 1306 Ghor.
785 1270 907 1303 Sentio
928 1277 1033 1304 recte.
1148 1287 1149 1290 ¹
1228 1272 1323 1305 Haec
1341 1272 1405 1305 tibi
1423 1273 1521 1311 ‹lic03
1552 1274 1611 1307 sed
1631 1272 1713 1313 tibi,
1742 1286 1862 1314 soror,
1891 1275 1993 1317 dico,

177 1325 305 1358 Theocl.
340 1324 421 1358 Nou
447 1323 559 1367 sapis,
594 1321 662 1355 nisi
688 1334 743 1355 me
769 1322 887 1355 sinens
898 1321 956 1367 78).
1023 1324 1121 1356 Chor-
1148 1359 1149 1371 2
1228 1324 1275 1357 Ut
1300 1324 1444 1368 naviges
1470 1337 1549 1357 cum
1575 1324 1705 1358 marito
1731 1331 1805 1360 tuo.
1872 1327 2031 1362 Surrexit
2054 1338 2175 1361 secun-

543 1373 625 1406 Non
647 1373 879 1406 dimittemus.
1147 1375 1149 1401 ἶ
1589 1378 1654 1410 dus
1671 1376 1791 1411 flatus:

177 1426 306 1459 Theocl.
344 1424 391 1457 Ut
422 1424 633 1456 interficiam
662 1436 778 1457 meam
808 1424 996 1468 pessimam
1022 1435 1121 1457 soro·
1148 1443 1149 1457 2
1179 1425 1276 1460 1680
1304 1426 1377 1460 Νο5
1395 1434 1593 1461 servatores
1614 1428 1747 1472 gemini
1762 1429 1890 1465 fratres
1909 1432 1979 1472 tui,

528 1487 616 1509 rem.
669 1477 767 1510 Ghor.
796 1474 871 1508 Imo
889 1475 1100 1519 piissimam.
1226 1477 1438 1522 Equitantes
1455 1478 1546 1511 circa
1565 1491 1664 1512 mare
1676 1506 1684 1519 ‚
1706 1480 1887 1516 mittemus
1905 1490 1937 1517 te
1956 1484 1991 1516 in
2009 1483 2175 1527 patriam.

177 1528 307 1561 Theocl.
352 1526 454 1571 Quae
480 1538 535 1558 me
562 1526 748 1570 prodidit?
828 1528 925 1562 Glmr.
964 1526 1120 1560 Honesta
1149 1564 1150 1576 1
1228 1528 1295 1562 Sed
1313 1530 1458 1574 quando
1471 1530 1656 1564 ‘laborabis
1675 1537 1709 1564 et
1727 1532 1912 1575 morieris,

535 1577 759 1621 proditione,
788 1578 953 1611 faciendo
973 1578 1075 1612 iusta.
1148 1581 1150 1620 f
1226 1579 1420 1615 Vocaberis
1440 1580 1536 1622 Dea,
1567 1589 1601 1616 et
1618 1595 1695 1616 cum
1714 1582 1807 1618 Iovis
1825 1586 1905 1620 filiis
1930 1585 2079 1631 geminis
2103 1587 2173 1618 fra-

125 1628 222 1664 1650
254 1630 382 1664 Theocl.
412 1630 514 1674 Quae
532 1641 648 1662 meam
669 1629 857 1673 coniugem
877 1630 978 1662 alteri
1001 1630 1122 1663 dedit?
1587 1634 1700 1668 trihus
1724 1636 1794 1669 tuis

536 1681 634 1714 Cher.
660 1680 833 1715 Domino.
1228 1682 1412 1728 Particeps
1435 1684 1502 1718 eris
1525 1685 1802 1727 sacrificiorum,
1846 1695 1877 1721 et
1909 1688 2107 1722 oblationes
2132 1688 2175 1720 ab

179 1734 308 1768 Theocl.
342 1732 399 1766 An
426 1732 615 1777 quisquam
639 1738 690 1766 est
712 1744 875 1766 mearum
906 1745 1026 1767 rerum
1059 1735 1121 1767 ‹lo-
1590 1734 1797 1772 hominibus

535 1783 679 1817 minus?
1149 1777 1150 1786 ἵ
1180 1783 1277 1819 1685
1303 1785 1498 1821 Nobiscum
1518 1788 1685 1833 accipies;
1711 1801 1793 1822 nam
1814 1790 1947 1836 Iupiter
1964 1791 2013 1824 ita
2031 1791 2117 1826 vult.

178 1837 275 1872 Ghor.
305 1834 385 1876 Ille,
415 1834 477 1880 qui
493 1835 629 1879 accepit
646 1837 762 1868 eam'a
782 1841 894 1880 patre.
1147 1826 1150 1911 1
1226 1837 1351 1883 Neque
1361 1838 1406 1885 ⁷⁹)
1426 1840 1609 1874 constituit
1628 1847 1660 1874 te
1680 1841 1836 1885 primum
1855 1842 2073 1883 Mercurius,

177 1888 307 1922 Theocl.
333 1886 378 1919 At
396 1887 537 1920 fortuna
562 1887 660 1919 dedit
686 1884 786 1920 mihi.
850 1888 944 1922 Char.
982 1887 1048 1920 Sed
1072 1888 1121 1919 fa-
1226 1888 1401 1924 Auferens
1420 1903 1437 1924 e
1457 1891 1606 1936 Spartae
1625 1893 1734 1926 domo
1754 1893 1791 1926 in
1808 1895 1968 1935 coelum,

539 1944 614 1971 tum
640 1938 797 1972 abstulit.
1226 1940 1299 1974 Fur
1302 1947 1379 1975 atus
1395 1948 1495 1976 tuum
1514 1955 1664 1989 corpus,
1691 1956 1735 1978 ne
1753 1945 1855 1980 Paris
1871 1947 2016 1980 duceret
2032 1952 2076 1979 te.

177 1991 306 2024 Theocl.
336 1989 392 2022 Tu
410 2000 482 2021 non
500 1990 605 2023 debes
621 2002 718 2023 meas
735 2001 791 2022 res
812 1988 980 2023 iudicare.
1023 1991 1120 2024 Chor.
1225 1991 1354 2025 Ordin¹
1348 1999 1402 2026 ¹=ta
1421 1994 1458 2027 in
1474 1995 1594 2029 littore
1609 1993 1810 2045 Phruriiffi)
1839 1998 2009 2056 (insulam
2024 1997 2122 2043 dico)

531 2040 567 2073 Si
585 2040 707 2074 dixero
725 2040 887 2073 meliora.
1180 2043 1275 2078 1690
1302 2044 1437 2078 Helena
1457 2044 1606 2091 posthac
1623 2049 1719 2092 apud
1737 2046 2161 2088 hominesinvocabitur,

176 2094 306 2127 Theocl.
337 2091 430 2136 Ergo
447 2103 511 2136 ego
528 2092 644 2125 servio
656 2119 665 2132 ,
692 2104 766 2125 non
785 2091 964 2124 dominor.
1146 2117 1147 2138 1
1223 2094 1420 2142 Postquam
1440 2105 1581 2142 accepta
1603 2106 1654 2132 est
1670 2100 1838 2134 abductio
1857 2107 1914 2134 tua
1936 2113 1976 2134 ex
1991 2101 2119 2139 domo,

174 2145 272 2180 Cher.
302 2142 464 2176 Defendo
482 2141 595 2183 hanc,
626 2143 711 2189 quia
728 2144 785 2188 pie
800 2143 892 2176 fecit.
1145 2182 1147 2193 ι
1221 2145 1268 2179 Et
1285 2148 1421 2181 erranti
1436 2149 1602 2183 Menelao
1621 2162 1639 2183 a
1659 2150 1737 2184 Diis

123 2194 220 2230 1655
251 2196 380 2230 Theocl.
409 2194 550 2229 Videris
566 2195 655 2228 velle
671 2195 834 2229 interfici.
890 2195 987 2229 ler.
1009 2192 1119 2226 Inter·
1144 2200 1146 2242 1
1222 2197 1346 2231 Fatale
1361 2207 1412 2233 est
1427 2198 1616 2234 habitare
1607 2213 1643 2233 in
1663 2200 1786 2236 insulis
1802 2202 2004 2235 fortunatis.

531 2247 614 2285 fice;
642 2259 802 2280 sororem
824 2253 922 2279 tuam
1144 2249 1146 2283 ἔ
1224 2248 1317 2289 „Dii
1345 2262 1418 2284 non
1437 2253 1591 2286 oderunt
1606 2264 1814 2310 generosos;

170 2300 252 2334 Non
269 2297 457 2332 interficies
472 2298 576 2332 nobis
592 2299 811 2338 volentibus,
839 2299 899 2332 Sed
916 2292 1146 2335 111θ·,,”Ρ10
1143 2309 1146 2389 1
1176 2299 1308 2341 1695,
1313 2301 1460 2341 ,Eorum
1478 2316 1574 2343 xem,
1603 2305 1664 2349 qui
1682 2304 1782 2338 nullo
1799 2315 1952 2337 numero
1971 2310 2065 2343 sunt,
2093 2317 2126 2336 m
2132 2316 2167 2337 a-

530 2349 686 2384 dominis
1588 2356 1638 2397 gis
1659 2362 1740 2389 sunt
1758 2356 1910 2388 labores.

168 2400 500 2441 „Honestissiiuuni
521 2408 571 2435 est
588 2402 767 2445 generosis
787 2401 895 2434 servis
915 2399 1019 2432 mori.
1178 2425 1240 2428 ξ
1255 2425 1310 2428 5-5
1301 2426 1341 2429 55
1348 2426 1382 2429 5-

1205 2475 1251 2507 79)
1271 2478 1379 2506 Χειμιο]
1405 2477 1445 2500 sic
1468 2478 1552 2501 Editt.
1576 2478 1665 2506 1558.,
1699 2479 1772 2504 1562.
1799 2481 1841 2508 (=
1872 2479 1954 2504 Editt.
1975 2481 2056 2506 nasu.
2079 2481 2164 2509 1551.,

1237 2512 1353 2543 Musgffi
1363 2508 1461 2541 οιῗδ’);
1493 2512 1576 2536 Editt.
1598 2514 1716 2539 recent.:
1746 2514 1797 2538 Ubi
1816 2520 1883 2537 vero
1904 2514 1949 2544 (τ-
1969 2515 2052 2540 Editt.
2072 2515 2163 2542 Bam,

151 2554 200 2582 77)
219 2553 251 2577 H.
270 2551 288 2574 1.
312 2550 339 2573 in
364 2548 412 2572 Ed.
434 2548 507 2571 1558.
534 2548 600 2571 nota
618 2552 722 2578 marg.:
758 2548 818 2572 Non
838 2546 919 2571 facile
938 2546 1034 2577 ubique
1053 2552 1115 2569 cre·
1236 2545 1296 2569 Fix.
1314 2544 1351 2569 Οὔ
1371 2544 1425 2577 δ’).

186 2587 311 2612 dandum.
1140 2616 1141 2621 ,
1201 2596 1250 2624 80)
1271 2595 1396 2624 Plu-urii]
1417 2595 1479 2619 huic
1503 2596 1606 2620 nomini
1631 2596 1658 2621 iu
1676 2604 1763 2630 marg.
1784 2599 1868 2624 Editt.
1894 2600 1985 2629 1558„
2012 2601 2086 2625 1562.
2112 2603 2162 2626 ad-

151 2638 200 2668 78)
220 2637 328 2664 sinens]
347 2633 387 2657 sic
404 2633 451 2657 Ed.
469 2632 559 2662 ¹558.;
584 2631 634 2656 Ed.
647 2631 722 2656 1562.
742 2631 851 2661 sinent5
880 2631 938 2655 Fix.
960 2630 1006 2661 (=
1020 2630 1112 2660 Eut-ip.
1236 2630 1341 2660 scripta
1361 2632 1404 2653 est
1424 2631 1491 2654 haec
1514 2632 1670 2657 annotatio:
1704 2634 1738 2657 ad
1757 2633 1900 2658 Parui-ium
1923 2635 2009 2660 locum
2028 2635 2055 2659 in
2073 2637 2162 2661 Laco-

187 2670 288 2699 ἒάσεις)
306 2670 391 2693 sines
1139 2690 1141 2695 ,
1234 2665 1311 2696 nica,
1337 2665 1381 2689 ubi
1400 2665 1542 2689 colebatur
1562 2665 1675 2690 Helena.
