2373 2980
190 93 262 128 735

236 179 350 225 0›·.³⁶)
387 179 520 224 Pylade
533 205 541 218 ,
583 178 638 211 dic
669 190 733 223 per
761 178 874 220 Deos,
917 180 1108 215 affectusne
1141 193 1177 216 es

599 229 688 263 sicut
714 229 803 273 ego?

238 283 309 325 Pyt.
338 281 483 319 Nescio,
512 280 710 324 interrogas
733 293 810 321 ine,
839 294 917 315 cum
945 294 1018 315 non
1044 283 1175 327 possim

595 332 822 375 respondere.
1203 361 1204 366 ,

185 383 257 416 660
286 382 399 426 Οικῧΰ)
427 382 527 426 Quae
545 388 595 414 est
614 380 719 421 haec,
748 394 838 428 quae
856 384 904 416 ita
921 384 1056 418 Graece
1202 386 1205 414 l

235 433 473 476 Interrogavit
490 444 555 466 nos
571 433 613 465 dc
634 433 726 466 bello
744 435 788 466 ad
806 434 955 467 Troiam

233 483 278 517 Et
294 485 337 517 de
353 484 572 517 Graecorum
591 485 708 517 reditu
720 511 729 525 ‚
757 492 790 518 et
807 487 850 518 de
871 492 949 519 vate

234 533 426 568 Calchante
439 562 448 575 ‚
476 541 511 567 et
529 535 572 568 de
587 534 750 569 Achille?
786 543 819 570 et
835 537 1002 571 miserum

232 587 540 629 Agamemnonem
575 599 683 632 quam
717 593 769 621 est
801 588 983 622 miserata!
1025 589 1177 621 interro-

598 638 694 681 gavit
714 651 770 671 me

185 688 257 723 665
287 688 338 721 De
356 700 465 721 uxore
483 695 518 721 et
533 688 653 723 liberis
673 689 758 723 eius.

233 740 295 773 Est
312 740 461 784 Argiva;
496 752 680 785 nunquam
706 741 799 774 enim

234 791 388 825 Litteras
404 791 560 824 mitteret
576 791 663 825 istuc
675 819 684 831 ‚
710 804 773 825 nec
792 798 1009 826 scrutaretur
1027 791 1133 831 haec,

234 843 426 887 Tanquam
444 844 489 875 ad
508 842 619 886 ipsam
638 850 832 886 spectaret,
864 855 942 876 cum
960 844 1064 887 Argis
1086 851 1177 876 recte

601 906 636 927 se
655 892 811 927 habeant
826 894 958 927 omnia.

233 946 309 988 Pyl.
334 944 537 977 Antevertis
555 957 610 977 me
623 971 632 984 ,
661 951 695 978 et
712 946 835 978 eadem
853 945 958 984 dicis,
987 957 1076 990 quae
1095 957 1157 988 ego
1171 972 1178 981 ,

184 996 257 1029 670
285 995 433 1028 Praeter
449 993 517 1028 hoc
533 1007 644 1028 unum
659 1009 664 1028 :
699 996 869 1040 „Regum
885 996 1026 1029 dolores

235 1046 401 1085 „Omnes
420 1052 572 1086 norunt,
600 1046 661 1091 qui
676 1048 903 1080 considerant
921 1059 991 1080 eos.

234 1097 299 1130 Sed
320 1103 353 1129 et
369 1097 463 1130 aliud
484 1097 655 1142 quiddam
676 1098 776 1131 dixit,

235 1151 292 1182 Or.
314 1148 434 1193 Quid?
462 1148 529 1187 dic,
549 1154 588 1181 ut
603 1148 778 1191 possimus
795 1147 921 1180 melius
936 1147 973 1179 in
990 1159 1178 1180 commum¹

596 1200 752 1245 colloqui
762 1199 821 1245 37).

232 1252 309 1294 Pyl.
337 1250 460 1294 Turpe
478 1257 547 1290 est,
577 1256 610 1283 te
628 1257 792 1290 mortuo,
821 1262 877 1282 me
897 1249 1027 1282 vivere.

186 1300 258 1336 675
287 1301 397 1342 „Una
418 1301 603 1345 navigavi,
631 1314 700 1335 una
721 1303 825 1335 etiam
846 1301 938 1333 mori
957 1305 1110 1344 oportet.

234 1353 380 1398 Alioqui
409 1365 577 1398 assequar
607 1354 739 1386 famam
770 1351 970 1386 timiditatis
1002 1357 1036 1384 et
1069 1349 1180 1394 turpi-

594 1405 727 1438 tudinis

234 1454 274 1487 In
291 1455 386 1499 Argo
406 1462 437 1489 et
455 1454 611 1489 Phocide
629 1456 760 1489 multos
777 1452 931 1488 habente
950 1465 1116 1487 recessus.

811 688 878 723 Ista
897 688 1037 735 hospita

290 1583 375 1606 Char.
400 1583 436 1604 're
455 1588 520 1604 vern
541 1584 652 1611 propter
671 1581 810 1605 fortunam
830 1581 950 1605 felicem.

290 1617 311 1640 O
331 1616 509 1639 adolescens.
1206 1586 1210 1643 l

289 1651 427 1676 Colimus,
454 1651 481 1673 in
502 1650 616 1680 patriam

291 1685 366 1714 Quod
386 1685 494 1707 tandein
517 1685 629 1708 redibis.

290 1720 350 1747 Pyt.
369 1719 507 1742 Invidiosa
526 1718 638 1744 amicis,
665 1717 843 1741 morientibus
863 1717 967 1741 amieis⁴

291 1754 375 1778 Chor.
397 1754 418 1777 Ο
437 1753 561 1776 infelicia
580 1758 676 1780 sacra,

288 1788 364 1811 Eheu
385 1787 467 1810 elien.
494 1787 643 1817 perdentia.

290 1823 346 1851 Ae,
366 1827 415 1847 ae,
440 1826 489 1847 ae,
516 1827 565 1849 ae,

292 1857 359 1879 Uter
378 1852 542 1879 cunctanti-⁴.2

291 1890 384 1913 Adhuc
403 1890 472 1912 enim
494 1889 616 1912 bifariam
1209 1887 1211 1921 j

292 1924 452 1947 Dubitauter
471 1924 560 1946 fertur
579 1923 703 1946 animus:

293 1959 330 1982 Te
348 1961 447 1981 autea.
473 1960 519 1980 aut
539 1958 570 1981 de
590 1958 737 1986 deplorabo
759 1952 898 1978 luctibus?
1209 1962 1213 2097 Ι

225 2001 274 2028 36)
295 2002 358 2029 01·.]
379 2001 406 2023 in
425 2000 473 2023 Ed.
494 2000 567 2023 1562.
589 2000 682 2023 omiss.

221 2044 267 2075 37)
289 2044 337 2069 Or.
356 2043 461 2073 Pylade
481 2055 513 2058 —
533 2042 659 2072 colloqui.
686 2040 740 2071 (vs.
757 2040 807 2064 657
820 2055 845 2059 -
858 2040 947 2069 6730]
970 2040 1008 2063 <ic
1029 2039 1075 2062 Ed.
1094 2039 1184 2069 1562.;

257 2078 306 2101 Ed.
325 2078 415 2101 ¹55³:

292 2114 340 2136 Or.
366 2113 388 2135 0
415 2111 551 2141 Pylades.
584 2110 698 2134 affectus
725 2116 755 2133 es
784 2109 876 2132 eodem
902 2109 978 2131 modo
1006 2115 1108 2131 nio-cum
1137 2114 1185 2137 poi·

605 2141 697 2167 oeus?

292 2180 352 2209 Pyl.
371 2179 485 2208 Nesci03
510 2179 668 2205 interrogas
689 2184 742 2201 non
761 2178 896 2201 valentem
917 2177 989 2206 loqui
1013 2183 1063 2200 me.

294 2215 342 2240 Or.
363 2215 500 2243 Quaenam
522 2217 563 2236 est
583 2214 648 2236 haec
667 2213 773 2242 puella.
803 2218 881 2241 quain
901 2211 1068 2235 Graecanico
1212 2239 1213 2245 ἵ

292 2248 479 2278 Interrogavit
498 2244 570 2271 nos?
596 2249 623 2270 et
642 2247 711 2276 apud
732 2247 807 2269 ilium
827 2247 952 2269 labores.

294 2283 475 2311 Reditumque
494 2282 677 2305 Graecorum.
705 2283 730 2304 et
749 2281 775 2303 in
795 2281 919 2306 auguriis
941 2280 1054 2309 peritum
1212 2253 1214 2309 l

294 2317 486 2341 Calchantem.
507 2318 533 2339 et
552 2316 666 2339 Achillis
686 2321 799 2343 nomen,
826 2316 852 2337 et
872 2314 1006 2337 infelicem
1212 2314 1214 2345 ξ

293 2353 521 2381 Agamemnonem
542 2351 673 2373 miserata
693 2347 757 2372 est?
792 2351 817 2372 et
838 2349 1022 2376 interrogavit
1042 2354 1082 2370 me
1213 2354 1214 2358 ¹

293 2386 412 2409 Uxorem
431 2387 456 2407 et
475 2385 555 2407 filios,
591 2385 643 2407 Est
663 2385 728 2406 luet·
751 2383 859 2412 hospita
881 2383 1027 2405 secundum
1049 2388 1133 2409 genus

294 2419 358 2442 Inde
378 2418 481 2449 Argiva
501 2419 648 2448 quaedam3
668 2423 803 2447 nunqnam
824 2417 891 2440 enim

294 2454 329 2477 Et
349 2453 493 2482 epistolam
512 2453 651 2479 mitteret,
676 2452 703 2474 et
723 2453 787 2474 haec:
806 2452 1049 2481 peremit-iuretur.

294 2487 331 2510 L't
350 2487 455 2516 publice
474 2488 539 2516 agat
557 2488 665 2514 Argos,
691 2491 725 2509 au
747 2487 813 2509 bene
831 2486 936 2509 habeat.
1214 2510 1215 2515 ¹

297 2521 357 2549 Pyt.
378 2521 549 2544 Praevenisti
569 2527 610 2543 nie
629 2521 783 2549 paulnlnm;
819 2521 883 2543 haee
909 2525 975 2542 vcro
995 2520 1123 2542 consulto
1145 2520 1187 2543 lo-
1214 2527 1215 2545 ς

610 2561 717 2583 quei-is.

300 2588 359 2612 Nisi
377 2594 465 2612 unum.
504 2589 635 2619 ..Regum
655 2589 725 2611 euim
743 2594 826 2611 casus

299 2623 432 2651 „Norunt
451 2628 560 2645 onmes.
588 2623 684 2652 quibus
706 2622 893 2644 consideratio
914 2622 1003 2651 aliqua
1024 2624 1073 2644 esti

303 2657 357 2680 Sed
376 2656 443 2679 dixit
463 2659 489 2679 et
508 2657 589 2679 alium
610 2662 762 2679 sermonem
783 2656 921 2685 quendam.
1214 2683 1215 2687 Ἰ

299 2691 346 2715 Or.
368 2687 473 2719 Quem?
502 2690 737 2714 ..communicans
758 2696 858 2713 meeum
879 2689 972 2712 melius
993 2689 1131 2714 didiceris.
1214 2690 1215 2714 i

768 91 889 128 PHIL.
924 93 1036 129 MEL.
1072 93 1274 134 SCRIPTA
1306 95 1644 135 PHILOLOGICA.

2156 105 2228 139 736

1281 184 1438 218 Videbor
1456 184 1576 218 multis
1594 183 1715 229 (multi
1734 184 1828 218 enim
1845 193 1927 220 sunt
1945 188 2064 233 mali),

1282 235 1334 269 Te
1357 235 1500 280 prodito
1513 262 1522 275 ‚
1549 236 1645 269 solus
1661 235 1806 270 rediisse
1823 237 1969 271 domum
1980 265 1989 279 ,

1232 286 1305 321 680
1331 286 1403 319 Aut
1419 287 1586 320 occidisse
1602 293 1634 319 te
1651 286 1687 319 iu
1707 287 1943 322 calamitatem
1962 290 2138 331 familiae,

1280 337 1325 369 Et
1341 337 1507 371 struxisse
1532 337 1715 371 interitum
1741 338 1806 372 tibi
1830 347 1977 384 propter
2001 348 2100 375 tuum
2127 343 2225 387 prin-

1648 389 1802 433 cipatum
1814 415 1824 429 ,

1282 440 1328 473 Ut
1345 441 1470 473 ducam
1490 446 1586 473 tuam
1604 452 1766 474 sororem
1787 441 1877 474 hene
1892 441 2077 477 dotatam*

1282 491 1376 524 Haec
1394 497 1535 531 metuo,
1563 497 1597 525 et
1615 489 1744 525 horum
1764 493 1891 536 pudet:

1282 541 1403 587 Itaque
1422 554 1562 576 necesse
1579 549 1630 576 est
1647 555 1702 576 me
1719 549 1834 576 tecum
1855 543 1969 584 mori,

1231 592 1305 626 685
1332 593 1377 626 Et
1395 606 1464 627 una
1482 593 1632 627 interfici
1652 600 1686 627 et
1703 606 1773 627 una
1792 595 1962 634 cremari,

1283 644 1371 678 Cum
1393 645 1521 678 fuerim
1547 645 1681 679 amicus
1713 652 1814 685 tuus,
1857 653 1891 678 et
1915 652 2071 680 metuam
2108 658 2226 691 repre-

1641 694 1849 730 hensionem
1860 696 1919 743 38).

1283 746 1395 793 ον.36)
1424 746 1525 780 Bona
1544 747 1670 786 verba3
1698 759 1776 780 mea
1794 747 1885 780 mala
1903 748 1995 781 serre
2014 755 2174 793 oportet:

1283 798 1371 831 Cum
1396 798 1528 842 possim
1553 799 1645 831 ferre
1668 798 1862 842 simplicem
1884 799 2119 840 moestitiam,
2152 812 2227 834 non

1639 851 1752 882 seram
1768 849 1959 893 geminam.

1283 900 1389 944 Quod
1407 900 1469 933 tibi
1488 900 1586 934 triste
1602 907 1641 945 et·
1651 901 1856 945 pudendum
1874 901 1978 941 dicis,

1234 950 1308 984 690
1336 951 1412 984 Hoc
1429 950 1518 984 mihi
1536 951 1688 991 accidet,
1723 952 1752 985 si
1772 958 1804 984 te
1820 952 1956 985 socium

1283 1001 1516 1040 Interfecero;
1557 1004 1652 1048 quod
1680 1004 1723 1035 ad
1751 1014 1808 1035 me
1832 1003 1977 1043 attinet,
2019 1001 2108 1036 nihil
2141 1004 2226 1036 mali

1641 1051 1728 1086 mihi
1748 1053 1894 1094 accidit,

1284 1102 1320 1135 Si
1339 1103 1484 1143 moriar,
1512 1116 1591 1138 cum
1609 1116 1773 1138 exercear
1789 1116 1807 1136 a
1826 1104 1919 1144 Diis,
1946 1105 2036 1139 sicut
2051 1117 2227 1140 exerceor.

1285 1154 1341 1187 Tu
1358 1167 1442 1187 vero
1460 1167 1494 1188 es
1512 1156 1634 1189 beatus
1646 1182 1655 1195 ‚
1682 1168 1746 1188 nec
1762 1153 1871 1189 habes
1888 1156 2061 1199 pollutam

1284 1205 1440 1238 Domum
1454 1219 1460 1243 ;
1481 1218 1544 1249 ego
1558 1218 1642 1239 vero
1659 1219 1736 1240 sum
1751 1207 1908 1250 pollutus
1925 1213 1959 1239 et
1975 1207 2227 1242 infortunatus.

1235 1254 1308 1290 695
1337 1256 1371 1289 Si
1390 1263 1426 1289 tu
1441 1257 1550 1290 fueris
1566 1263 1737 1297 servatus,
1755 1262 1789 1288 et
1805 1257 1936 1290 liberos
1953 1270 1994 1290 ex
2010 1269 2088 1290 mea
2105 1270 2227 1292 sorore

1286 1307 1539 1352 Consequeris‚
1567 1320 1674 1354 quam
1695 1307 1827 1341 tradidi
1843 1308 1906 1340 tihi
1923 1320 2090 1342 uxorem:

1285 1359 1447 1391 Manebit
1485 1372 1603 1393 ineuin
1638 1371 1772 1392 nomen
1786 1385 1795 1398 ‚
1847 1371 1962 1404 neque
1998 1360 2073 1393 sine
2107 1359 2229 1393 liberis

1648 1411 1775 1443 domus

1286 1460 1437 1492 Paterna
1456 1472 1533 1492 mea
1554 1461 1730 1493 delebitur
1745 1472 1918 1505 unquam.

1286 1511 1352 1543 Sed
1386 1512 1494 1551 vade,
1538 1518 1571 1544 et
1600 1511 1698 1551 vive,
1739 1517 1773 1543 et
1800 1509 1959 1544 inhabita
1993 1512 2139 1544 domum
2168 1524 2229 1555 pa-

1643 1568 1803 1601 ternam;

1238 1613 1310 1646 700
1337 1612 1475 1645 Etcum
1495 1613 1634 1647 veneris
1652 1613 1689 1646 in
1705 1612 1891 1646 Graeciam
1906 1639 1914 1652 ‚
1941 1618 1975 1645 et
2000 1613 2042 1645 ad
2068 1620 2228 1658 equestre

1647 1665 1762 1707 Argos
1773 1689 1782 1702 ‚

1287 1714 1457 1747 Olitestor
1473 1721 1506 1747 te
1523 1727 1587 1759 per
1602 1716 1721 1747 datam
1739 1714 1844 1746 fidem
1856 1739 1864 1752 ‚

1290 1765 1336 1797 Ut
1363 1766 1490 1799 excites
1506 1763 1602 1811 ‚Umihi
1627 1762 1873 1810 sepulchrum,
1910 1768 1944 1795 et
1966 1763 2131 1807 imponas
2154 1777 2230 1796 mo-

1645 1821 1816 1850 numenta
1834 1811 1936 1847 mihi.

1288 1866 1332 1899 Et
1349 1879 1452 1900 soror
1469 1867 1528 1900 det
1543 1864 1744 1913 lachrymas
1762 1873 1796 1900 et
1812 1876 1952 1899 comam
1969 1864 2125 1898 tumulo:

1288 1917 1333 1951 Et
1348 1918 1473 1951 nuntia
1485 1944 1494 1958 ‚
1523 1919 1705 1963 quomodo
1725 1930 1790 1962 ego
1807 1915 1975 1962 perierim
1993 1915 2037 1948 ab
2052 1915 2184 1959 Argiva

1239 1967 1312 2003 705
1342 1969 1511 2009 Muliere,
1538 1969 1628 2002 circa
1649 1982 1749 2002 aram
1768 1970 1906 2002 ablutus
1926 1968 1969 1999 ad
1988 1968 2141 2001 caedem.

1288 2020 1340 2054 Ne
1357 2022 1496 2054 deseras
1512 2019 1671 2066 unquam
1690 2032 1806 2054 mean]
1829 2031 1988 2053 sororem
2000 2045 2010 2057 ‚

1290 2071 1464 2105 Deserens
1485 2072 1692 2105 affinitatem
1714 2078 1747 2105 et
1766 2073 1911 2105 domum
1929 2076 2128 2114 paternam.

1272 2181 1320 2208 35]
1343 2181 1401 2209 Ρμῖ,
1421 2181 1510 2209 Turpe
1529 2194 1560 2198 —
1582 2180 1829 2210 reprehensionem.
1851 2176 2103 2207 (vs.674-—685.]]
2124 2177 2163 2199 sic
2182 2177 2230 2199 Ed.

1311 2215 1401 2242 1562.;
1429 2214 1476 2237 Ed.
1495 2214 1584 2238 1558.:

1344 2249 1402 2276 Pyt.
1421 2248 1537 2277 „Turpe
1556 2250 1614 2275 est,
1634 2250 1739 2271 mortuo
1759 2249 1801 2272 te.
1826 2253 1877 2270 nos
1897 2246 2000 2270 vivere.

1343 2282 1532 2313 „pariterque
1550 2282 1696 2312 navigavi,
1722 2282 1830 2310 oportet
1849 2287 1890 2304 me
1911 2281 1992 2304 etiam
2012 2279 2115 2309 pariter
2135 2279 2210 2303 mori.

1342 2317 1466 2343 „Notam
1486 2316 1639 2339 timiditatis
1659 2316 1729 2339 enim
1749 2317 1776 2337 et
1799 2315 1927 2345 ignaviae
1948 2319 2143 2343 comparavero

1343 2352 1376 2374 Et
1395 2350 1497 2381 Argis.
1524 2350 1755 2379 Phocensiuinque
1778 2350 1802 2372 in
1824 2350 1946 2372 montosa
1967 2350 2051 2371 terra.

1344 2385 1463 2407 Videbor
1482 2385 1626 2414 praeterea
1647 2384 1783 2413 plerisque
1808 2384 1944 2413 (plerique
1964 2383 2032 2405 enini
2053 2382 2197 2411 improbi),

1343 2419 1455 2442 Prodito
1475 2420 1520 2442 te.
1545 2419 1652 2441 sei-vari
1673 2424 1712 2441 ine
1732 2419 1820 2441 solum
1840 2418 1873 2440 ad
1891 2418 2049 2440 facultatem
2069 2416 2179 2443 domus,

1343 2454 1396 2476 Aut
1415 2452 1495 2475 etiam
1516 2455 1627 2481 perat-ta
1645 2453 1727 2475 caede
1746 2453 1779 2475 ad
1799 2452 1926 2475 afssiotam
1946 2451 2093 2474 familiam.

1343 2486 1495 2510 Consuisse
1513 2487 1623 2510 caedem
1642 2487 1706 2512 tihi,
1731 2489 1843 2516 propter
1861 2488 1935 2508 tuum
1953 2485 2111 2514 imperium.

1344 2521 1411 2544 Cum
1431 2520 1538 2548 integra
1556 2521 1725 2544 haereditate
1743 2523 1838 2550 utpote
1856 2522 1929 2543 tuam
1949 2524 2073 2542 sororem
2092 2518 2202 2542 ducenS.

1345 2555 1417 2577 Haec
1440 2554 1524 2585 igitur
1544 2557 1649 2578 metuo.
1678 2556 1704 2578 et
1723 2555 1817 2578 horum
1836 2560 1878 2577 nie
1898 2554 1985 2583 pudet.

1344 2589 1435 2617 Reque
1461 2592 1519 2611 est.
1557 2589 1627 2618 quod
1654 2595 1706 2612 non
1733 2594 1846 2618 aequum
1878 2588 1915 2611 sit
1945 2593 1999 2611 una
2031 2589 2118 2610 tecum
2153 2586 2230 2615 expi-

1434 2649 1436 2653 ‚
1651 2629 1713 2646 rare
1733 2629 1790 2646 me.

1344 2657 1378 2679 lit
1399 2662 1452 2679 una
1472 2657 1602 2680 mactari.
1627 2660 1652 2680 et
1673 2656 1841 2680 coin-remari
1862 2662 1992 2684 corpore.

1345 2692 1493 2714 ..Amicum
1513 2691 1691 2719 existenti-m,
1720 2694 1746 2714 et
1765 2693 1927 2714 mituentem
1948 2689 2091 2713 infamiam.
