2373 2980
219 111 294 149 519

271 197 388 243 Quam
407 210 529 232 recens
548 198 618 231 iam
638 196 768 242 reliqui
787 196 822 229 in
843 195 908 230 hac
926 197 1019 236 luce;

268 249 350 284 Nou
369 249 480 282 multo
499 255 579 281 ante
595 249 800 281 intuebatur
816 245 906 281 lianc
924 249 1050 283 lucem.

271 300 365 345 Quid
385 300 508 333 accidit
527 299 581 332 ei?
610 299 792 345 quomodo
812 299 941 343 periit?

219 350 295 385 910
321 351 446 389 Pater,
475 351 555 384 volo
575 363 616 383 ex
634 356 665 382 te
682 350 804 383 audire

269 401 460 446 Tacitum).
513 401 700 435 Silentium
718 399 807 434 nihil
826 402 969 446 prodest
983 401 1020 434 in
1039 401 1152 435 malis.

270 452 340 485 Cor
356 453 502 496 cupiens
521 452 640 485 omnia
658 453 780 486 audire
792 479 800 492 ,

266 501 555 547 Deprehenditnr
572 503 749 538 curiosum
768 516 839 537 esse
860 503 894 535 in
913 503 1027 536 malis.

267 554 349 588 Non
376 561 493 587 tamen
517 555 658 594 amicis,
701 561 760 587 aut
790 555 818 588 si
851 555 934 599 quid
960 554 1071 597 magis
1100 565 1206 598 quani

631 605 754 639 amicis
766 632 774 645 ‚

217 655 290 690 915
319 655 506 689 occultare
528 663 579 690 est
602 656 753 696 iustum,
798 669 818 689 o
844 662 964 700 pater,
1009 662 1087 688 tuas
1118 654 1208 687 cala-

629 708 781 741 mitates.

273 760 367 792 Thes.
397 757 429 791 O
446 770 553 803 quam
579 758 614 791 in
638 759 757 792 multis
780 759 884 791 relius
911 763 1069 791 errantes
1092 754 1206 789 homi-

626 821 687 842 nes
713 810 861 849 frustra,

269 859 340 892 Cur
357 866 428 892 tani
447 859 574 892 multas
591 867 683 894 artes
693 860 737 904 G⁵)
755 861 906 899 docetis,

266 910 313 943 Et
332 911 451 942 omnia
468 909 723 943 machinamini
742 918 775 944 et
792 907 1016 955 excogitatis,

266 961 386 994 Unum
405 972 476 994 non
493 961 587 995 scitis
602 973 716 1006 neque
733 961 916 996 invenistis

216 1012 289 1048 920
318 1012 474 1052 Docere,
503 1014 685 1057 quomodo
705 1013 863 1056 sapiant,
891 1011 953 1058 qui
976 1021 1051 1042 non
1075 1006 1208 1041 habent
1233 1037 1236 1056 Ι

631 1070 799 1097 mentem.
1233 1062 1237 1120 fi

264 1115 366 1157 Hipp.
387 1113 559 1158 Magnum
579 1115 762 1147 doctorem
780 1115 878 1154 dicis,
902 1113 962 1159 qni
977 1113 1067 1146 bene
1085 1122 1208 1154 sapere
1234 1121 1237 1153 ς

265 1165 400 1199 Stultos
417 1177 540 1209 cogere
559 1172 689 1210 posset.

266 1216 334 1249 Sed
350 1228 425 1249 non
443 1223 647 1261 opportuno
665 1223 825 1261 tempore
843 1215 1021 1260 disputas,
1049 1219 1170 1258 pater,

264 1267 408 1307 Metuo,
433 1280 477 1300 ne
494 1274 552 1301 tua
573 1268 694 1312 lingua
714 1268 857 1301 excedat
874 1267 910 1299 in
926 1265 1040 1299 malis.

216 1316 290 1354 925
316 1320 412 1353 Thes.
432 1318 522 1360 Heu,
551 1320 740 1364 oportebat
755 1317 961 1352 hominibus
979 1323 1101 1350 notam
1122 1313 1208 1346 ami-

629 1383 753 1403 corum

267 1420 493 1454 Manifestam
526 1421 683 1467 aliquam
719 1433 812 1462 esse,
853 1427 886 1454 et
916 1417 1207 1452 diiudicationem
1234 1428 1238 1478 Ι

628 1473 778 1513 mentis,

267 1521 437 1567 Quisquis
454 1534 562 1556 verax
578 1523 641 1564 sit,
669 1530 730 1557 ant
745 1535 818 1556 non
837 1522 970 1555 amicus
987 1519 1031 1554 sit
1041 1517 1097 1565 66).

265 1573 312 1606 Et
330 1586 453 1606 omnes
467 1571 631 1608 homines
651 1575 827 1619 duplicem
842 1585 966 1605 vocem
984 1569 1133 1604 habere:

266 1624 384 1658 Unam
403 1637 584 1665 veracem,
613 1626 760 1659 alteram
779 1625 1082 1671 qualemcunque,

215 1675 290 1710 930
318 1676 384 1715 Ut,
413 1688 503 1720 quae
519 1677 750 1717 mentiretur,
777 1673 997 1720 deprehendi
1014 1669 1184 1717 possetffi)

266 1728 299 1760 A
315 1727 404 1760 iusta
417 1753 426 1766 ‚
453 1739 568 1772 neque
586 1729 842 1772 deciperemur.

267 1780 369 1821 HIpp.
405 1777 440 1811 Si
472 1779 550 1823 quis
580 1791 636 1812 me
668 1780 763 1823 apud
786 1785 863 1811 tuas
888 1788 989 1809 aures
1015 1772 1209 1808 calumnia-

629 1837 684 1864 tus
701 1836 752 1863 est

266 1879 319 1913 Ex
339 1879 480 1920 amicis,
508 1881 599 1914 male
615 1894 752 1914 mecum
771 1880 886 1923 agitur
904 1878 978 1912 sine
994 1888 1072 1909 mea
1095 1874 1208 1917 culpa.

268 1930 458 1975 Obstupui.
501 1931 592 1965 Nam
610 1931 903 1976 perterrefaciunt
923 1941 978 1961 me
994 1934 1053 1960 tua

216 1980 292 2016 935
320 1980 436 2014 Verba
449 2008 458 2022 ‚
492 1990 717 2027 erumpentes
746 1981 953 2015 concitatius
965 2005 974 2019 ‚
1009 1989 1115 2023 quarn
1143 1975 1209 2007 fert

629 2036 769 2068 sedatus
791 2033 943 2065 animus.

268 2085 365 2118 Thes.
392 2083 482 2125 Heu,
503 2097 574 2130 quo
592 2082 893 2130 progredieturssss)
910 2080 1067 2114 humana
1085 2076 1208 2111 mens?

269 2134 358 2179 Quis
375 2135 454 2169 finis
472 2137 682 2170 temeritatis
698 2143 731 2169 et
749 2134 917 2169 audaciae
935 2130 1026 2165 erit?

252 2269 299 2300 64)
321 2271 436 2300 Tacite]
456 2272 495 2296 sic
513 2272 596 2296 Editt.
612 2272 703 2297 1558..
731 2271 821 2300 1562,
850 2268 929 2299 quasi
949 2268 1090 2298 legeretur
1107 2267 1207 2299 Σῑγα,;

286 2304 369 2328 Editt.
386 2310 488 2331 recent.
510 2306 555 2338 (=
573 2307 667 2336 Eurip.
687 2303 802 2337 Σιγᾷς;)
822 2300 930 2327 Taces?

253 2355 301 2384 65)
321 2357 375 2379 tam
394 2358 495 2380 multas
517 2359 608 2387 artes]
628 2357 666 2380 sic
685 2355 805 2386 scripsi;
836 2354 918 2378 Editt.
940 2353 1030 2381 1558,
1057 2352 1130 2376 1562.
1152 2354 1207 2376 tam

288 2390 390 2413 multos
403 2394 494 2421 artes3
521 2393 605 2416 Editt,
621 2394 740 2416 recent.:
765 2392 840 2413 artes
855 2388 962 2419 quidem
976 2389 1119 2410 sexcentas
1135 2386 1207 2418 (En-

287 2424 338 2454 rip.
358 2424 455 2455 τέχνας
471 2423 525 2457 μὲν
544 2425 668 2458 μυρίας).

253 2474 301 2506 66)
321 2477 368 2499 aut
386 2482 439 2500 non
459 2477 563 2501 amicus
579 2478 630 2506 sit]
648 2478 687 2500 sic
705 2475 821 2506 scripsi3
848 2474 929 2498 Editt.
944 2473 1030 2501 1558,
1051 2472 1124 2497 1562.
1143 2478 1207 2496 cor-

288 2511 384 2539 rupte:
408 2512 455 2533 aut
475 2517 529 2535 non
548 2513 655 2540 amisit;
683 2512 766 2534 Editt.
786 2511 903 2533 recent:
936 2510 966 2532 et
983 2507 1044 2539 quis
1065 2513 1117 2531 non
1140 2508 1208 2536 [sit]

288 2550 376 2568 verus
394 2545 506 2569 amicus.
526 2544 571 2576 (=
592 2546 685 2575 Eurip.
706 2542 762 2572 ὅςτε
780 2543 817 2576 μή
839 2543 943 2575 φίλος).

253 2594 300 2626 67)
321 2596 486 2625 deprehendi
511 2596 618 2629 posset]
645 2598 684 2620 sic
703 2597 787 2620 Editt.
811 2596 902 2625 1558„
930 2595 1020 2625 1562.;

289 2632 372 2654 cent.:
399 2633 563 2661 argueretur
583 2631 690 2663 (Eurip.
710 2629 891 2662 ἐξηλέγχετο).

254 2680 300 2710 68)
322 2680 525 2738 {rogi-odietur]
547 2682 735 2712 Editt.1558.,
763 2681 835 2704 1562.
862 2685 958 2703 errore
978 2682 1105 2711 typogr.2

289 2722 322 2742 :e
344 2716 422 2740 ietur.

1057 2594 1140 2618 Editt.
1160 2600 1207 2618 re-

1140 2686 1207 2711 pro-

766 110 890 146 PHlL.
928 111 1039 147 MEL.
1077 112 1279 147 SCRIPTA
1311 113 1648 151 PHILOLOGICA.

1262 1215 1337 1251 955
1363 1217 1603 1265 Posteaquam
1626 1220 1864 1265 deprehensus
1883 1235 1928 1256 es.

2176 121 2251 161 520

1315 200 1405 235 Nam
1426 201 1454 235 si
1469 214 1531 245 per
1547 202 1705 245 singulos
1722 203 1792 236 vita
1812 205 2050 238 cumulabitur
2058 209 2104 252 ⁸⁹)
2116 231 2129 246 ,

1312 251 1357 284 Et
1374 253 1551 296 posterIOr
1568 253 1688 297 priore
1705 254 1808 287 valde

1263 301 1338 336 940
1367 302 1563 342 „Deterior
1583 303 1670 344 erit,
1696 303 1792 338 Deos
1810 305 1961 339 adiicere
1983 312 2098 340 terrae

1314 353 1535 398 „Oportebit
1552 355 1657 388 aliam
1675 361 1808 388 terram
1820 382 1829 396 ,
1857 368 1947 402 quae
1963 357 2079 402 capiat

1313 403 1414 444 „Eos
1425 431 1434 444 ,
1463 405 1523 450 qui
1541 413 1622 439 sunt
1639 406 1761 440 iniusti
1777 413 1811 440 et
1826 407 1923 441 mali.

1312 453 1505 502 intuemini
1523 456 1559 489 in
1578 455 1691 497 hunc,
1719 457 1800 503 qui,
1827 470 1906 491 cum
1924 471 1965 492 ex
1984 471 2039 492 me
2057 465 2160 494 natus
2176 459 2234 500 sit,

1310 505 1445 540 Polluit
1461 520 1578 540 meum
1597 506 1792 542 thalamum
1805 535 1814 549 ‚
1843 516 1875 542 et
1892 508 2170 554 deprehenditur

1261 555 1337 590 945
1363 558 1396 591 Α
1428 565 1567 592 mortua
1600 560 1805 599 manifeste,
1846 562 1942 606 quod
1973 560 2079 594 suerit
2101 560 2251 605 flagitio-

1675 623 1844 644 sismmus.

1311 658 1508 705 Postquam
1533 660 1659 694 venisti
1682 661 1721 693 in
1748 661 1835 694 illud
1859 663 2098 697 abominabile
2129 662 2252 704 scelus,

1673 712 1873 759 ostendew)

1312 759 1428 793 Tuam
1446 761 1571 794 faciem
1589 759 1646 795 hic
1664 775 1784 796 coram
1802 770 1916 808 patre.

1311 810 1369 843 Tu
1387 824 1464 845 cum
1484 812 1561 846 Diis
1582 819 1753 859 tanquam
1770 813 1994 859 excellens⁷¹)
2015 813 2071 847 vir

1308 861 1494 897 versaris?
1520 870 1558 897 tu
1574 871 1688 898 castus
1706 878 1740 899 es
1756 872 1788 898 et
1804 864 2078 910 incorruptus72)
2090 876 2108 898 a
2126 864 2252 899 malis?

1261 909 1335 946 950
1362 913 1437 957 Ego
1456 926 1528 947 non
1549 916 1700 960 amplius
1719 918 1860 950 credam
1877 924 1958 950 tuae
1976 915 2202 960 gloriationi,

1314 964 1491 999 Tribuens
1508 965 1586 999 Diis
1604 967 1820 1011 imperitiam
1840 975 1874 1001 et
1890 967 2182 1012 imprudentiam.

1311 1013 1384 1047 Iam
1405 1016 1556 1059 gloriare
1568 1044 1576 1056 ‚
1605 1024 1638 1050 et
1654 1030 1713 1051 esu
1730 1019 2013 1052 inanimatorum

1315 1065 1410 1100 Cibis
1429 1079 1650 1111 cauponare,
1679 1076 1713 1102 et
1727 1068 1860 1104 habens
1878 1069 2085 1113 magistrum
2095 1064 2253 1112 Orphea,

1314 1116 1430 1150 Colito
1450 1130 1547 1151 sacra
1567 1118 1717 1159 Bacchi,
1750 1119 1887 1154 honore
1912 1121 2065 1153 afficiens
2081 1116 2253 1162 fumos⁷³)

1679 1171 1872 1205 multarum
1902 1172 2121 1211 litterarum,

1982 1222 2088 1255 Tales
2105 1232 2169 1265 ego

1313 1268 1421 1302 Iubeo
1440 1283 1562 1304 omnes
1579 1272 1717 1316 sugere;
1746 1285 1829 1306 nam
1850 1279 2027 1306 venantur

1313 1320 1455 1353 Tetrica
1474 1322 1636 1356 oratione
1645 1323 1704 1370 74¹),
1730 1336 1808 1357 cum
1827 1324 2021 1357 moliantur
2040 1322 2254 1367 turpissima.

1312 1371 1407 1404 Haec
1425 1379 1475 1405 est
1491 1380 1651 1412 mortua3
1679 1380 1782 1417 putas
1800 1373 1867 1408 hoc
1884 1376 1947 1408 tibi
1964 1372 2185 1409 salutifere?

1313 1421 1353 1454 In
1374 1420 1440 1455 hoc
1457 1423 1533 1467 ipso
1553 1430 1609 1463 tu,
1639 1437 1658 1457 o
1678 1425 1848 1468 pessime,
1876 1433 1999 1469 captus
2013 1437 2060 1458 es-

1234 1482 1238 1549 ί
1263 1471 1337 1505 960
1363 1473 1454 1507 Nam
1475 1476 1570 1519 quod
1596 1475 1843 1509 iusiurandum
1870 1474 2039 1520 gravius?
2075 1485 2165 1520 quae
2191 1479 2251 1506 tua

1671 1527 1786 1559 oratio

1312 1573 1435 1608 Potest
1453 1588 1524 1609 esse
1534 1576 1591 1621 7³),
1617 1583 1656 1610 ut
1672 1577 1818 1620 effugias
1836 1575 1969 1608 crimen
1980 1602 1989 1616 ‚
2017 1581 2051 1608 et
2067 1585 2158 1620 quae
2174 1574 2252 1619 plus

1671 1628 1786 1660 valeat
1804 1634 1918 1660 morte
1938 1625 2069 1660 huius?

1311 1674 1435 1716 Dices,
1464 1678 1559 1722 qnod
1579 1678 1637 1711 illa
1655 1685 1688 1711 te
1708 1679 1840 1718 oderit,
1867 1685 1901 1711 et
1918 1679 2000 1723 quia
2017 1677 2063 1711 sis
2079 1671 2231 1714 nothus,

1312 1725 1500 1761 Inimicum
1526 1741 1598 1762 esse
1624 1736 1657 1762 te
1682 1729 1879 1773 germanis,
1915 1728 2057 1772 coniugi
2079 1734 2112 1761 et
2134 1724 2253 1758 liberis

1670 1780 1861 1824 legitimis?

1313 1828 1410 1862 Dicis
1429 1829 1543 1873 ipsam
1562 1831 1691 1864 malam
1710 1844 1782 1865 esse
1797 1829 2102 1864 commutatricem
2119 1827 2232 1867 vitae,

1297 1911 1345 1942 69)
1366 1913 1432 1936 Nam
1453 1913 1475 1936 si
1495 1919 1544 1943 per
1562 1913 1686 1944 singulos
1706 1914 1763 1937 vita
1783 1911 1975 1944 cumulabitur]
2003 1912 2044 1935 sic
2061 1910 2145 1935 Editt.
2166 1909 2251 1935 1558.-

1334 1947 1423 1973 1562:
1462 1950 1558 1971 Barn.:
1592 1948 1620 1971 Si
1646 1949 1714 1972 enini
1740 1948 1952 1977 uniuscuiusque
1978 1946 2030 1969 viri
2059 1946 2117 1968 vita
2135 1945 2252 1983 superbe

1332 1986 1499 2015 propagetur
1513 1982 1642 2013 (utraque
1658 1983 1746 2006 versio
1764 1983 1885 2012 seqnitur
1900 1982 2043 2004 lectionem
2060 1979 2099 2003 El
2114 1977 2168 2011 γάρ
2186 1985 2236 2001 κατ

1331 2013 1431 2045 ἀνδρός
1449 2017 1538 2047 βίοτος
1555 2014 1750 2048 &aym-icum,
1771 2023 1848 2046 quam
1864 2016 1944 2039 Editt.
1964 2015 2045 2038 Rasit.
2061 2016 2088 2038 et
2102 2015 2184 2036 Barn.
2203 2018 2251 2035 ex-

1332 2049 1454 2079 liibent);
1489 2051 1612 2078 Musei-st
1645 2052 1673 2074 Si
1698 2052 1768 2074 euim
1787 2052 1820 2074 ad
1839 2051 1992 2073 seculorum
2012 2049 2147 2072 rationem
2165 2052 2251 2076 auge-

1332 2086 1407 2113 seet;
1433 2084 1508 2109 Fix:
1534 2085 1562 2107 si
1584 2085 1653 2108 enini
1675 2092 1722 2114 pro
1740 2086 1847 2109 ratione
1866 2086 1984 2107 aetatum
2003 2084 2112 2106 crescat
2124 2081 2249 2106 audacia

1332 2116 1396 2146 (hae
1415 2119 1483 2141 duae
1502 2118 1744 2148 interpretationes
1765 2119 1919 2148 exprimnnt
1939 2118 2083 2141 lectionem
2101 2116 2143 2139 iili
2167 2120 2250 2145 prae-

1330 2153 1486 2176 ferendam:
1511 2152 1549 2175 Et
1566 2151 1619 2184 γάρ
1637 2150 1702 2177 κατ’
1721 2150 1822 2184 ἀνδρὸς
1839 2154 1932 2184 βίοτον
1948 2148 2147 2183 {inpendo-eun,
2171 2154 2249 2179 quain

1330 2186 1414 2210 Editt.
1434 2187 1538 2217 Musgr.
1558 2190 1584 2210 et
1604 2188 1661 2211 Fix.
1682 2189 1869 2218 receperunt).

1294 2228 1342 2256 70)
1361 2229 1491 2258 ostende]
1518 2229 1559 2253 sic
1585 2229 1633 2260 (=
1652 2231 1744 2260 Enrip.
1765 2228 1867 2258 δεῖξον)
1894 2229 1977 2252 Editt.
2006 2228 2130 2258 recent.;

1332 2263 1422 2293 1558„
1445 2265 1518 2287 1562.
1537 2265 1654 2289 ostendi.

2166 2226 2248 2250 Edttt.

1295 2303 1341 2335 71)
1362 2305 1514 2333 excellens]
1532 2306 1581 2331 Ed.
1600 2306 1673 2330 1558.
1693 2307 1835 2335 corrupte:
1862 2303 2048 2328 excelleliens.

1294 2346 1342 2374 72)
1360 2347 1548 2377 incorruptus]
1568 2348 1608 2371 sie
1626 2348 1708 2372 Editt.
1730 2348 1820 2375 1558,
1844 2349 1942 2378 Βατιι.,
1961 2349 2078 2378 musgr„
2096 2345 2171 2376 Fix,;
2197 2345 2247 2368 Ed.

1331 2381 1405 2405 1562.
1424 2381 1604 2411 incurremus.
1703 2409 1706 2413 ¹

1293 2423 1341 2452 73)
1358 2424 1462 2451 fumos]
1481 2424 1521 2447 sic
1541 2423 1586 2454 (=
1600 2424 1692 2453 Eurip.
1710 2421 1846 2452 καπνούς)
1860 2423 2041 2453 Editt.1558.‚
2058 2422 2150 2453 Barth,
2168 2422 2246 2446 Mus-

1329 2464 1423 2489 graw,
1443 2458 1520 2488 Fix.;
1547 2459 1596 2483 Ed.
1613 2458 1686 2483 1562.
1706 2465 1834 2482 summos.

1293 2501 1343 2528 74)
1365 2500 1473 2524 Tetrica
1492 2500 1631 2529 oratione]
1651 2501 1691 2523 sic
1710 2500 1793 2526 Editt.
1807 2501 1891 2529 1558„
1912 2500 2002 2529 1562.;
2022 2499 2107 2523 Editt.
2127 2501 2245 2524 recent.:

1329 2535 1481 2565 Magnificis
1500 2535 1592 2558 verbis
1618 2537 1666 2563 (Ξ
1684 2535 1777 2565 Eurip.
1796 2535 1915 2566 Σεμνοῖς
1933 2533 2079 2566 λόγοισιν).

1294 2577 1342 2609 75)
1361 2583 1430 2607 quae
1453 2579 1502 2601 tua
1525 2577 1614 2601 oratio
1642 2577 1737 2601 Potest
1762 2579 1839 2606 esse]
1865 2577 1906 2600 sic
1929 2577 2012 2600 Editt.
2035 2576 2125 2604 1558.,
2152 2575 2244 2606 1562.;

1330 2613 1428 2636 Barn.:
1461 2617 1529 2642 quae
1555 2613 1640 2635 verba
1666 2613 1724 2635 Hac
1748 2613 1868 2643 epistola
1894 2613 1998 2636 contra
2017 2612 2045 2635 te
2062 2611 2175 2640 scripta
2192 2617 2246 2641 po·

1328 2647 1408 2671 tiara
1427 2652 1490 2669 esse
1507 2648 1637 2676 possent3
1669 2647 1789 2676 Musgr.:
1823 2651 1893 2676 quae
1919 2647 2004 2669 verba
2021 2646 2079 2668 flac
2097 2651 2161 2668 esse
2175 2649 2243 2674 pos-

1328 2683 1408 2711 sunt3
1427 2681 1499 2704 Fixa
1519 2686 1587 2710 quae
1599 2682 1684 2704 verba
1702 2681 1756 2704 ista
1776 2680 1806 2712 (i.
1825 2687 1846 2703 e.
1866 2681 1952 2705 istius
1970 2679 2108 2709 epistola)
2126 2679 2245 2709 potiora

1330 2722 1394 2739 esse
1412 2715 1532 2745 poterint
1549 2717 1594 2744 (z
1614 2715 1706 2746 Eurip.
1725 2716 1796 2742 τίνες
1813 2712 1889 2745 λόγοι
1907 2711 1990 2743 Τῆς-δ’
2011 2711 2047 2738 civ
2063 2710 2166 2746 γένοιτ’
2185 2708 2243 2740 ἂν).
