2373 2980
28 36 33 69 ἰ

0 87 132 167 ςξθτ

250 106 390 144 XLVII.
432 103 832 143 INTERPRETATIO
859 103 1033 139 OPERIS
1061 103 1449 150 QUADRIPARTl'rt
1475 105 1761 142 PTOLEMAEI
1787 107 1877 144 LlB.
1900 109 1959 144 lv.

2075 111 2124 147 98

864 255 1038 287 LIBER
1073 256 1339 291 QUARTUS.

173 350 230 383 De
253 351 428 383 eventuum
453 345 758 392 siqnificationibus
780 344 833 379 vel
856 345 981 378 causis.

180 421 342 468 Exposui
373 434 436 464 ea,
479 434 571 468 quae
607 427 690 455 ante
725 419 920 454 editionem
954 423 1079 465 partus

24 490 29 495 ·
79 479 304 520 spectantur,
343 485 507 520 quaeque
541 478 649 518 partu
681 471 777 506 edito
800 471 920 506 statim
944 469 1079 510 insunt,

0 528 2 531 ’
29 546 31 558 -,
80 531 115 560 et
130 537 223 572 quae
245 531 368 571 postea
389 530 608 570 sequuntur,
644 535 736 569 quae
758 529 879 556 tamen
902 529 1080 566 tempera-

79 576 194 610 menti
211 575 359 622 propria
373 580 476 616 sunt,
505 581 541 609 et
560 574 769 621 qualitatem
789 574 890 607 mixti
908 574 1080 606 referunt.

24 634 32 652 s
79 627 184 663 Nunc
208 640 248 661 ea
273 626 451 668 recitabo,
494 636 587 672 quae
609 631 710 659 extra
743 637 872 670 corpus
902 630 1004 664 sunt,
1046 628 1081 656 et

27 709 30 712 ,
79 678 224 712 aliunde
239 678 423 712 accedunt.

476 676 524 719 “In
538 688 609 723 qua
625 676 836 710 narratione
851 675 1009 723 primum
1027 673 1081 708 di-

78 734 187 765 catur.
197 730 241 762 de
257 728 485 763 facultatibus
502 734 536 762 et
551 728 800 772 dignitatibus.

181 787 231 822 Ut
248 794 367 823 autem
383 787 569 822 facultates
585 787 632 821 ad
656 787 818 832 corporis
842 785 1080 831 proprietates

78 845 303 885 congruunt,
328 839 379 874 ita
397 838 552 884 dignitas
569 838 615 872 ad
629 838 772 872 animae
790 836 1060 883 praestantiam.

425 943 479 976 De
499 939 735 985 facultatibus.

181 1018 383 1053 Facultates
398 1018 521 1064 quales
545 1019 687 1052 futurae
712 1017 802 1058 sint,
840 1029 859 1049 a
882 1022 991 1061 parte>
1008 1017 1082 1050 for-

80 1077 190 1106 tunae
221 1070 437 1105 sumendum
468 1076 539 1110 est,
581 1081 674 1115 quae
706 1069 756 1103 sic
787 1067 987 1112 colligitur,
1030 1073 1083 1108 ut,

80 1128 217 1168 quanta
240 1127 293 1155 est
315 1120 408 1155 Solis
430 1127 466 1154 et
487 1120 612 1155 Lunae
638 1119 829 1161 distantia,
869 1125 970 1152 tanta
991 1119 1082 1165 ¹inde

79 1185 192 1219 usque
216 1172 260 1206 ab
286 1170 491 1217 horoscopo
516 1171 699 1211 eiiciatur,
741 1170 816 1206 sive
845 1170 977 1204 diurna
1008 1170 1082 1205 sive

78 1231 256 1259 nocturna
272 1223 336 1264 sit,
358 1223 540 1258 nativitas-

184 1283 466 1318 Considerentur
482 1295 566 1328 ergo
590 1283 755 1328 planetae
780 1289 941 1319 tenentes
965 1283 1082 1318 domi-

80 1335 182 1370 nium
199 1334 292 1379 signi
307 1334 514 1378 occupantis
530 1347 612 1368 eum
625 1335 744 1368 locum
757 1360 767 1375 ,
799 1342 834 1369 et
850 1347 941 1381 quae
958 1335 1004 1370 sit
1018 1333 1083 1368 ho-

80 1399 161 1420 rum
177 1385 230 1419 vis
247 1391 283 1418 et
304 1385 530 1419 familiaritas
553 1385 651 1418 iuxta
676 1386 804 1419 modos
825 1398 932 1431 supra
957 1386 1081 1420 dictos.

80 1435 362 1470 Considerentur
377 1440 412 1468 et
426 1435 489 1468 alii
508 1435 617 1470 fausti
639 1436 869 1480 planetarum
894 1438 1081 1481 adspectus

78 1488 125 1521 ad
138 1485 225 1528 hos,
252 1492 287 1520 et
302 1485 375 1527 illi,
409 1486 472 1532 qui
496 1487 684 1521 elevantur
706 1500 814 1533 super
836 1486 922 1529 hos,
956 1500 998 1522 ex
1024 1500 1082 1521 ea-

78 1539 160 1572 dem
179 1538 237 1571 vel
253 1536 434 1571 contraria
451 1538 636 1584 qualitate.

181 1598 271 1632 Cum
295 1596 391 1630 enim
414 1594 474 1638 hi,
509 1597 571 1644 qui
594 1598 829 1633 dominantur
851 1599 946 1644 parti
968 1600 1081 1633 fortu-

77 1661 167 1690 nae,
195 1655 279 1684 sunt
295 1647 507 1689 validiores,
540 1656 673 1694 augent
695 1650 838 1685 divitias
868 1657 903 1684 et
926 1651 1080 1685 maxime

78 1713 159 1735 cum
182 1712 203 1733 a
227 1699 424 1734 luminibus
448 1699 682 1741 adiuvantur,
714 1701 892 1737 Saturnus
918 1714 960 1736 ex
985 1702 1081 1736 aedi-

76 1751 185 1792 ficiis,
227 1763 267 1785 re
290 1751 455 1791 nautica,
497 1757 558 1784 aut
581 1752 821 1796 agricultura;
856 1752 993 1798 Iupiter
1016 1766 1080 1799 per

76 1802 306 1844 fidelitatem,
333 1802 577 1847 praefecturas
606 1809 640 1836 et
662 1804 882 1843 sacerdotia;
920 1804 1020 1839 Mars
1039 1817 1081 1839 ex

76 1853 206 1888 militia
232 1859 267 1888 et
294 1853 556 1898 gubernatione
585 1854 823 1894 exercituum;
872 1855 993 1891 Venus
1015 1869 1081 1901 per

77 1905 225 1946 amicos,
251 1911 315 1938 aut
328 1904 520 1939 mulierum
539 1905 771 1945 donationes;
798 1906 999 1942 Mercurius
1015 1920 1081 1953 per

77 1955 321 2003 eloquentiam
338 1962 373 1989 et
390 1962 580 1991 mercatus.

181 2014 271 2049 Cum
288 2021 408 2049 autem
424 2015 653 2060 peculiariter
671 2015 868 2050 Saturnum
889 2016 1080 2051 dominan-

76 2073 149 2100 tem
165 2065 262 2112 parti
277 2066 444 2100 fortunae
455 2093 465 2107 ,
491 2065 626 2111 Iupiter
641 2067 758 2102 fausto
774 2069 945 2112 adspectu
962 2069 1079 2114 adspi-

76 2118 143 2159 cit,
168 2115 408 2151 haereditates
425 2118 602 2163 adquirit,
629 2119 784 2152 maxime
799 2132 879 2153 cum
897 2120 933 2152 id
952 2120 1080 2154 accidit

76 2170 115 2203 in
137 2168 382 2214 superioribus
409 2169 634 2210 cardinibus,
671 2177 733 2204 aut
754 2169 890 2215 Iupiter
915 2170 952 2204 in
975 2171 1077 2216 signo

76 2220 291 2266 bicorporeo
318 2220 469 2261 occidit,
512 2227 574 2254 aut
596 2220 700 2255 Luna
725 2221 876 2256 feliciter
900 2223 1077 2267 adplicata

75 2278 140 2308 est.
193 2271 297 2306 Tunc
313 2271 409 2305 enim
437 2278 473 2305 et
496 2272 750 2317 adoptionibus
775 2273 919 2316 adsciti,
955 2272 1078 2308 haere-

75 2324 138 2359 des
153 2329 260 2358 erunt
277 2322 478 2357 alienorum
494 2324 689 2360 bonorum.

178 2382 297 2417 Erunt
313 2389 432 2417 autem
456 2384 643 2418 facultates
666 2384 865 2426 durabiles,
897 2385 928 2419 si
953 2385 1075 2430 plane-

74 2441 133 2470 tae
168 2434 326 2469 eiusdem
361 2435 577 2470 conditionis
612 2436 783 2470 adiuvent
818 2436 1074 2471 dominatores.

73 2486 139 2521 Sin
155 2492 274 2520 autem
289 2486 441 2520 malefici
457 2494 629 2532 superant
646 2488 723 2521 loca
742 2487 956 2533 prisscipalia
969 2516 977 2529 ‚
1013 2494 1075 2522 aut

73 2537 273 2573 ascendunt
291 2538 336 2571 ad
353 2550 393 2571 ea
405 2565 414 2579 ,
437 2538 648 2573 facultatum
665 2539 866 2573 eversiones
884 2539 1047 2574 efficient.

179 2596 339 2641 Tempus
356 2609 442 2630 vero
458 2597 708 2632 universaliter
725 2598 837 2643 accipi
855 2605 983 2642 potest,
1006 2610 1072 2643 pro

75 2659 217 2682 accessu
255 2648 438 2682 stellarum
477 2650 522 2683 ad
565 2650 728 2684 cardines
770 2656 804 2683 et
844 2649 921 2683 loca
955 2662 1073 2685 succe-

74 2698 209 2733 dentia-

117 2755 301 2790 MELANTH.
324 2758 432 2790 Ormi.
457 2758 541 2790 Von.
564 2759 691 2791 XVIII.

1505 348 1559 380 De
1582 349 1760 391 diynitate.

1232 417 1398 463 Dignitas
1415 431 1434 452 a
1453 419 1630 455 luminum
1648 423 1767 467 positu
1791 426 1964 459 sumenda
1991 432 2063 468 est,
2095 434 2130 461 et

1132 480 1150 501 a
1168 469 1276 503 stellis
1293 469 1614 512 circumdantibus,
1641 473 1672 507 si
1690 483 1890 519 congruant
1906 490 1985 511 cum
2002 489 2130 513 eorum

1132 520 1317 566 qualitate.

1235 580 1329 615 Nam
1348 593 1428 614 cum
1444 581 1550 615 ambo
1566 582 1703 616 lumina
1719 591 1802 618 sunt
1816 585 1853 619 in
1870 586 1979 631 signis
1994 599 2132 622 mascu-

1132 629 1176 664 lis
1198 631 1287 665 etin
1312 632 1538 675 cardinibus,
1572 641 1635 668 aut
1658 647 1738 669 cum
1763 637 1870 670 ambo
1893 650 1955 672 seu
1978 639 2131 673 alterum

1133 683 1347 727 praecipuae
1373 684 1555 729 qualitatis
1580 691 1633 720 est
1654 685 1691 719 in
1717 687 1881 729 cardine,
1916 695 1951 722 et
1973 690 2133 737 quinque

1134 732 1296 777 planetas
1325 735 1515 779 stipatores
1550 733 1677 778 habet,
1716 737 1812 773 Eoos
1845 740 1890 772 ad
1916 739 2056 782 Solem,
2087 743 2135 775 ad

1133 783 1276 818 Lunam
1302 798 1387 819 vero
1415 787 1656 831 vespertinos,
1696 796 1888 824 nascentur
1910 803 2021 835 reges.
2088 791 2136 826 Et

1134 847 1215 869 cum
1244 836 1434 881 stipatores
1458 839 1622 883 planetae
1647 846 1730 874 sunt
1756 841 1794 875 in
1820 842 2043 885 cardinibus,
2074 850 2136 878 aut

1132 887 1250 922 fausto
1267 889 1438 933 adspectu
1461 889 1647 925 intuentur
1670 891 1811 926 culmen
1829 893 1938 935 coeli,
1965 906 2135 940 magnam

1135 939 1334 984 potentiam
1350 946 1385 973 et
1398 939 1550 986 imperia
1571 948 1606 976 et
1623 955 1707 987 opes
1721 944 1797 977 nati
1817 946 2072 992 adsequentur.

1238 999 1301 1033 Sin
1334 1006 1454 1033 autem
1482 1002 1629 1036 caeteris
1652 1002 1701 1036 ita
1726 1004 1870 1047 positis,
1911 1005 1972 1040 Sol
2001 1006 2069 1040 erit
2098 1006 2137 1041 in

1135 1050 1237 1094 signo
1254 1051 1426 1092 masculo,
1453 1051 1555 1085 Luna
1573 1066 1659 1087 vero
1676 1054 1714 1087 in
1730 1055 1904 1097 femineo,
1931 1063 1965 1091 et
1982 1058 2135 1092 alterum

1134 1102 1258 1136 lumen
1273 1102 1341 1136 erit
1356 1102 1394 1136 in
1410 1104 1575 1146 cardine,
1609 1111 1822 1150 potestatem
1841 1106 2026 1144 habebunt
2041 1110 2136 1144 vitae

1136 1159 1172 1187 et
1187 1154 1285 1188 necis
1299 1154 1336 1187 in
1354 1154 1456 1189 alios.

1238 1214 1302 1248 Sin
1333 1221 1452 1248 autem
1481 1215 1545 1248 tali
1570 1216 1746 1251 luminum
1772 1218 1892 1262 positu
1916 1219 1954 1253 in
1978 1220 2136 1262 cardine,

1135 1264 1326 1310 stipatores
1343 1278 1418 1299 non
1433 1266 1504 1301 sint
1525 1266 1563 1300 in
1586 1269 1812 1310 cardinibus,
1846 1283 1911 1305 nec
1931 1283 1992 1306 eos
2017 1272 2136 1318 adspi-

1135 1316 1249 1358 ciant,
1291 1317 1481 1362 dignitates
1505 1318 1650 1364 quidem
1676 1317 1879 1362 habebunt,
1923 1324 1984 1357 sed
2014 1324 2134 1370 aliqua

1135 1373 1275 1401 tantum
1292 1376 1394 1414 parte
1415 1370 1684 1414 gubernationis
1707 1372 1978 1415 antecellentes,
2012 1381 2051 1409 ut
2077 1387 2135 1419 ge-

1134 1424 1286 1454 statores
1310 1427 1627 1463 ornamentorum,
1670 1429 1733 1456 aut
1761 1432 2035 1468 procuratores,
2078 1438 2134 1460 ca-

1134 1476 1291 1505 strorum
1308 1472 1490 1516 praesides
1501 1499 1510 1513 ,
1536 1485 1612 1506 non
1627 1474 1745 1508 duces.

1238 1531 1302 1565 Sin
1320 1538 1440 1565 autem
1462 1533 1599 1566 lumina
1624 1545 1700 1566 non
1726 1540 1832 1567 erunt
1854 1534 1892 1567 in
1918 1535 2135 1577 cardinibus,

1134 1580 1348 1627 stipatorum
1380 1596 1465 1617 vero
1494 1584 1614 1629 plures
1643 1591 1706 1618 aut
1734 1584 1772 1617 in
1804 1585 2009 1621 cardinibus
2041 1593 2136 1629 sunt,

1134 1640 1197 1668 aut
1211 1635 1326 1669 fausto
1346 1636 1516 1681 adspectu
1534 1648 1594 1671 eos
1612 1635 1818 1677 intuentur,
1850 1650 1925 1671 non
1951 1636 2136 1673 habebunt

1134 1685 1186 1719 illi
1209 1686 1355 1732 quidem
1379 1688 1589 1732 dignitates,
1629 1689 1692 1723 sed
1721 1689 2010 1724 benevolentiam
2041 1690 2136 1724 inter

1135 1737 1228 1772 cives
1243 1745 1278 1771 et
1294 1739 1577 1773 mediocritatem
1594 1740 1632 1773 in
1650 1740 1743 1773 vitae
1760 1740 2000 1776 incrementis.

1237 1797 1327 1831 Cum
1347 1811 1433 1832 vero
1450 1811 1516 1832 nec
1533 1799 1725 1844 stipatores
1749 1806 1832 1833 sunt
1855 1799 1892 1833 in
1916 1800 2135 1843 cardinibus,

1135 1856 1241 1883 erunt
1266 1850 1409 1884 obscuri
1431 1857 1466 1884 et
1489 1850 1668 1895 impediti;
1712 1862 1753 1884 ac
1779 1862 1926 1895 prorsus
1948 1853 2076 1886 abiecti
2099 1860 2134 1888 et

1133 1901 1255 1935 miseri
1273 1908 1399 1943 erunt,
1426 1901 1455 1936 si
1471 1914 1536 1936 nec
1553 1901 1716 1936 cardines
1733 1908 1857 1936 tenent
1872 1903 2008 1937 lumina
2021 1931 2032 1945 ,
2068 1917 2134 1938 nec

1134 1953 1286 1986 alterum
1319 1959 1372 1987 est
1404 1952 1442 1985 in
1474 1953 1575 1998 signo
1611 1953 1790 1994 masculo,
1832 1966 1948 2001 neque
1978 1955 2133 2001 cingitur

1133 2015 1152 2036 a
1180 2003 1358 2039 beneficis.
1422 2004 1643 2039 Universalis
1665 2005 1773 2049 igitur
1799 2006 2038 2040 consideratio
2064 2005 2132 2041 hoc

1132 2056 1242 2089 modo
1276 2056 1412 2089 indicat
1444 2062 1520 2089 tum
1545 2056 1711 2089 eximiam
1734 2058 1990 2101 praestantiam
2016 2058 2132 2103 digni-

1132 2107 1235 2148 tatis,
1262 2113 1336 2141 tum
1358 2107 1461 2141 valde
1477 2105 1612 2141 humile
1630 2107 1724 2141 vitae
1742 2120 1865 2152 genus.

1235 2166 1303 2201 Sed
1320 2167 1430 2201 medii
1447 2167 1571 2209 flatus,
1597 2169 1658 2215 qui
1678 2176 1761 2203 sunt
1777 2170 2009 2215 multiplices,
2045 2183 2129 2205 con-

1130 2216 1265 2251 iectura
1298 2218 1511 2253 aestimandi
1539 2227 1623 2254 sunt
1655 2233 1697 2254 ex
1721 2221 1864 2266 speciali
1894 2222 2071 2257 luminum
2095 2229 2130 2257 et

1129 2268 1343 2314 stipatorum
1361 2270 1554 2312 varietate,
1582 2278 1617 2305 et
1632 2284 1651 2305 a
1668 2272 1882 2316 stipatorum
1900 2273 2075 2309 dominio.

1231 2329 1324 2364 Nam
1353 2342 1431 2364 cum
1465 2330 1613 2364 benefici
1644 2339 1834 2376 superant,
1871 2340 1905 2367 et
1937 2334 2126 2380 qualitates

1129 2387 1350 2424 congruunt,
1378 2381 1458 2425 plus
1474 2382 1676 2416 autoritatis
1692 2381 1846 2425 habent,
1881 2390 1915 2418 et
1935 2385 2054 2421 minus
2075 2387 2128 2420 of-

1127 2431 1329 2467 fensionum
1349 2433 1527 2467 adferunt.

1230 2492 1389 2527 Econtra
1416 2504 1522 2533 vero,
1561 2494 1735 2529 contrarii
1759 2502 1794 2529 et
1816 2496 1965 2530 malefici
1990 2497 2125 2541 positus

1127 2545 1364 2579 adversantur
1396 2550 1431 2578 et
1460 2551 1592 2589 augent
1621 2546 1798 2591 pericula;
1851 2548 2003 2594 qualitas
2039 2562 2124 2583 vero

1126 2596 1310 2640 dignitatis
1335 2595 1488 2630 sumitur
1512 2608 1531 2629 a
1557 2598 1777 2642 proprietate
1800 2599 2027 2644 stipatorum.

1229 2647 1404 2681 Saturnus
1429 2654 1578 2694 propter
1602 2648 1839 2685 haereditates
1871 2657 1905 2684 et
1935 2651 2123 2695 pecuniam

1125 2705 1231 2743 auget
1246 2698 1489 2735 autoritatem.

1509 2752 1532 2785 7
