2373 2980
147 67 222 102 933
521 68 640 104 LXIX.

196 154 242 187 Et
259 155 412 199 populus
429 156 585 189 servavit
602 154 666 191 hos
685 168 814 201 pueros
831 158 1003 194 Herculis.

195 205 379 250 Repressit
396 207 601 251 superbiam
623 207 834 254 Eurysthei,
861 211 917 244 cui

144 255 220 291 925
240 255 427 291 Iracundia
447 265 524 291 erat
546 259 720 293 violenter
737 268 818 295 ante
837 262 901 296 ius.

193 308 388 354 Nunquam
404 309 449 343 sit
465 308 555 343 mihi
574 312 753 355 superbia,

193 359 237 392 Et
255 361 396 395 animus
414 361 680 397 inexsatiabilis.

222 459 468 509 [Nuntias,
504 465 726 504 Alcmene,
763 467 1054 510 Eurystheus5

540 513 738 562 chorus]

187 584 280 616 Nun.
326 582 358 615 O
383 583 550 623 domina,
586 583 682 617 vides
715 584 881 630 quidem,
916 587 974 618 sed
1011 593 1128 620 tamen

552 635 700 668 dicetur.

187 683 358 718 Venimus
379 687 595 720 adducentes
611 686 675 719 tibi
692 684 947 731 Eurystheum,
1152 678 1155 743 j

134 734 208 769 930
233 735 466 782 Quamquam
485 738 686 783 spectaculo
708 738 903 781 insperato,
1152 755 1153 769 η

182 786 377 833 Nunquam
403 789 498 822 enim
517 789 658 834 putavit
674 801 709 823 se
735 795 924 822 venturum
943 789 979 822 in
999 803 1124 826 manus
1150 811 1152 828 ;

541 847 638 879 tuas;

182 889 338 934 Quando
357 903 398 924 ex
417 891 577 937 Mycenis
592 890 781 924 laboriosis
799 903 878 924 cum
898 892 1029 937 clypeis

179 939 275 980 Ibat,
300 942 404 986 longe
422 943 560 976 maiora
577 943 722 976 fortuna
742 942 909 982 sentiens,
1146 980 1148 993 J

178 990 476 1036 Expugnaturum
492 1006 527 1027 se
543 992 721 1031 Athenas;
747 995 807 1027 sed
826 994 862 1026 in
879 996 1097 1029 contrarium

128 1041 202 1076 935
227 1042 323 1077 Deus
339 1056 414 1078 rem
435 1046 560 1086 vertit,
584 1052 619 1079 et
633 1045 786 1078 mutavit
800 1046 995 1080 fortunam.

177 1093 303 1138 Hyllus
322 1095 430 1139 igitur
449 1103 483 1130 et
497 1096 599 1130 fortis
616 1095 733 1129 Iolaus
751 1102 904 1129 statuam
1144 1135 1146 1146 3

174 1143 268 1179 Iovis
286 1146 431 1180 victoris
448 1145 703 1191 triumphalem
722 1153 941 1185 statuerunt;
1143 1173 1145 1188 y

174 1194 266 1229 Mihi
285 1198 505 1232 mandarunt
528 1196 623 1231 hunc
641 1198 685 1230 ad
704 1204 737 1230 te
757 1199 945 1238 adducere,

172 1246 342 1282 Volentes
360 1249 535 1283 delectare
553 1255 654 1282 tuum
672 1249 844 1284 animum.
899 1250 1021 1289 „Nam
1040 1250 1114 1282 dul-
1140 1294 1143 1303 Ι

534 1301 723 1343 pissimum
741 1307 793 1334 est

122 1349 196 1383 940
249 1350 425 1390 „Hostem
469 1351 590 1384 videre
632 1363 672 1384 ex
713 1351 805 1384 felici
849 1352 1111 1385 infortunatum
1139 1373 1141 1378 .

530 1402 676 1436 factum.

169 1452 243 1485 Alc.
278 1451 312 1485 O
338 1453 482 1494 odium,
510 1452 635 1487 venis?
664 1452 935 1498 comprehendit
961 1460 994 1486 te
1021 1453 1109 1487 Dica

532 1505 706 1538 tandem?

167 1553 329 1587 Primum
354 1553 474 1600 itaque
491 1555 611 1589 flectas
628 1554 697 1590 huc
716 1562 834 1601 caput,

166 1604 213 1637 Et
231 1605 324 1639 ausis
342 1612 421 1640 tuos
441 1604 558 1641 hostes
577 1620 697 1640 coram
716 1607 865 1645 intueri;

168 1655 223 1689 Tu
242 1657 374 1690 teneris
391 1657 460 1690 iam
473 1685 481 1698 ,
507 1665 541 1691 et
557 1671 632 1691 non
649 1665 746 1693 tenes
766 1659 930 1703 amplius.

117 1705 191 1740 945
216 1707 273 1741 Tu
293 1720 327 1742 es
346 1708 428 1742 ille?
455 1710 554 1754 (volo
575 1710 670 1743 enim
688 1711 811 1744 audire
829 1711 892 1755 te‚)

168 1758 239 1803 Qui
264 1771 368 1793 ausus
395 1772 431 1794 es
453 1762 668 1795 contumelia
688 1764 843 1803 afficere,
876 1774 895 1794 o
914 1769 1103 1804 veterator,

538 1827 671 1854 meum,

166 1861 235 1905 Qui
260 1869 311 1896 est
334 1875 428 1897 nunc
451 1865 655 1911 ubicunque
681 1871 748 1905 est,
782 1865 893 1898 filium
918 1866 953 1898 in
982 1868 1102 1901 multis

527 1916 657 1950 rebus?

164 1964 242 2007 Qua
262 1965 298 1997 in
318 1978 354 1998 re
374 1979 448 1999 non
466 1968 615 2002 affecisti
631 1980 710 2001 eum
730 1969 958 2007 contumelia,

164 2015 234 2059 Qui
254 2017 374 2050 vivum
391 2018 517 2052 misisti
533 2020 649 2064 ipsum
670 2020 712 2052 ad
729 2019 874 2059 inferos,
1126 2054 1128 2071 *A

111 2064 186 2099 950
212 2066 256 2100 Et
280 2069 341 2113 qui
361 2069 488 2103 misisti
503 2072 699 2110 mandans,
727 2077 766 2103 ut
790 2073 953 2115 perderet
971 2070 1098 2117 hydras

526 2129 560 2156 et
576 2123 730 2162 leonem,

159 2167 205 2201 Et
223 2169 290 2203 alia
308 2172 419 2205 multa
437 2174 531 2207 mala
543 2201 552 2214 ,
575 2187 666 2220 quae
686 2173 928 2218 excogitasti?

159 2219 295 2260 Taceo;
318 2230 407 2257 esset
426 2225 520 2258 enim
536 2226 642 2271 longa
660 2225 789 2260 oratio.

159 2269 204 2303 Et
221 2272 284 2305 tibi
301 2286 375 2307 non
392 2277 476 2310 satis
492 2278 558 2311 fuit
578 2278 642 2311 ista
665 2279 779 2312 solum
799 2279 942 2316 audere,

158 2321 225 2355 Sed
245 2335 286 2356 ex
303 2327 401 2358 omni
420 2327 568 2362 Graecia
589 2342 645 2362 me
666 2337 699 2363 et
717 2329 901 2374 ulmi-05⁵⁶)

107 2370 182 2407 955
208 2373 405 2420 Depulisti,
432 2381 592 2414 sedentes
609 2381 784 2426 supplices
802 2380 975 2418 Deorum,

156 2425 295 2460 Partim
314 2440 433 2469 senes,
461 2432 593 2474 partim
612 2433 818 2466 infantulos.

157 2476 223 2510 Sed
242 2478 408 2513 invenisti
428 2482 524 2516 viros
536 2510 545 2523 ,
571 2490 604 2516 et
621 2484 799 2517 civitatem
817 2484 979 2521 liberam,

140 2645 188 2677 56)
217 2654 249 2670 ex
274 2649 345 2671 omni
365 2649 483 2673 Graecia
508 2656 550 2673 me
578 2652 605 2674 et
623 2649 655 2682 1.]
681 2651 720 2674 sic
748 2652 831 2675 Editt.
858 2655 980 2677 recent:
1013 2652 1095 2676 Editt.

175 2681 247 2705 1558.
260 2699 267 2711 ‚
289 2683 362 2707 1562.
383 2690 415 2707 ex
436 2685 507 2708 omni
529 2691 570 2708 me
590 2686 725 2712 Graecia,
746 2688 772 2709 et
791 2687 808 2709 1.

702 69 1100 108 INTERPRETATIO
1136 74 1522 110 HERACLIDARUM
1555 74 1804 113 EURIPIDIS.

2113 89 2187 126 934

1165 170 1168 223 ι
1244 163 1315 207 Qui
1350 169 1384 196 te
1420 175 1493 195 non
1527 169 1743 199 metuerunt.
1807 166 1961 212 Oportet
1997 177 2029 204 te
2059 174 2185 209 misere

1166 231 1167 239 1
1613 227 1719 257 mori,

1163 240 1167 323 ἰ
1242 264 1286 297 Et
1320 265 1513 299 lucraberis
1543 266 1682 305 omnia;
1722 270 1909 313 oportebat
1933 273 2027 307 enim
2052 282 2083 309 te
2109 289 2181 310 nou

1162 328 1165 356 3,
1601 319 1709 351 semel

1162 359 1164 394 ἷ
1189 365 1264 399 960
1290 366 1405 406 Mori,
1434 367 1495 413 qui
1511 374 1649 401 tantum
1667 370 1753 403 mali
1770 372 1904 408 feceris.

1159 411 1163 464 J
1240 418 1338 452 Char.
1364 418 1446 452 Non
1463 418 1543 451 licet
1561 419 1659 452 illum
1679 421 1887 459 interficere.

1237 471 1331 502 Nun.
1356 468 1501 502 Frustra
1523 470 1629 513 igitur
1645 484 1725 506 eum
1743 476 1919 518 captivum
1940 479 2106 522 cepimus.

1236 519 1337 563 Quae
1356 533 1440 553 vero
1457 521 1510 553 lex
1533 519 1699 564 prohibet
1715 523 1816 558 illum
1836 527 2010 562 interfici?

1236 572 1334 605 Glzor.
1364 572 1444 606 Non
1464 573 1606 605 videtur
1624 573 1844 619 principibus
1861 576 1965 613 huius
1981 583 2146 626 regionis.

1183 620 1257 655 965
1301 626 1392 663 Nem.
1435 624 1617 667 Quidnam
1643 622 1711 658 hoc
1735 627 1786 659 rei
1810 629 1886 662 est?
1926 643 1972 664 an
1995 645 2068 666 non
2092 636 2171 669 lieet

1597 675 1796 711 interficere
1812 679 2000 716 inimicos?

1232 726 1330 759 Chor.
1346 725 1557 771 Numquem
1582 727 1760 762 viventem
1779 740 1949 775 ceperunt
1966 735 2002 767 in
2021 739 2169 780 proelio.

1228 778 1323 809 Nun.
1346 776 1391 809 Et
1410 775 1496 810 haec
1516 779 1655 811 decreta
1675 779 1799 825 Hyllus
1817 784 2010 826 probavit?

1231 828 1328 861 Cher.
1366 828 1480 866 Puto;
1521 842 1564 862 an
1594 842 1665 862 uon
1702 835 1892 876 oportebat
1916 849 1996 870 eum
2023 839 2166 874 obedire

1587 879 1669 914 huic
1686 883 1846 918 civitati?

1225 931 1318 963 Nem.
1362 929 1438 963 Iino
1464 943 1536 963 non
1563 935 1752 976 oportebat
1778 948 1858 970 eum
1885 938 2023 979 vivere,
2050 955 2165 988 neque

1590 984 1702 1017 lucem
1724 988 1877 1031 amplius
1895 990 2027 1026 videre.

1173 1029 1247 1063 970
1278 1033 1375 1066 Cher.
1411 1032 1485 1065 Hoc
1512 1034 1667 1078 primum
1693 1043 1744 1070 est
1766 1046 1860 1072 recte
1886 1041 2035 1081 factum,
2068 1049 2162 1090 quod

1585 1099 1657 1119 non
1677 1095 1728 1121 est
1745 1098 1899 1126 necatus.

1222 1135 1314 1167 Ivem.
1346 1136 1401 1166 An
1428 1149 1500 1168 non
1527 1138 1680 1181 amplius
1705 1147 1755 1173 est
1779 1150 1936 1183 rectum,
1970 1147 2054 1179 dare
2080 1162 2160 1182 eum

1583 1201 1737 1232 poenam
1750 1192 1764 1224 ’9

1222 1237 1320 1270 Chor.
1344 1237 1488 1270 Nemini
1507 1239 1588 1273 lieet
1605 1241 1803 1277 interficere
1819 1245 1937 1281 istum.

1219 1288 1293 1321 Alc.
1324 1287 1420 1333 Quid
1446 1290 1581 1331 dicam,
1616 1293 1645 1326 si
1673 1295 1765 1328 ausit
1792 1296 1920 1342 aliquis
1944 1311 2023 1332 eum
2051 1301 2157 1336 inter-

1578 1344 1681 1377 ficere
1692 1345 1707 1377 's'

1218 1391 1315 1424 Chor.
1360 1392 1528 1435 Magnam
1564 1392 1710 1429 habebis
1745 1397 2083 1442 reprehensionem,
2128 1406 2155 1439 si

1578 1444 1664 1480 haec
1680 1448 1814 1484 feceris.

1164 1490 1238 1525 975
1272 1494 1346 1526 Alc.
1384 1497 1474 1529 Amo
1503 1495 1595 1530 hanc
1620 1498 1820 1541 civitatem,
1854 1515 1926 1536 non
1946 1511 1993 1538 est
2013 1514 2154 1541 contra—

1579 1549 1788 1591 dicendum3

1211 1594 1279 1628 Sed
1298 1593 1413 1637 hunc,
1438 1605 1629 1644 postquam
1647 1602 1685 1634 in
1701 1615 1828 1638 manus
1846 1607 1940 1639 venit
1959 1619 2068 1649 meas,

1211 1646 1326 1680 Nemo
1344 1646 1432 1681 mihi
1453 1652 1659 1685 mortalium
1679 1654 1816 1699 eripiet.

1209 1699 1264 1731 Ad
1282 1696 1367 1732 haec
1379 1727 1387 1740 ,
1403 1701 1563 1747 quisquis
1581 1704 1687 1744 volet,
1705 1707 1799 1739 dicat
1815 1721 1869 1740 me
1886 1721 1957 1742 esse
1974 1710 2148 1749 ferocem;

1209 1749 1254 1782 Et
1285 1750 1377 1784 dicat
1406 1765 1463 1785 me
1495 1766 1567 1787 esse
1599 1756 1874 1799 animosiorem,
1912 1773 2018 1805 quam
2049 1765 2148 1797 decet

1564 1807 1734 1841 fentinam
1750 1823 1755 1842 t

1129 1836 1131 1854 ³
1156 1850 1230 1885 980
1256 1851 1317 1885 Illa
1335 1866 1390 1888 res
1407 1862 1528 1889 tamen
1546 1869 1565 1890 a
1585 1871 1640 1891 me
1659 1860 1717 1893 fiet
1732 1862 1899 1904 perfecta.

1209 1905 1305 1939 chor.
1351 1907 1515 1951 Agnosco
1544 1915 1578 1942 te
1604 1908 1796 1946 vehemens
1823 1920 1855 1946 et
1890 1915 2142 1959 ignoscendum

1567 1962 1691 1996 odium

1204 2007 1344 2041 Habere
1362 2011 1531 2045 adversus
1550 2012 1656 2046 istum
1674 2015 1803 2049 virum.

1206 2061 1288 2092 Εαν.
1313 2059 1345 2092 O
1364 2062 1508 2103 mulier,
1533 2064 1622 2097 bene
1641 2066 1728 2100 scito
1747 2080 1803 2100 me
1821 2080 1894 2101 non
1913 2071 2140 2106 adulaturum

1566 2116 1630 2149 tibi
1648 2130 1733 2159 esse,

1152 2159 1226 2195 985
1248 2161 1321 2196 Nec
1341 2164 1532 2211 quicquam
1553 2164 1573 2183 ’Ἠ
1589 2168 1766 2203 dicturum
1785 2172 1827 2204 de
1845 2185 1923 2205 mea
1942 2174 2027 2213 vita,

1203 2214 1307 2247 Unde
1336 2223 1501 2259 oporteat
1523 2221 1730 2264 quempiam
1748 2225 1979 2257 condemnari
2008 2226 2139 2258 timidi-

1562 2277 1655 2305 tatis.

1200 2314 1276 2360 Ego
1293 2325 1386 2351 certe
1404 2317 1473 2352 hoc
1490 2328 1671 2355 certamen
1691 2335 1764 2356 non
1781 2324 1932 2358 libenter
1950 2330 2097 2372 suscepi.

1200 2366 1285 2400 Sum
1305 2369 1369 2402 tibi
1387 2371 1529 2415 quidem
1548 2379 1654 2406 natus
1670 2376 1916 2412 consobrinus,

1199 2418 1244 2451 Et
1262 2427 1432 2464 cognatus
1450 2429 1511 2456 tuo
1529 2424 1602 2456 filio
1621 2424 1777 2460 Herculi.

1200 2470 1270 2503 Sed
1286 2472 1360 2505 sive
1377 2473 1560 2515 volebam,
1586 2475 1658 2509 sive
1678 2489 1752 2510 non
1770 2478 1951 2520 volebam,
1978 2482 2050 2515 Dea
2073 2486 2137 2517 fuit

1149 2519 1224 2555 990
1246 2521 1334 2555 Iuno
1347 2550 1356 2563 ,
1381 2537 1472 2569 quae
1489 2527 1642 2560 coniecit
1660 2540 1714 2561 me
1734 2529 1771 2562 in
1788 2527 1883 2564 hunc
1897 2534 2075 2568 morbum.

1199 2572 1394 2620 Postquam
1423 2583 1541 2610 autem
1560 2590 1638 2611 cum
1659 2579 1720 2613 illo
1737 2583 1874 2626 suscepi
1900 2583 2136 2626 inimicitiam,

1199 2623 1242 2657 Et
1261 2626 1401 2659 decrevi
1417 2635 1551 2662 certare
1568 2627 1636 2663 hoc
1657 2638 1848 2669 certamen,

1199 2675 1265 2709 Fui
1285 2678 1503 2722 excogitator
1520 2682 1715 2716 multorum
1733 2685 1934 2725 malorum,

1546 2730 1624 2766 59*
