2373 2980
72 123 124 158 69

75 209 125 242 tio
150 207 327 245 Castoris,
368 204 524 238 Pollucis
554 210 588 238 et
612 203 788 242 Helenae,
830 203 981 246 gignunt
1008 202 1069 236 Sa-

72 266 218 298 turnus,
245 257 379 301 Iupiter
395 262 429 289 et
448 255 582 293 Venus;
610 256 698 288 duas
712 255 870 287 femellas
894 261 928 286 et
955 266 1067 287 unum

45 322 228 348 fimarem,
265 309 380 354 qualis
414 314 465 341 est
489 306 671 351 generatio
688 305 846 345 Cereris,
882 304 1068 349 Proserpi-

46 368 47 372 ’
71 373 138 394 nae
156 367 190 394 et
206 357 358 399 Bacchi,
386 359 537 403 gignunt
554 357 693 397 Venus,
720 356 822 390 Luna
839 362 874 389 et
889 356 1000 390 Mars.

174 429 242 462 Sed
261 427 297 461 hi
319 429 433 461 foetus
458 427 669 471 plerumque
695 425 878 458 immaturi
902 426 1068 464 eduntur,

71 487 105 514 et
129 493 234 525 saepe
261 480 420 512 membra
449 483 647 510 monstrosa
677 477 854 510 adferunt.
918 475 963 508 Et
991 476 1068 521 qui-

0 526 15 545 l*
43 539 45 545 '
70 533 153 565 dam
170 533 325 564 eduntur
347 529 515 562 inusitato
542 540 663 567 more,
691 534 840 572 propter
863 527 987 560 talium
1013 540 1068 560 ac-

37 580 39 582 ·
69 583 263 616 cidentium
283 592 511 614 concursum.

441 699 495 731 De
521 697 692 729 monstris.

0 732 15 751 ri
43 726 44 731 ¹

0 776 35 808 a&
168 785 251 820 Non
269 784 384 816 aliena
404 789 454 817 est
478 782 642 815 doctrina
667 782 710 814 de
736 779 905 814 monstris
931 780 974 812 ab
999 777 1067 812 boc

2 822 42 867 “is
66 837 159 870 loco.
217 835 381 868 Primum
417 834 511 867 enim
540 833 578 865 in
605 831 658 866 bis
678 832 815 865 lumina
841 832 1066 875 reperientur

0 886 13 907 ³¹
63 887 189 932 procul
207 893 366 925 remota,
396 892 429 918 et
448 885 547 918 nullo
567 885 676 916 modo
699 883 930 927 adspicientia
957 880 1066 915 horo-

0 936 11 957 ³¹¹
38 958 40 962 Α
64 950 232 983 scopum,
261 944 295 970 et
308 937 469 970 cardines
488 936 651 979 occupati
670 947 689 967 a
708 934 874 968 maleficis
893 934 1013 967 stellis.

169 1005 258 1039 Cum
277 1005 386 1049 igitur
405 1004 484 1038 talis
511 1003 697 1048 dispositio
723 1015 758 1036 se
784 1002 929 1042 offeret,
964 1009 1002 1035 ut
1028 1002 1066 1034 fit

62 1069 167 1102 saepe
186 1057 292 1089 etiam
309 1057 347 1088 in
364 1056 610 1088 nativitatibus
630 1054 707 1087 aliis
727 1053 880 1087 sordidis
897 1059 931 1086 et
950 1053 1064 1086 infau—

66 1108 148 1147 stis,
190 1113 230 1141 ut
254 1108 405 1140 maxime
429 1119 503 1139 non
525 1107 595 1140 sint
622 1112 865 1145 monstrosae,
906 1105 1065 1137 conside-

66 1160 179 1192 randa
198 1165 248 1192 est
265 1159 481 1202 praecedens
502 1157 706 1190 coniunctio
725 1163 785 1189 aut
803 1155 1001 1200 oppositio,
1031 1161 1065 1187 et

66 1210 311 1244 dominatores
332 1222 455 1242 earum
471 1215 505 1240 et
531 1207 729 1240 nativitatis
755 1207 973 1240 dominator.
1028 1206 1065 1239 Si

36 1286 37 1295 ι
66 1261 175 1305 igitur
197 1260 394 1292 nativitatis
418 1259 635 1302 significator
661 1264 694 1290 et
711 1257 813 1290 Luna
839 1264 872 1290 et
896 1255 1065 1290 horosco-

21 1322 29 1345 5
67 1324 154 1356 pus,
182 1317 243 1343 aut
260 1311 396 1354 plures,
414 1311 546 1343 nullam
563 1308 696 1342 habent
715 1309 963 1352 cognationem
984 1321 1062 1341 cum

68 1361 295 1395 dominatore
314 1361 558 1405 praecedentis
582 1359 844 1392 coniunctionis
867 1366 929 1392 aut
951 1372 1064 1403 oppo-

22 1430 29 1453 ι,
66 1412 224 1451 sitionis,
261 1411 418 1445 nascitur
444 1412 558 1444 foetus
584 1410 772 1455 perplexae
800 1416 970 1450 naturae,
1003 1423 1065 1443 seu

0 1489 2 1510 ζ
33 1479 35 1482 ’
65 1469 303 1496 monstrosus.

2 1027 4 1057 i

0 1085 11 1109 11

2 1142 7 1161 ι

0 1246 6 1263 Γ

0 1181 3 1212 f

169 1531 234 1564 His
256 1531 303 1563 ita
327 1543 362 1564 se
386 1528 620 1568 habentibus,
655 1542 734 1562 cum
760 1529 896 1562 lumina
923 1536 1006 1562 sunt
1028 1529 1064 1561 in

64 1582 174 1626 signis
207 1581 414 1615 bestialibus
446 1588 479 1614 et
512 1581 548 1613 in
574 1580 778 1613 cardinibus
805 1581 875 1613 duo
901 1581 1065 1621 malefici,

66 1634 163 1679 quod
186 1633 362 1672 nascitur,
394 1645 469 1665 non
494 1630 639 1664 babebit
660 1629 855 1665 humanam
884 1638 1064 1666 naturam.

24 1685 25 1690 ¹
66 1685 228 1729 Cumque
247 1684 343 1717 nulla
361 1684 515 1716 benefica
532 1683 632 1716 stella
650 1683 821 1727 adspiciet
838 1683 987 1723 lumina,
1003 1684 1064 1717 sed

26 1740 32 1774 Ι
67 1741 207 1769 tantum
225 1735 417 1774 maleficae,
447 1735 543 1779 quod
560 1734 730 1773 nascitur,
748 1746 894 1778 prorsus
916 1734 982 1767 erit
1000 1735 1064 1767 im-

26 1777 31 1825 i
66 1798 193 1826 mane,
222 1793 255 1819 ct
280 1784 414 1819 habens
437 1787 548 1819 seram
573 1791 741 1818 naturam
769 1791 802 1817 et
827 1786 979 1818 nocendi
1006 1798 1064 1819 cu-

27 1848 31 1875 ]
65 1837 200 1882 pidam.
255 1837 323 1870 Sed
341 1837 370 1870 si
387 1836 587 1881 adspiciunt
603 1835 738 1880 Iupiter
757 1842 818 1868 aut
834 1836 973 1877 Venus,
1001 1849 1064 1870 na—

28 1896 31 1935 j
66 1895 183 1923 scetur
213 1889 405 1934 quiddam,
441 1888 537 1933 quod
565 1887 818 1931 superstitione
844 1894 1001 1921 vertetur
1025 1888 1063 1920 in

28 1944 29 1959 ³
67 1952 193 1979 omen,
222 1940 359 1984 eritque
385 1939 501 1972 simile
526 1939 625 1979 cani,
655 1945 715 1971 aut
739 1938 818 1977 seli,
844 1945 906 1972 aut
928 1938 1064 1973 simiae.

27 1996 29 2022 f
67 1991 131 2024 Sin
148 1990 348 2034 adspexerit
365 1989 584 2029 Mercurius,
606 1989 804 2022 imitabitur
820 1996 986 2023 naturam
1006 2002 1065 2023 eo-

26 2063 28 2069 ·
67 2054 169 2081 rum,
204 2053 295 2086 quae
319 2048 401 2074 sunt
432 2041 512 2074 usui
534 2039 761 2074 hominibus:
802 2047 841 2073 ut
864 2041 1064 2081 volucrum,

67 2099 129 2126 aut
152 2105 366 2136 porcorum,
407 2098 467 2124 aut
494 2104 704 2135 caprarum,
743 2098 805 2124 aut
830 2093 960 2131 boum,
1005 2099 1066 2125 aut

26 2180 27 2189 ἵ
67 2144 180 2178 simile
213 2144 397 2188 quiddam.
466 2143 529 2176 Sin
562 2149 679 2175 autem
713 2143 848 2175 lumina
873 2143 1004 2176 suerint
1028 2145 1064 2176 in

67 2195 175 2239 signis
192 2193 378 2233 humanis,
407 2206 469 2227 nec
486 2200 606 2226 tamen
623 2200 782 2227 caeterae
798 2194 919 2227 stellae
936 2206 1065 2238 cogna-

68 2246 203 2279 tionem
239 2258 318 2279 cum
350 2245 418 2279 illis
448 2243 651 2285 habebunt,
686 2252 878 2279 nascentur
904 2252 1063 2279 monstra

66 2295 254 2330 hominum
275 2297 371 2330 iuxta
398 2296 604 2342 qualitatem
636 2303 669 2329 et
693 2297 841 2340 figuram
867 2297 1065 2341 signorum,

67 2349 104 2381 in
123 2348 252 2393 quibus
269 2355 352 2382 sunt
378 2348 556 2380 maleficae
579 2348 818 2391 gubernantes
842 2349 979 2381 lumina
1004 2355 1066 2381 aut

23 2418 25 2429 ε
65 2400 240 2433 cardines.
295 2399 332 2432 Si
349 2399 447 2432 nulla
468 2399 621 2432 benefica
644 2399 795 2443 adspicit
813 2399 870 2432 illa
890 2400 980 2440 loca,
1000 2412 1064 2432 na-

64 2458 212 2485 scuntur
227 2463 373 2495 prorsus
396 2451 493 2483 fatua
519 2457 552 2483 et
578 2457 792 2484 monstrosa.
854 2451 916 2484 Sin
945 2458 1063 2485 autem

22 2520 23 2523 =
65 2513 106 2535 ea
130 2501 263 2547 Iupiter
287 2508 348 2535 aut
372 2502 491 2535 Venus
519 2502 740 2547 adspiciunt,
776 2510 941 2537 nascetur
964 2516 1066 2536 mon-

64 2559 177 2586 strum
202 2553 411 2598 speciosius:
447 2560 488 2586 ut
513 2551 824 2598 hermaphroditi,
860 2562 921 2589 aut
942 2555 1066 2588 balbu-

64 2604 205 2638 tientes.
258 2604 295 2637 Si
312 2611 430 2637 autem
454 2604 605 2649 adspicit
630 2618 668 2638 ea
689 2605 907 2647 Mercurius,
934 2606 1066 2650 signifi-

65 2662 122 2688 cat
155 2654 394 2695 divinatores,
444 2662 477 2688 et
507 2657 570 2702 qui
598 2658 643 2690 ad
669 2663 854 2703 quaestum
879 2659 1068 2691 conferunt

62 2706 316 2740 divinationes.
392 2706 500 2740 Solus
533 2714 651 2741 autem
686 2708 884 2743 Mercurius
912 2709 1067 2742 infausto

244 119 381 154 XLVII.
425 115 821 153 INTERPRETATIO
849 115 1021 150 OPERIS
1049 116 1437 162 QUADRIPARTITI
1462 116 1745 152 PTOLEMAEI
1772 117 1861 153 LIB.
1886 117 1942 152 111.

1093 411 1098 609 ι

1087 2228 1094 2430 ι

1090 2431 1096 2735 Ι

2066 118 2116 152 70

1122 201 1201 234 loco
1237 203 1348 246 gignit
1382 210 1501 237 mutos
1536 216 1575 236 ac
1612 205 1758 244 surdos,
1800 204 1979 237 interdum
2009 203 2116 236 etiam

1122 258 1257 285 astutos
1275 260 1308 286 et
1327 261 1554 289 veteratores.

1119 356 1174 388 De
1193 356 1304 395 natis,
1330 357 1389 400 qui
1408 358 1538 389 nutriri
1556 368 1621 389 non
1637 361 1794 399 possunt,
1829 358 1886 389 sed
1901 368 1982 390 mox
1997 357 2116 389 extin-

1539 412 1701 449 quantur.

1223 481 1374 527 Reliqua
1394 487 1444 515 est
1460 481 1553 515 inter
1572 495 1632 522 ea,
1661 496 1751 528 quae
1768 483 1804 515 iu
1822 483 1897 527 ipso
1915 489 2020 528 partu
2040 495 2118 527 spe-

1122 538 1283 573 ctantur,
1323 533 1560 566 consideratio
1588 535 1630 566 de
1656 534 1913 574 nutricatione,
1941 547 2048 580 quam
2065 535 2118 567 di-

1122 583 1253 627 stingui
1285 590 1437 628 oportet.
1498 583 1679 618 Interdum
1712 584 1806 617 enim
1839 583 1925 618 llaec
1955 586 2116 631 quaestio

1123 635 1277 678 pertinet
1294 636 1338 668 ad
1356 635 1556 668 doctrinam
1574 637 1617 669 de
1643 636 1864 679 longitudine
1887 638 1998 677 vitae,
2032 637 2116 682 quia

1123 683 1211 725 hoc,
1248 688 1289 719 de
1316 699 1387 731 quo
1414 686 1569 729 agimus,
1604 687 1747 732 utrique
1773 688 1974 732 quaestioni
2001 689 2116 721 adfine

1123 743 1184 770 est.
1237 737 1443 782 Aliquando
1462 750 1547 770 vero
1564 738 1720 771 seiuncta
1741 745 1811 778 est,
1839 738 1922 783 quia
1948 738 2118 772 differunt

1121 787 1255 832 spatia,
1290 790 1332 821 de
1359 789 1487 834 quibus
1511 786 1568 821 hie
1594 789 1789 823 disseritur.
1845 790 1933 823 Cum
1952 790 2046 822 enim
2071 791 2115 822 de

1122 839 1344 883 longitudine
1369 840 1461 872 vitae
1486 841 1690 885 quaeritur,
1718 841 1759 873 ‹le
1785 839 1838 874 his
1864 841 1998 885 agitur,
2028 853 2117 886 quos

1121 891 1278 924 sensibili
1296 898 1456 935 tempore
1474 892 1665 925 duraturos
1683 904 1755 925 esse
1774 893 2028 932 existimamus,
2049 890 2117 925 hoc

1121 948 1190 981 cst,
1220 954 1340 975 annuo
1359 942 1526 979 circuitu;
1557 943 1625 975 tale
1642 943 1736 975 enim
1755 950 1894 987 tempus
1915 949 1965 976 est
1988 956 2116 977 annus.

1121 992 1279 1037 Tempus
1297 1006 1381 1026 vero
1400 993 1511 1037 magis
1529 993 1759 1027 imbecillium
1777 1001 1859 1028 sunt
1876 1006 2025 1035 menses,
2043 994 2117 1028 dies

1120 1051 1154 1077 et
1168 1042 1291 1078 horae.
1345 1044 1518 1078 Doctrina
1536 1057 1621 1078 xero
1641 1046 1683 1078 de
1701 1045 1760 1085 iis,
1790 1046 1917 1091 quibus
1934 1058 2007 1078 non
2033 1058 2116 1090 pro-

1119 1097 1196 1129 dest
1226 1095 1439 1135 nutricatio,
1474 1096 1684 1140 intelligitur
1713 1098 1755 1129 de
1779 1104 1864 1130 nato
1891 1109 1964 1130 non
1989 1109 2116 1141 prove-

1118 1147 1238 1179 niente
1257 1148 1300 1179 ad
1320 1147 1407 1180 illud
1424 1154 1582 1191 tempus,
1611 1149 1668 1181 sed
1692 1155 1838 1192 propter
1862 1149 2032 1182 excellens
2057 1150 2116 1181 de-

1118 1198 1326 1230 trimentum
1344 1198 1463 1232 statim
1482 1199 1658 1231 moriente
1675 1212 1692 1231 a
1714 1206 1831 1243 partu.

1220 1257 1341 1290 Altera
1362 1257 1469 1301 igitur
1488 1258 1648 1302 quaestio
1665 1258 1886 1291 subtiliorem
1904 1256 2010 1292 babet
2029 1272 2116 1292 con-

1118 1309 1371 1342 siderationem
1384 1335 1393 1349 ,
1423 1306 1508 1341 baec
1525 1310 1746 1343 crassiorem.

1221 1368 1310 1401 Cum
1331 1368 1425 1401 enim
1445 1368 1595 1402 alterum
1614 1369 1735 1402 lumen
1753 1375 1804 1402 est
1828 1369 1863 1401 in
1890 1369 2053 1410 cardine,
2082 1376 2115 1403 et

1118 1419 1224 1452 simul
1258 1425 1309 1451 cst
1340 1420 1483 1463 planeta
1511 1420 1709 1459 maleficus,
1745 1427 1805 1453 aut
1831 1420 1937 1453 distat
1959 1421 2115 1464 longitu-

1118 1470 1222 1510 dine,
1253 1477 1373 1502 exacte
1406 1470 1559 1503 efficiens
1594 1471 1775 1514 trigonum
1804 1472 1958 1504 duorum
1985 1484 2115 1517 aequa-

1118 1521 1205 1554 lium
1230 1521 1402 1561 laterum,
1437 1533 1501 1554 nec
1524 1522 1709 1565 adspectus
1731 1522 1945 1555 interveniat
1967 1523 2115 1556 benefici

1118 1573 1304 1617 planetae,
1332 1579 1366 1605 et
1383 1572 1588 1605 dominator
1604 1573 1778 1606 luminum
1801 1573 1846 1607 sit
1869 1573 1906 1606 in
1931 1574 2016 1608 locis
2040 1587 2115 1607 ma-

1117 1625 1321 1664 leficorum,
1364 1624 1557 1657 nutricatio
1581 1624 1747 1658 destituet
1778 1631 1923 1663 natum,
1966 1632 2000 1658 et
2031 1638 2115 1659 mox

1118 1675 1304 1708 morietur.

1220 1735 1282 1768 Sin
1308 1741 1426 1767 autem
1454 1747 1527 1766 non
1556 1734 1679 1767 efficiet
1709 1732 1766 1766 hic
1795 1734 1928 1779 positus
1956 1736 2115 1780 triangu-

1117 1786 1190 1819 lum
1224 1787 1379 1819 duorum
1411 1786 1614 1831 aequalium
1640 1786 1810 1823 laterum;
1845 1787 1905 1819 sed
1928 1788 2115 1821 succedent

1117 1837 1312 1871 luminibus
1327 1837 1420 1869 radii
1444 1837 1687 1869 maleficorum
1714 1844 1747 1869 et
1772 1838 1843 1870 duo
1866 1838 2017 1878 fuerint,
2045 1839 2115 1872 lae-

1118 1890 1275 1934 dantque
1295 1889 1350 1921 vel
1369 1889 1520 1921 alterum
1544 1889 1683 1927 lumen,
1717 1888 1772 1920 vel
1799 1889 1924 1929 ambo,
1960 1890 2013 1922 vel
2037 1903 2114 1923 suc.-

1118 1941 1275 1973 cedendo
1300 1939 1356 1972 vel
1378 1939 1415 1971 in
1441 1939 1667 1983 oppositione
1693 1939 1747 1971 vel
1770 1952 1833 1983 per
1859 1939 1968 1980 vices,
2003 1942 2113 1974 altera

1119 1992 1275 2024 malefica
1303 1991 1456 2023 alterum
1481 1991 1620 2029 lumen3
1650 1990 1704 2022 vel
1734 1990 1844 2023 altera
1870 1991 1914 2024 sit
1937 1992 2115 2036 opposita,

1119 2043 1229 2075 altera
1262 2054 1347 2074 vero
1377 2042 1584 2075 succedens:
1629 2041 1742 2073 deerit
1771 2042 1987 2083 nutricatio,
2030 2044 2113 2089 quia

1118 2093 1310 2126 multitudo
1330 2093 1627 2125 detrimentorum
1644 2092 2003 2136 impeditutilitatem,
2023 2107 2114 2139 quae

1118 2151 1195 2177 erat
1213 2157 1253 2177 ex
1269 2145 1436 2176 distantia
1455 2144 1685 2183 succedentis,
1705 2145 1748 2176 ad
1769 2144 1994 2177 durationem
2008 2147 2113 2179 vitae.

1220 2195 1377 2228 Maxime
1404 2207 1488 2227 vero
1513 2195 1610 2228 Mars
1634 2195 1742 2227 laedit
1767 2195 1884 2227 Solem
1910 2197 2113 2237 succedens,

1118 2246 1259 2280 Lunam
1275 2259 1360 2279 vero
1378 2246 1564 2280 Saturnus.
1617 2246 1774 2279 Econtra
1799 2259 1883 2278 vero
1908 2247 1944 2279 in
1970 2248 2114 2292 opposi-

1119 2299 1236 2337 tione,
1272 2304 1332 2331 aut
1358 2310 1436 2330 cum
1461 2298 1645 2342 superiore
1669 2297 1747 2329 loco
1772 2304 1957 2340 ponuntur
1981 2300 2114 2332 malefi-

1119 2361 1178 2382 cae
1191 2376 1200 2389 ,
1228 2349 1346 2382 Solem
1363 2349 1515 2382 maxime
1533 2349 1640 2381 laedit
1657 2348 1851 2388 Saturnus,
1868 2348 2008 2382 Lunam
2027 2363 2112 2383 vero

1119 2400 1235 2440 Mars,
1285 2400 1438 2433 maxime
1467 2400 1495 2433 si
1533 2406 1707 2444 occupent
1735 2400 1811 2432 loca
1842 2400 2020 2435 luminum
2055 2409 2117 2436 aut

1119 2452 1357 2484 dominatoris
1389 2449 1591 2494 horoscopi.
1651 2450 1687 2483 Si
1723 2457 1839 2484 autem
1866 2453 1956 2485 duae
1983 2453 2116 2486 suerint

1120 2503 1384 2547 oppositiones,
1412 2502 1459 2534 ita
1477 2509 1516 2535 ut
1533 2501 1569 2533 in
1587 2502 1789 2535 cardinibus
1806 2503 1876 2536 sint
1894 2504 2052 2543 lumina,
2081 2511 2116 2538 et.

1121 2555 1300 2587 maleficae
1334 2553 1488 2585 efficiant
1520 2553 1700 2596 trigonum
1729 2554 1882 2588 duorum
1910 2555 2114 2600 aequalium

1119 2606 1291 2645 laterum,
1313 2611 1509 2638 nascuntur
1526 2605 1582 2637 vel
1598 2611 1739 2638 mortua
1757 2605 1812 2638 vel
1829 2607 2012 2641 semiviva.

1223 2656 1311 2689 Cum
1330 2662 1448 2689 autem
1468 2656 1603 2689 lumina
1622 2656 1806 2690 discedunt
1822 2658 1866 2690 ab
1889 2658 2007 2703 aliqua
2031 2669 2115 2691 con-

1120 2707 1303 2740 iunctione
1337 2707 1597 2748 beneficarum,
1631 2714 1693 2741 aut
1718 2707 1854 2753 alioqui
1882 2721 1940 2743 eas
1964 2708 2115 2743 feliciter

1742 2756 1793 2792 5.
