2373 2980
238 105 312 140 283
797 100 919 135 PHIL.
956 99 1069 134 MEL.
1103 99 1307 135 SCRIPTA
1343 101 1678 139 PHILOLOGICA.
2184 110 2259 153 2834

238 190 266 216 in
291 194 424 225 promptu
449 195 508 223 est,
531 186 699 222 Euripidem
717 184 929 222 philosophiam
951 193 968 211 e
989 184 1094 212 scholis
1117 185 1145 212 in
1168 194 1283 213 scenam
1306 187 1477 223 abduxisse,
1499 194 1675 226 arreptaque
1699 198 1715 217 e
1732 187 1836 218 sabulis
1858 196 1887 219 et
1904 191 2030 220 historiis
2054 193 2191 226 materia,
2215 201 2259 221 to-

238 231 295 258 tius
318 230 460 257 humanae
485 230 560 255 vitae
583 228 707 254 rationes
730 227 821 254 oculis
845 226 991 254 hominnm
1014 227 1085 254 mira
1114 227 1199 255 simul
1223 238 1287 256 cum
1317 229 1511 258 oblectatione
1538 231 1731 268 proposuisse.
1784 232 1870 265 Quod
1899 234 1922 261 si
1951 234 2116 271 singillatim
2144 243 2178 262 ac
2206 244 2260 272 per

238 278 336 309 partes
359 271 460 299 iubeor
482 270 701 305 demonstrare,
732 269 866 306 equidem
890 278 974 306 posse
998 278 1054 295 non
1077 268 1247 306 desperem
1276 271 1328 298 sed
1352 281 1423 308 opus
1446 281 1552 300 novum
1576 273 1645 300 mihi
1676 279 1853 303 nasceretur.
1903 275 1962 304 Hos
1985 276 2052 304 satis
2083 276 2119 303 sit
2142 277 2261 313 dixisse,

237 314 350 341 nullum
372 321 436 340 esse
459 313 486 339 in
511 311 691 349 philosophia
714 317 816 348 caput,
840 310 918 349 quod
939 310 976 338 ad
999 309 1143 339 humanae
1168 312 1244 340 vitae
1267 313 1475 341 institutionem
1499 313 1603 350 saciat,
1633 315 1712 342 cuius
1734 325 1791 343 non
1816 321 1845 343 et
1867 323 2041 355 praecepta,
2070 323 2099 345 et
2123 319 2260 355 exempla

235 355 357 392 insignia
381 355 423 380 his
447 354 514 390 ipsis
538 353 566 379 iu
589 353 793 390 superstitibus
822 354 883 381 eius
906 351 1057 391 (equidem
1081 353 1118 381 de
1142 362 1245 391 magno
1267 363 1388 382 numero
1418 354 1588 394 perpaucis)
1611 362 1729 384 exstent
1759 359 1925 394 tragoediis.
1976 360 2110 397 Disputat
2141 361 2259 397 quidem

236 397 273 424 dc
296 397 376 430 Diis,
398 395 436 422 de
455 395 513 422 fato
528 404 579 422 seu
604 396 694 423 causis
717 404 814 423 rerum
837 395 1044 431 humanarum,
1067 395 1104 422 de
1129 396 1317 432 necessitate,
1340 396 1377 424 de
1401 397 1596 425 vicissitudine
1619 407 1716 426 rerum
1741 404 1771 427 et
1792 400 2000 428 incertitudine
2017 402 2111 437 varie,
2134 402 2186 430 sed
2208 403 2258 438 ita,

235 445 266 466 ut
288 438 371 465 variis
394 437 524 473 personis
547 437 675 466 diversas
699 438 858 466 sententias
880 437 997 465 tribuat.
1043 438 1107 470 Quo
1130 438 1179 475 qui
1200 447 1255 464 non
1279 438 1454 475 respiciunt,
1483 440 1502 466 ii
1524 448 1659 477 magnam
1681 450 1779 469 secum
1801 441 1829 468 in
1851 448 1983 470 autorum
2004 443 2135 479 gravium
2152 444 2260 481 scripta

233 480 374 508 inscitiam
397 478 581 515 adserentes,
611 485 732 517 propter
755 488 790 507 ea
814 480 861 507 vel
890 479 1010 507 laudant
1039 479 1087 507 vel
1116 479 1255 506 damnant
1283 480 1472 516 scriptorem,
1501 490 1577 518 quae
1599 482 1642 509 illi
1665 491 1702 510 ne
1724 491 1779 520 per
1809 483 1925 511 febrilia
1948 484 2062 522 quidem
2092 486 2200 513 somnia
2222 486 2260 513 ad

233 523 358 549 animuin
381 521 563 549 accidissent.
606 522 742 558 Alioquin
766 522 857 549 multa
878 521 1010 548 invenies
1034 521 1161 557 piissime
1185 521 1278 548 dicta:
1302 521 1389 558 quale
1412 527 1454 550 est
1477 522 1551 550 illud
1573 523 1652 552 initio
1671 525 1839 563 Hippolyti,
1860 526 1956 554 Deum
1973 536 2039 554 suos
2061 527 2186 555 cultores
2207 537 2259 555 cu·-

235 572 316 599 rare,
338 569 553 600 contemptores
577 564 754 600 opprimere.
797 564 835 590 Et
857 563 925 600 quid
949 563 1074 590 sanctius
1099 563 1149 590 illo
1171 563 1307 590 Electrae
1331 563 1423 591 dicto:

894 628 936 634 -
958 610 1053 649 Quod
1073 621 1161 640 mmo
1183 611 1356 641 ‹tna-ilium
1377 617 1500 649 petam,

872 652 976 683 Nobis
997 653 1090 683 Deus
1112 653 1243 692 quando
1265 656 1396 683 miseris
1419 650 1609 684 irascitur?
1617 654 1646 695 *)

233 706 318 738 Quod
342 705 365 732 si
387 705 543 732 Christiani
565 705 708 732 interdum
732 713 829 733 secum
853 711 1041 744 reputarent,
1063 707 1152 742 magis
1176 706 1213 733 de
1231 705 1373 742 placanda
1385 706 1510 733 numinis
1533 707 1591 743 ira,
1613 716 1701 744 quam
1717 708 1795 735 novis
1809 706 1894 747 ea**)
1911 709 2037 746 peccatis
2056 709 2260 746 exasperanda

234 748 404 784 cogitarent.
449 747 510 773 lam
534 747 581 784 qui
604 756 702 774 rerum
725 747 897 775 caducarum
920 748 1074 784 κυκεῶνα,
1098 753 1127 775 et
1148 748 1288 775 humanas
1310 748 1441 775 miserias
1464 749 1543 785 apud
1564 749 1735 786 Euripidem
1759 750 1841 787 quasi
1863 750 1893 778 in
1914 750 2033 788 speculo
2055 752 2164 786 cernit,
2193 759 2260 778 cum

232 790 284 817 sibi
307 789 467 817 remedium
491 789 629 817 adversus
652 789 723 816 haec
745 790 836 826 mala,
860 795 889 817 et
912 790 1087 827 praesidium
1110 798 1175 818 esse
1196 791 1225 817 in
1240 790 1296 818 Dei
1317 789 1567 827 invocatione***)
1582 792 1746 828 auxilioque
1769 792 1891 829 cogitat,
1914 793 1964 830 qui
1984 802 2042 821 non
2056 792 2094 821 ad
2109 792 2262 830 pietatem,

234 832 370 868 vitaeque
392 832 583 858 innocentiam
609 828 775 859 efficitetur?
818 832 864 859 De
886 831 1028 860 felicitate
1049 838 1165 866 autem,
1195 832 1287 869 qualis
1310 832 1456 860 hominum
1480 833 1508 859 in
1532 838 1612 860 terra
1635 834 1794 863 viventium
1817 842 1880 862 esse
1902 839 2017 872 potest,
2043 834 2157 863 Solonis
2186 834 2262 862 illud

233 871 422 911 dictum‘⁸**)
448 874 553 910 ubique
576 874 718 909 inculcat,
748 874 983 911 successibusque
1012 883 1069 901 non
1098 883 1162 901 esse
1191 874 1341 901 fidendum
1369 873 1465 902 docet.
1516 875 1611 907 Quam
1642 876 1746 912 pulcre
1774 877 1903 905 ostendit
1925 876 2059 905 Theseus
2080 875 2262 914 Adrasto-1·),

237 923 344 943 vanum
368 924 443 951 esse,
467 915 544 951 quod
568 915 697 943 homines
720 915 757 942 de
768 916 830 943 Diis
853 921 1027 953 querantur,
1051 916 1136 953 plura
1159 925 1208 943 eos
1232 916 1308 942 mala
1330 924 1414 953 quam
1441 916 1515 942 bona
1536 917 1669 952 dedisse;
1694 918 1747 945 sed
1770 919 1846 955 ipsos
1869 928 1921 946 sua
1943 919 2140 956 imprudentia
2160 918 2189 945 in
2213 927 2261 945 res

232 957 368 984 adversas
391 963 419 984 et
442 957 601 993 perniciem
624 956 726 985 ruere!
771 958 905 994 Disputat
928 959 958 985 in
980 958 1104 985 eandem
1127 958 1303 985 seutentiam
1325 962 1429 995 argute
1444 957 1659 996 Phaedra††),
1681 960 1862 997 voluptatum
1884 961 1982 999 specie
1998 961 2128 988 homines
2150 959 2261 995 seduci,

236 1005 266 1026 ut
290 999 363 1025 mala
386 999 467 1025 bonis
489 998 668 1035 praeferant.
712 999 803 1026 Multa
826 1005 893 1026 sunt
915 999 1078 1026 huiusmodi
1104 999 1141 1027 de
1164 998 1324 1036 supplicio,
1346 1000 1423 1036 quod
1445 999 1526 1028 Deus
1550 1001 1631 1028 malis
1654 1002 1771 1029 tandem
1793 1003 1921 1040 irroget,
1943 1012 2008 1030 cum
2031 1003 2123 1030 virtus
2146 1007 2176 1030 et
2198 1002 2262 1039 ipsa

233 1041 348 1067 demum
373 1050 455 1067 suum
477 1041 603 1067 inveniat
626 1042 797 1077 praemium.
851 1041 896 1068 De
926 1041 1103 1078 reipublicae
1132 1041 1380 1068 administratione
1402 1050 1460 1069 non
1490 1052 1546 1069 uno
1578 1043 1638 1069 loco
1668 1043 1836 1072 disseritur:
1865 1045 1903 1072 de
1926 1045 2006 1072 cuius
2030 1045 2139 1081 optima
2165 1042 2261 1070 forma

231 1082 364 1110 Theseus
388 1082 539 1119 praeclare
561 1088 661 1110 contra
683 1083 816 1110 Creontis
847 1091 1025 1119 praeconem
1048 1083 1135 1110 verba
1163 1082 1233 1110 facit
1255 1082 1455 1120 Supplicibus,
1485 1092 1560 1121 quae
1581 1084 1729 1112 adducere
1752 1091 1783 1113 et
1804 1086 1923 1123 longum
1946 1091 2008 1122 est,
2036 1094 2134 1123 neque
2156 1093 2261 1112 neces-

232 1125 348 1152 sarium.
393 1124 471 1156 Quid
494 1124 547 1152 hoc
569 1124 720 1154 Menoecei
742 1133 773 1153 se
795 1133 848 1162 pro
871 1125 965 1162 patria
988 1124 1158 1152 devoventis
1180 1123 1352 1162 dicto†††)
1377 1129 1473 1161 potest
1496 1126 1656 1163 excogitari
1678 1128 1768 1166 magis
1791 1128 1836 1156 vel
1859 1129 1961 1166 pium,
1984 1128 2031 1156 vel
2053 1129 2140 1156 rebus
2161 1126 2260 1164 publi-

233 1167 272 1194 cis
294 1164 443 1194 satutare?

828 1206 870 1237 Si
890 1205 1028 1246 quilibet
1050 1211 1211 1245 quantam
1234 1211 1352 1245 queat,
1372 1210 1502 1236 tantum
1524 1205 1602 1236 boni

826 1248 870 1278 In
889 1247 1076 1287 publicum,
1097 1250 1296 1289 patriaeque
1317 1248 1476 1287 conferat
1497 1259 1593 1278 suae.-

825 1291 913 1321 Mox
934 1294 1099 1331 pauciora
1122 1290 1316 1321 civitatibus
1337 1292 1439 1326 mala,

825 1333 869 1363 In
889 1339 1061 1373 posterum
1083 1344 1137 1363 res
1158 1334 1375 1371 accidentque
1396 1342 1590 1372 prosperae.

232 1376 342 1403 Verum
367 1375 420 1402 hoc
443 1375 606 1411 mehercle,
629 1375 682 1403 sed
703 1376 786 1403 nimis
810 1387 896 1415 quam
920 1387 1027 1405 rarum.
1084 1377 1191 1414 Neque
1215 1377 1339 1405 bellicae
1361 1377 1405 1404 rei
1425 1381 1584 1413 praecepta
1606 1375 1712 1404 omisit.
1760 1375 1794 1402 In
1817 1374 1917 1404 Rheso
1940 1377 1996 1404 tria
2018 1376 2123 1404 ducum
2144 1376 2262 1412 ingenia

234 1419 448 1454 depinguntur:
471 1418 658 1445 temerarium
681 1418 787 1454 Rhesi,
809 1420 953 1447 successui
975 1419 1092 1447 nimium
1115 1417 1208 1446 fidens
1231 1418 1380 1454 Hectoris,
1403 1423 1517 1445 cautum
1539 1419 1666 1445 Aeneae.
1710 1416 1770 1444 Sed
1794 1416 1839 1455 (ut
1862 1417 1937 1455 dixi)
1956 1423 2026 1455 quot
2048 1418 2144 1455 capita
2166 1416 2260 1456 (locos

231 1469 401 1487 communes
424 1458 542 1494 vocant)
564 1465 631 1487 suut
654 1459 855 1497 philosophiae
878 1461 1014 1495 moralis,
1045 1468 1115 1499 quot
1137 1470 1185 1488 res
1207 1461 1244 1488 ad
1267 1461 1354 1487 vitam
1377 1469 1558 1487 communem
1582 1458 1763 1496 dirigendam
1787 1460 1890 1495 utiles,
1924 1465 1965 1487 tot
1986 1460 2017 1486 in
2040 1469 2097 1487 nno
2119 1459 2261 1497 Euripide

229 1502 360 1530 thesauri
383 1502 494 1537 latent,
522 1501 577 1528 hoc
599 1506 660 1538 est,
689 1502 848 1531 innumeri:
879 1509 998 1540 tamque
1029 1503 1104 1530 latus
1129 1508 1211 1539 patet
1234 1502 1475 1539 pulcerrimarum
1497 1501 1725 1537 sententiarum,
1754 1507 1785 1528 et
1813 1501 2089 1538 sapientissimorum
2118 1500 2262 1529 dictorum

232 1553 366 1581 campus,
395 1550 426 1571 ut
450 1548 579 1581 praestet
604 1544 744 1572 lectorem
768 1553 802 1572 eo
825 1546 995 1580 remittere,
1026 1546 1073 1573 ubi
1105 1546 1167 1582 ipsa
1196 1545 1332 1572 iudicium
1355 1550 1484 1572 moratur
1506 1548 1537 1571 et
1560 1543 1681 1571 distinet
1703 1543 1795 1580 copia.
1846 1543 2004 1571 Praetereo
2027 1551 2122 1579 nunc,
2153 1547 2262 1580 quanta

231 1587 295 1614 eius
318 1587 378 1621 vis,
402 1591 527 1622 quantus
547 1586 574 1612 in
600 1585 723 1614 dicendo
746 1593 881 1624 ornatus,
912 1596 986 1625 quae
1008 1587 1038 1614 in
1061 1587 1142 1624 poesi
1165 1593 1195 1614 et
1218 1595 1305 1623 quam
1329 1586 1505 1613 admirabilis
1528 1585 1704 1613 oeconomia.
1755 1585 1862 1622 Neque
1893 1585 1972 1612 enim
2000 1585 2110 1612 institui
2140 1584 2261 1612 laudare

230 1629 260 1656 in
284 1628 450 1665 praesentia
471 1627 662 1664 Euripidem,
686 1628 735 1665 qui
757 1637 789 1656 se
811 1630 905 1667 ipsum
928 1630 967 1657 ita
991 1628 1192 1663 commendat,
1215 1634 1247 1655 ut
1269 1628 1361 1656 semel
1384 1628 1542 1664 diligenter
1564 1627 1674 1663 lectus,
1695 1626 1733 1654 ad
1755 1627 1871 1664 saepius
1893 1626 2086 1664 repetendam
2102 1626 2145 1654 sui
2159 1626 2262 1654 lectio·-

230 1678 299 1698 nem
322 1670 443 1697 mirifice
464 1670 568 1697 invitet
590 1676 620 1698 et
642 1671 758 1698 alliciat.
803 1672 999 1704 Quamobrem
1022 1676 1133 1699 tantum
1155 1675 1286 1698 autorem
1310 1676 1355 1705 te,
1378 1670 1422 1697 vir
1439 1669 1642 1706 Amplissime,
1666 1669 1717 1696 sibi
1740 1673 1894 1705 patronum
1917 1673 2102 1706 poscentem,
2125 1677 2182 1696 non
2206 1667 2261 1695 du-

229 1712 308 1748 bito,
331 1713 400 1748 quin
423 1712 510 1739 facile
533 1712 571 1739 sis
594 1713 622 1739 in
646 1718 723 1740 tuam
747 1713 916 1741 clientelam
937 1719 1121 1750 accepturus.
1164 1712 1282 1740 Deinde
1304 1721 1369 1739 cum
1391 1711 1525 1748 Philippo
1547 1712 1587 1739 ita
1608 1719 1676 1738 usus
1699 1711 1737 1738 sis
1759 1711 1826 1737 olim
1849 1716 2060 1748 praeceptore,
2082 1715 2115 1737 ut
2137 1714 2168 1738 et
2189 1717 2262 1747 per-

230 1759 319 1792 petua
342 1763 407 1781 enm
432 1759 461 1781 tu
486 1755 666 1782 observantia
689 1755 782 1792 colas,
812 1761 842 1783 et
864 1756 927 1793 ipse
952 1761 981 1783 te
1004 1755 1121 1793 plurimi
1143 1754 1247 1782 faciat:
1275 1753 1414 1791 equidem
1436 1753 1507 1780 mihi
1528 1752 1709 1791 persuadeo,
1738 1753 1803 1780 fieri
1825 1762 1884 1780 non
1906 1761 2008 1790 posse,
2037 1752 2108 1790 quin
2131 1760 2169 1779 ex
2192 1750 2260 1779 offi-

231 1797 294 1824 cina
317 1796 378 1823 eius
401 1795 565 1833 profectum
588 1796 643 1824 hoc
665 1806 753 1834 opuS,
783 1798 869 1825 etiam
894 1798 946 1825 hoc
969 1798 1031 1835 ipso
1054 1797 1170 1824 nomine
1190 1798 1228 1824 sis
1251 1802 1365 1833 gratum
1387 1796 1547 1824 habiturus.
1600 1795 1747 1823 Postremo
1776 1793 1846 1822 facit
1875 1794 1929 1822 hoc
1950 1803 2078 1823 summus
2100 1799 2167 1823 tuus
2188 1802 2260 1831 erga

228 1838 439 1875 rempublicam
464 1838 633 1866 litterariam
655 1848 750 1875 amor,
775 1845 860 1868 notus
882 1840 951 1876 ille,
974 1844 1004 1867 et
1025 1849 1076 1867 suo
1100 1848 1164 1866 cum
1185 1838 1334 1866 commodo
1351 1838 1482 1875 cognitus
1504 1837 1653 1875 plurimis,
1677 1841 1723 1873 ut,
1747 1836 1881 1874 quicquid
1896 1836 2000 1864 laboris
2014 1836 2051 1864 ad
2067 1845 2132 1864 eam
2146 1844 2259 1873 augen-

230 1881 297 1908 dam
321 1881 492 1917 suscipitur‚
515 1880 544 1907 id
568 1890 653 1908 omne
676 1882 725 1909 tibi
748 1887 902 1919 acceptum
924 1890 988 1909 esse
1012 1882 1144 1909 sciamus.
1195 1881 1258 1908 Erit
1281 1881 1381 1917 itaque
1402 1881 1436 1908 T.
1460 1881 1494 1908 A.
1517 1888 1624 1917 opera,
1653 1887 1739 1915 quam
1769 1878 1900 1916 impendi
1929 1879 1958 1906 in
1989 1878 2063 1906 hanc
2091 1878 2259 1914 editionem,

231 1927 310 1950 tanto
332 1923 458 1958 gratior,
489 1928 595 1959 quanto
625 1923 724 1951 iustius
748 1929 811 1951 erat
835 1930 881 1960 te,
912 1933 975 1951 cuin
1007 1923 1102 1950 studia
1131 1931 1198 1950 mea
1226 1922 1274 1949 diu
1304 1922 1486 1959 multumque
1516 1921 1679 1949 incredibili
1707 1921 1912 1948 benevolentia
1940 1920 2077 1958 fovisses,
2103 1921 2259 1949 autoritate

232 1964 410 2001 consilioque
434 1970 482 1991 tuo
506 1965 717 2002 promovisses,
747 1966 982 2003 liberalitateque
1006 1965 1179 2001 adiuvisses,
1208 1965 1333 1992 fructum
1357 1964 1485 2001 aliquem
1508 1963 1712 1990 collocatorum
1742 1963 1771 1990 in
1794 1972 1841 1990 me
1864 1963 2070 1992 beneficiorum
2092 1960 2277 2001 perciperes

230 2007 333 2043 Itaque
355 2016 420 2033 cum
443 2007 472 2033 in
496 2014 628 2042 magnam
651 2014 732 2044 spem
756 2008 906 2046 venirem,
927 2007 992 2035 sore
1015 2007 1089 2034 lianc
1111 2016 1204 2034 meam
1228 2006 1400 2034 industriam
1423 2005 1487 2033 usui
1508 2005 1623 2041 multis,
1653 2005 1702 2042 qui
1726 2005 1773 2033 vel
1794 2006 1942 2034 Graecum
1964 2006 2065 2044 legere
2088 2006 2188 2044 Euripi
2197 2005 2259 2033 lem

230 2058 288 2076 non
311 2053 447 2085 possent,
470 2047 518 2076 vel
540 2048 754 2084 perdiscendae
777 2050 896 2086 linguae
917 2050 1011 2086 gratia
1032 2048 1168 2077 conferre
1183 2050 1299 2077 Graeca
1321 2058 1386 2075 cum
1408 2047 1520 2076 Latinis
1542 2052 1700 2084 cuperent:
1721 2048 1863 2085 cogitavi,
1883 2048 2052 2076 declarandi
2073 2048 2149 2086 grati
2169 2047 2258 2075 animi

229 2099 301 2128 ergo
323 2089 402 2118 hunc.
424 2096 506 2126 tuae,
536 2090 643 2118 Consul
673 2091 917 2128 prudentissime,
945 2091 1137 2130 Amplitudini
1165 2090 1428 2119 commendandum
1457 2089 1644 2127 Euripidem,
1677 2090 1726 2127 qui
1754 2090 1840 2118 simul
1870 2096 1901 2118 et
1922 2100 2006 2119 meae
2027 2091 2058 2118 in
2079 2096 2109 2119 te
2130 2090 2259 2128 pietatis,

227 2139 261 2160 et
284 2132 314 2159 in
337 2133 547 2170 rempublicam
571 2132 742 2161 litterariam
765 2134 851 2161 studii
873 2139 952 2162 esset
975 2139 1190 2172 argumentum.
1241 2133 1348 2170 Accipe
1373 2133 1477 2170 igitur,
1506 2131 1683 2169 praesidium
1706 2137 1737 2160 et
1767 2138 1970 2161 ornamentum
1994 2133 2108 2171 patriae
2131 2132 2258 2160 clarissi-

228 2183 324 2209 mum,
351 2183 368 2201 a
400 2174 480 2202 nobis
504 2173 557 2201 hoc
585 2175 788 2213 qualecunque
816 2176 1019 2204 munusculum
1052 2184 1086 2204 eo
1115 2176 1230 2212 animo,
1259 2184 1316 2213 quo
1339 2179 1369 2202 te
1400 2183 1464 2202 esse
1487 2182 1558 2212 erga
1581 2183 1680 2202 omnes
1710 2174 1897 2203 honestarum
1920 2176 2026 2204 artium
2047 2174 2189 2203 studiosos
2211 2173 2257 2212 (in

231 2217 333 2253 quibus
354 2225 451 2244 meum
475 2224 583 2244 nomen
606 2217 761 2255 profiteor)
785 2223 942 2256 expertum
963 2218 1074 2247 habeo:
1103 2226 1250 2256 speraque
1279 2226 1327 2245 me
1349 2216 1540 2253 effecturum,
1570 2221 1601 2244 ut
1623 2217 1751 2254 patriae,
1780 2223 1810 2246 et
1834 2222 1883 2245 tua
1904 2218 2107 2256 aliorumque,
2136 2217 2186 2256 qui
2207 2227 2255 2245 co-

316 2340 368 2364 Hio
387 2341 464 2364 locus
482 2341 584 2372 legitur
602 2342 631 2365 in
650 2341 742 2372 Eurip.
763 2341 872 2366 Oresta.

301 2387 313 2420 )
333 2389 379 2418 ea]
397 2389 447 2412 Ed.
467 2389 541 2413 1558.
560 2390 646 2414 male:
667 2397 727 2415 eam

262 2387 279 2406 ‘ll’
263 2340 281 2358 δί»

283 2487 298 2506 <ll-
283 2437 300 2456 ii*
283 2387 298 2405 ἂι·
285 2341 297 2368 υ

262 2438 282 2457 :11

262 2485 280 2505 ιζ

302 2438 333 2468 *)
352 2439 539 2471 invocatione]
561 2441 610 2465 Ed.
627 2441 700 2466 1558.
721 2441 792 2465 male
815 2442 984 2467 disiunctim:
1005 2443 1033 2467 in
1053 2444 1203 2469 vocatione.

303 2487 449 2546 “tssgmflffig
468 2490 594 2546 εέοὲἒαιιῐ
612 2490 646 2513 ad
665 2490 776 2514 Solonis
796 2497 855 2514 cum
875 2490 979 2516 Croeso
998 2491 1209 2522 disputationem
1228 2494 1261 2518 de
1279 2494 1391 2518 fortuna
1407 2494 1539 2525 humana,
1560 2500 1629 2525 quae
1647 2494 1750 2526 legitur
1769 2495 1839 2526 apud
1857 2495 1987 2520 Herodot.
2006 2494 2029 2527 Ι,
2048 2494 2161 2522 :io-³2.
2179 2495 2252 2520 conf.

297 2529 311 2545 e

263 2569 301 2601 †)
319 2571 350 2595 ln
367 2572 458 2602 Eut-ip.
477 2572 658 2602 supplicibus.

262 2618 325 2651 ††)
344 2620 374 2644 ln
392 2621 484 2651 Eurip.
504 2621 610 2651 Hippol.
629 2627 721 2646 coron.

263 2668 351 2702 †††)
369 2671 399 2696 ln
420 2672 512 2703 tui-ip.
532 2672 674 2699 phoeniss.
697 2675 887 2700 1022—1025.
907 2676 955 2699 Ed.
973 2677 1085 2701 Barnes.
