2373 2980
102 81 178 120 425
506 79 611 115 LVII.

155 170 228 203 Cre.
258 166 353 212 Quid
371 165 447 200 ais?
476 165 676 199 cuiusmodi
693 178 894 200 sermonem
913 165 1049 207 dixisti,
1077 179 1097 200 o

521 216 652 250 senex?

159 271 232 303 Tir.
260 268 309 301 Ut
324 279 380 300 res
398 267 535 307 ferunt,
564 268 612 301 sic
635 273 777 311 oportet
794 273 826 300 te
844 267 969 301 sacere.

17 312 23 347 l
154 323 226 354 Cre.
246 318 279 351 Ο
295 330 403 363 quam
421 319 530 351 multa
547 318 640 350 mala
654 330 766 362 parvo
783 324 944 363 tempore
963 318 1097 352 dixisti!

14 367 21 411 i
102 368 177 406 925
207 372 281 404 Τὶν.
310 369 414 409 Tibi,
441 371 501 403 sed
519 369 655 413 patriae
672 380 800 412 magna
822 376 855 402 et
874 369 1054 403 salutaria.

153 422 226 456 Cre.
252 420 333 454 Non
353 421 473 460 audio,
500 432 564 453 nec
582 420 843 461 animadverto,
871 421 987 453 valeat
1002 421 1098 454 urbs.

155 473 230 505 Tir.
257 470 324 505 Iste
342 471 398 504 vir
415 483 488 505 non
505 476 675 503 retractat
692 470 821 504 iterum
839 472 1064 505 sententiam.

153 524 226 557 Gre.
244 522 343 555 Vade
359 520 454 562 hinc,
475 519 566 555 nihil
581 534 669 565 opus
682 528 733 555 est
748 520 836 555 mihi
851 523 920 556 tuis
935 523 1097 556 oraculis.

156 575 230 607 Tir.
261 573 356 607 Num
373 574 504 607 veritas
520 572 628 617 periit
643 579 832 617 propterea
846 600 855 614 ,
884 573 966 619 quia
984 580 1022 606 tu
1045 574 1098 605 in-

514 624 597 657 felix
615 623 673 657 es'?

19 671 22 710 l
101 674 177 709 930
206 677 278 709 Cre.
308 675 384 708 Oro
400 681 433 708 te
453 687 518 719 per
541 686 656 718 genua
681 681 714 707 et
738 686 801 718 per
825 672 1012 708 honestam
1042 688 1098 708 ca-

519 726 657 758 nitiem.

156 779 228 810 Tir.
257 776 377 821 Quare
394 775 549 820 procidis
566 776 610 808 ad
628 774 768 818 genua?
794 774 1012 809 inevitabilia
1032 789 1096 821 po-

513 826 620 860 stulas
639 826 743 858 mala.

20 882 22 912 J
152 879 224 912 cre.
253 877 347 910 Tace
359 904 368 918 ,
397 889 440 910 ne
458 877 552 910 dicas
570 876 705 909 civibus
723 874 818 910 hunc
835 889 1049 912 sermonem.

153 930 228 963 Tir.
255 927 355 962 Iubes
372 940 428 961 me
443 928 572 961 iniusta
590 926 731 960 facere?
765 940 839 960 non
857 929 993 963 tacebo,

20 991 21 1018 ι
153 981 226 1014 Cre.
255 980 352 1025 Quid
366 980 472 1013 facies
496 976 611 1012 mihi?
640 978 777 1012 occides
794 991 913 1012 meum
933 979 1070 1013 filium?

19 1023 21 1048 ἶ
99 1028 175 1064 935
206 1033 281 1064 Tir.
312 1031 398 1065 Aliis
414 1029 481 1064 hoc
501 1041 605 1063 curae
624 1029 707 1068 erit;
744 1042 808 1074 ego
826 1030 956 1064 dicam.

19 1049 21 1106 ι
153 1083 224 1116 Gre.
253 1081 357 1114 Unde
374 1079 442 1115 hoc
461 1081 596 1114 malum
613 1080 712 1113 venit
730 1079 818 1114 mihi
836 1088 870 1114 et
885 1081 984 1114 filio?

19 1126 21 1139 ¹
154 1134 227 1166 Tir.
244 1131 354 1166 Recte
371 1145 427 1165 me
444 1133 655 1175 interrogas,
675 1138 709 1164 et
724 1130 791 1165 hoc
808 1132 905 1165 venit
920 1132 958 1165 in
976 1132 1095 1176 dispu-

19 1175 21 1190 *
509 1183 694 1215 tationem.

149 1234 304 1277 Oportet
319 1231 469 1279 huncffl)
487 1233 522 1266 in
542 1233 618 1276 ipso
635 1244 759 1276 specu,
785 1232 847 1266 ubi
866 1233 973 1266 draco
991 1240 1096 1266 natus

150 1284 254 1324 Fuit,
281 1290 398 1318 custos
414 1284 523 1317 fontis
540 1283 684 1323 Dirces,

100 1334 175 1369 940
203 1335 399 1368 Mactatum
419 1336 505 1368 dare
538 1334 679 1367 letalem
710 1334 920 1378 sanguinem
952 1334 1096 1366 inferias

512 1391 628 1417 terrae
639 1411 648 1423 ‚

146 1436 301 1480 Propter
317 1440 471 1468 veterem
489 1435 579 1468 iram
596 1434 722 1468 Martis
737 1441 859 1468 contra
879 1435 1053 1468 Cadmum
1066 1461 1075 1474 ‚

19 1490 20 1513 l
149 1486 220 1532 Qui
237 1498 392 1531 poenam
417 1486 531 1531 poscit
555 1486 703 1519 draconi
727 1492 812 1519 nato
840 1499 880 1519 ex
904 1493 997 1519 terra
1027 1498 1094 1530 pro

512 1549 587 1571 elus
610 1544 737 1570 morte.

147 1588 194 1621 Et
208 1585 296 1624 haec
313 1588 494 1627 facientes,
511 1587 646 1620 facietis
665 1588 765 1621 vobis
781 1588 914 1621 socium
926 1587 1095 1620 Martem.

148 1639 261 1672 Terra
281 1650 365 1671 vero
383 1638 412 1672 si
431 1651 497 1682 pro
521 1638 639 1671 fructu
661 1639 814 1672 fructum
828 1665 836 1678 ,
871 1645 905 1671 et
925 1650 991 1682 pro
1015 1650 1095 1672 san-

512 1689 618 1733 guine

96 1740 171 1776 945
198 1740 416 1784 Sanguinem
448 1740 625 1784 acceperit
657 1736 855 1772 humanum
868 1765 876 1779 ,
917 1737 1094 1774 habebitis

505 1792 682 1835 placatam

18 1879 19 1889 γ
145 1843 311 1882 Terram,
328 1854 417 1887 quae
435 1842 632 1887 aliquando
648 1841 748 1875 vobis
765 1842 940 1886 galeatam
958 1842 1091 1886 spicam

1 1886 19 1932 i}
146 1894 411 1928 Seminatorum
432 1893 561 1933 edidit;
588 1899 731 1938 oportet
753 1893 846 1926 mori
871 1894 1026 1939 aliquem
1052 1907 1093 1927 ex

508 1957 636 1987 genere

144 1995 240 2033 Hoc,
269 1994 329 2039 qui
347 2000 451 2027 natus
470 1993 514 2027 sit
530 1994 623 2027 filius
642 2004 682 2025 ex
702 1994 843 2026 maxilla
861 1995 1040 2028 droconis.

144 2045 202 2078 Tu
221 2043 277 2078 hic
292 2044 395 2077 nobis
411 2044 571 2089 reliquus
591 2057 626 2078 es
644 2056 684 2076 ex
699 2045 828 2088 segetis
849 2045 922 2078 eius
944 2058 1092 2089 genere,

91 2096 167 2132 950
194 2096 239 2129 Et
255 2095 307 2128 tui
322 2095 436 2140 pueri.
490 2095 683 2128 Haemonis
702 2102 819 2128 autem
840 2097 1007 2141 nuptiae,

143 2146 363 2188 „Victimam
384 2144 596 2191 prohibent;
624 2158 698 2179 non
717 2147 810 2180 enim
830 2149 880 2180 est
897 2149 1053 2188 caelebs,

144 2197 348 2244 „Quamvis
372 2210 446 2231 non
472 2198 590 2242 attigit
617 2198 768 2238 lectum,
809 2200 870 2233 sed
897 2197 1003 2233 habet
1031 2201 1089 2232 (le-

504 2255 723 2293 sponsatam.

139 2299 206 2335 Iste
227 2313 311 2334 vero
327 2300 465 2334 iuvenis
480 2298 563 2334 huic
574 2300 620 2348 ⁶⁷⁴)
637 2300 778 2335 relictus
796 2301 895 2342 urbi,

91 2349 165 2386 955
191 2352 350 2386 Moriens
368 2352 523 2385 servabit
543 2352 714 2396 patriam:

140 2402 314 2438 Acerbum
347 2416 431 2436 vero
466 2403 619 2437 reditum
649 2404 803 2437 Adrasto
815 2429 824 2442 ,
867 2401 1085 2447 caeterisque

502 2454 644 2498 Argivis

122 2557 170 2586 6³)
189 2559 274 2589 hune]
291 2561 333 2585 sic
352 2564 401 2591 (z
418 2563 512 2594 Eun-ip.
531 2561 624 2596 τόνδε)
650 2564 735 2588 Εᾱίίῐ,
752 2563 846 2591 1558,
874 2563 934 2588 Fix.
962 2564 1083 2593 (Musgl‘.

157 2598 253 2617 errore
273 2595 398 2626 typogr.:
417 2603 504 2629 nunc;
529 2599 626 2624 Barm:
647 2599 762 2628 istum);
788 2599 815 2622 iu
834 2598 883 2621 Ed.
901 2597 1082 2625 iamsi-deest.

120 2635 170 2663 64)
190 2636 266 2665 huic]
287 2638 327 2662 sic
346 2638 392 2669 (=
410 2640 503 2670 Eurip.
524 2639 600 2674 τῇδ’)
619 2641 703 2666 Editt.
721 2642 813 2673 1558„
838 2641 939 2673 Barn.‚
964 2641 1082 2671 Musgr.‚

153 2669 232 2703 Fix.;
255 2671 394 2698 Ed.1562.
413 2675 497 2699 male:
523 2675 611 2699 huius.

674 79 1072 115 INTERPRETATIO
1098 82 1473 118 PHOENISSARUM
1500 83 1749 120 EURIPIDIS.

2073 89 2147 125 426

1203 168 1342 208 Faciet,
1371 170 1468 203 triste
1482 172 1594 204 satum
1614 170 1724 204 oculis
1742 170 1927 204 obiiciens:

1202 219 1248 252 Et
1273 220 1422 264 inclytas
1445 222 1550 254 faciet
1570 219 1730 259 Thebas;
1767 234 1808 255 ex
1831 223 1969 257 duabus
1992 226 2147 260 sortibus

1567 272 1653 314 elige

1203 319 1362 351 Alteram
1374 346 1383 360 ,
1411 328 1472 353 aut
1487 321 1654 366 filiumffi)
1672 334 1770 355 serva
1782 349 1791 362 ,
1820 329 1881 355 aut
1899 325 2066 367 patriani.

1153 368 1227 403 960
1254 369 1326 410 Ea,
1353 383 1444 415 quae
1470 384 1534 415 ego
1563 373 1663 415 potui
1683 373 1819 413 dicere,
1854 371 1988 409 habens
2014 378 2148 417 omnia,

1568 425 1738 465 praecede
1750 450 1759 463 ,
1786 437 1805 456 o
1824 425 1892 457 filia
1907 452 1916 465 ,

1202 471 1258 503 Ad
1276 472 1435 506 domum.
1471 498 1491 512 „
1503 472 1716 518 Quicunque
1732 474 1843 507 utitur
1859 476 2044 509 divinandi
2061 484 2149 518 arte,

1204 521 1470 567 „Contemptus
1489 530 1550 557 est.
1603 523 1745 556 Etenim
1766 524 1794 557 si
1818 526 1909 559 forte
1936 527 2064 560 dixerit
2081 528 2148 562 ini-

1561 575 1652 606 mica
1666 601 1675 614 ,

1203 625 1390 665 „Acerbus
1407 631 1458 658 est
1475 623 1548 665 his,
1577 625 1705 670 quibus
1714 624 1785 672 65ἃ)
1804 627 2035 662 vaticinatur:

1204 675 1364 716 „Dicens
1380 676 1465 709 falsa
1485 683 1633 720 propter
1649 678 1996 712 commiserationem
2024 692 2147 714 consu-

1562 727 1732 768 lentium,

1152 775 1226 812 965
1255 777 1400 818 „Deum
1421 778 1589 817 ofl‘endit;
1627 780 1854 813 solummodo
1872 778 2059 815 Phoebum
2084 780 2149 815 ho-

1573 830 1728 864 minibus

1203 879 1434 924 „Oportebat
1453 880 1658 921 vaticinari,
1687 881 1748 927 qui
1764 881 1944 915 neminem
1962 883 2128 930 timet‘ffi).

1204 932 1300 966 Cher.
1331 931 1468 971 Creon,
1504 931 1590 977 quid
1614 939 1726 972 taces,
1760 932 2000 980 remittensffi)
2025 947 2148 969 vocem

1568 995 1643 1015 non
1657 983 1871 1016 sonantem?

1201 1031 1246 1065 Et
1262 1030 1350 1064 mihi
1366 1044 1439 1065 non
1456 1032 1574 1067 minus
1592 1047 1698 1079 quam
1716 1034 1781 1067 tibi
1798 1040 1923 1079 stupor
1941 1036 2050 1070 adest.

1203 1085 1274 1118 Cre.
1310 1083 1406 1128 Quid
1439 1083 1533 1116 dicat
1563 1085 1691 1130 aliquis
1702 1085 1717 1117 ’ἒ
1761 1086 1948 1120 manifesta
1980 1094 2031 1121 est
2059 1085 2148 1121 haec

1566 1134 1657 1168 mihi
1685 1136 1813 1170 oratio.

1151 1184 1226 1219 970
1253 1183 1328 1228 Ego
1348 1185 1440 1218 enim
1459 1198 1533 1219 non
1550 1187 1642 1219 vado
1660 1186 1697 1219 in
1715 1185 1808 1220 hanc
1823 1188 2062 1221 calamitatem
2074 1215 2084 1229 ,

1201 1236 1251 1268 Ut
1268 1237 1396 1268 donem
1416 1237 1549 1270 civitati
1569 1237 1792 1271 interfectum
1809 1251 1972 1282 puerum.

1202 1286 1412 1327 „Omnibus
1443 1288 1537 1321 enim
1562 1287 1770 1322 hominibus
1797 1297 1848 1323 est
1874 1302 1998 1324 amans
2018 1290 2146 1323 libero-

1566 1352 1645 1373 rum
1664 1340 1735 1373 vita
1744 1339 1791 1386 ⁶⁸)
1803 1366 1812 1380 ‚

1203 1388 1357 1434 „Neque
1379 1390 1506 1435 aliquis
1531 1403 1634 1425 suum
1659 1391 1769 1435 ipsius
1796 1391 1907 1424 filium
1937 1392 2074 1425 dederit
2103 1393 2147 1425 ad

1564 1442 1861 1476 interficiendum.

1201 1489 1317 1529 „Non
1352 1490 1474 1524 laudet
1508 1504 1564 1525 me
1601 1492 1811 1538 quisquam,
1854 1493 2016 1527 occidens
2049 1505 2147 1527 meos

1561 1543 1704 1578 liberos.

1150 1589 1226 1624 975
1252 1590 1329 1635 lpse
1346 1604 1431 1625 vero
1451 1593 1545 1639 (sum
1565 1595 1659 1627 enim
1679 1595 1714 1627 in
1733 1601 1873 1627 matura
1891 1595 1981 1640 vita)

1200 1642 1352 1677 Paratus
1370 1656 1447 1677 sum
1467 1645 1582 1685 mori,
1610 1646 1749 1690 patriae
1767 1645 1960 1690 piaculum.

1198 1693 1332 1727 Verum
1351 1707 1426 1739 age,
1443 1696 1503 1735 fili,
1517 1696 1726 1742 priusquam
1744 1696 1909 1730 resciscat
1927 1703 1999 1730 tota
2011 1696 2147 1736 civitas,

1198 1745 1325 1780 Sinens
1343 1746 1580 1780 immoderata
1605 1748 1748 1781 oracula
1767 1754 1908 1788 vatum,

1198 1796 1296 1839 Fuge
1314 1810 1421 1843 quam
1441 1799 1624 1832 celerrime
1642 1800 1769 1833 cedens
1788 1811 1827 1832 ex
1848 1797 1915 1831 hac
1931 1798 2031 1832 urbe.

1148 1847 1223 1882 980
1251 1848 1353 1882 Dicet
1371 1850 1464 1882 enim
1483 1850 1705 1894 principibus
1723 1857 1757 1883 et
1776 1851 1924 1884 ducibus
1942 1847 2050 1889 haec,

1198 1899 1340 1933 Vadens
1359 1902 1402 1933 ad
1421 1908 1554 1946 septem
1572 1908 1714 1946 portas,
1742 1908 1775 1935 et
1793 1902 1836 1934 ad
1851 1902 1967 1935 (luces.

1196 1950 1241 1984 Et
1257 1951 1285 1985 si
1305 1953 1621 1993 anteverterimus‚
1648 1953 1864 1991 servaberis;

1197 2002 1233 2034 Si
1250 2014 1334 2035 vero
1354 2010 1537 2038 cunctatus
1553 2004 1661 2037 fueris
1673 2031 1682 2044 ,
1709 2004 1888 2049 perimus,
1916 1999 2096 2035 occideris.

1196 2054 1292 2087 Men.
1322 2054 1403 2098 Quo
1420 2055 1552 2098 fugiam
1578 2055 1705 2098 igitur,
1734 2057 1779 2088 ad
1807 2067 1913 2100 quam
1940 2049 2144 2086 civitatem?

1563 2107 1608 2138 ad
1631 2118 1736 2151 quem
1759 2104 1964 2150 hospitem?

1114 2126 1120 2175 l
1145 2153 1222 2188 985
1252 2157 1325 2190 Cre.
1354 2156 1424 2189 Ubi
1445 2157 1650 2201 longissime
1669 2158 1712 2190 ab
1728 2155 1795 2190 hac
1812 2165 1906 2190 terra
1925 2155 2028 2188 absis.

1194 2207 1291 2240 Men.
1320 2207 1448 2242 Nonne
1465 2215 1497 2242 te
1524 2209 1640 2241 dicere
1665 2207 1907 2255 convenitffl),
1943 2213 1976 2239 et
2002 2217 2057 2238 me
2082 2204 2143 2237 ob-

1561 2259 1787 2303 temperare?

1175 2367 1223 2394 65)
1243 2366 1343 2396 filium]
1362 2367 1401 2391 sic
1420 2368 1503 2393 Editt.
1523 2368 1614 2397 1558,
1635 2370 1732 2397 Bar=1.,
1752 2369 1874 2398 Musgn,
1895 2368 1973 2398 Fix.;
1998 2367 2048 2392 Ed.
2067 2367 2140 2391 1562.

1211 2406 1307 2424 errore
1327 2404 1455 2431 typograe
1484 2402 1574 2425 filiam*

1174 2436 1245 2461 65³]
1265 2434 1373 2466 quibus]
1394 2438 1432 2459 sic
1450 2437 1532 2459 Edutt,
1551 2436 1625 2459 1558.
1647 2438 1672 2459 et
1694 2438 1825 2465 recentt.;
1853 2437 1900 2460 Ed.
1921 2436 1994 2460 ¹562.
2016 2436 2068 2465 qui.

1173 2470 1220 2500 66)
1243 2471 1273 2493 H.
1294 2470 1311 2494 l.
1332 2470 1357 2493 in
1373 2470 1455 2493 Editt.
1474 2471 1564 2499 1553,
1587 2471 1662 2496 1562.
1683 2472 1748 2494 nota
1767 2471 1899 2502 margin:
1921 2470 2074 2495 Difficultas
2095 2469 2137 2493 di-

1209 2503 1377 2527 vinationem
1400 2504 1553 2528 exercendi.

1171 2537 1218 2570 67)
1240 2538 1398 2567 remittens]
1425 2539 1466 2561 sic
1491 2539 1538 2562 Ed.
1565 2540 1646 2563 Barn.
1674 2539 1728 2570 (=
1754 2540 1848 2570 Eun-ip.
1874 2538 2014 2571 σχάσας);

1208 2573 1298 2600 1558,
1320 2572 1393 2595 1562.
1413 2574 1501 2596 male:
1530 2574 1662 2599 remittes.

1171 2605 1218 2637 68)
1240 2607 1270 2629 Η.
1286 2607 1302 2628 1.
1323 2607 1349 2629 in
1365 2607 1449 2630 Editt.
1466 2608 1555 2636 1556„
1578 2609 1651 2631 1562.
1668 2611 1734 2633 nota
1749 2615 1852 2640 marg:
1874 2608 2034 2633 Liberorum
2054 2615 2137 2633 amor.

1171 2642 1218 2668 69]
1239 2643 1266 2663 te
1285 2640 1375 2664 dicere
1394 2642 1537 2670 convenit]
1552 2642 1591 2665 sio
1605 2643 1688 2667 Editt.
1707 2644 1793 2674 1553„
1812 2644 1905 2673 Bam,
1924 2646 2040 2675 Musgr.,
2061 2643 2137 2673 Fix.;

1206 2675 1253 2698 Ed.
1273 2675 1347 2701 1562,
1369 2675 1461 2699 dicere
1479 2677 1507 2700 te
1526 2678 1660 2700 convenit.

2050 2538 2136 2563 Editt.
