2373 2980
242 121 331 155 1067

782 107 902 143 PHIL.
937 105 1049 139 MEL.
1087 102 1287 137 SCRIPTA
1322 98 1656 134 PHILOLOGICA.

2152 101 2245 134 1068

906 189 1258 219 HERCULES
1301 184 1574 216 FURENS.

260 274 554 321 [Amphitrym
576 267 774 308 Megara,
802 263 964 305 Lycus,
993 254 1183 303 Chorus]

613 331 824 374 Amphitryo.

285 407 456 452 Quisnam
476 401 661 435 hominum
671 398 702 442 6)
719 407 791 428 non
811 392 910 426 novit
927 392 1072 424 rivalem
1090 390 1180 425 Iovis

284 455 580 501 Ampliiirvonem
594 478 602 491 ,
626 461 728 494 quein
748 446 830 479 olim
849 444 996 476 Alcaeus

285 509 394 542 Filius
411 494 530 539 Persei
546 501 664 546 genuit
676 526 684 536 ,
709 504 844 542 patrem
862 495 959 527 illum
977 492 1162 526 Herculis?

285 560 356 604 Qui
371 557 483 591 tenuit
498 554 561 587 hus
579 550 738 589 Thebais,
762 547 823 580 ubi
840 545 1015 588 terrigena

651 662 776 695 genere
795 649 891 681 Mars

286 713 441 745 Parvum
462 717 649 740 numerum
667 700 838 737 servavit,
862 697 922 743 qui
939 695 1064 730 Cadmi
1080 695 1203 728 urbem

287 761 511 795 Foecnndam
530 757 683 790 reddunt
707 751 825 784 liberis
840 750 1053 786 liberorum,
1082 758 1122 779 ex
1141 745 1216 790 qui·
1242 749 1244 758 ¹

646 806 710 837 bns
725 809 828 835 natus
845 806 896 833 est

289 865 424 901 Creon,
448 860 539 893 filins
557 854 760 892 Menoecei,
786 851 952 884 dominus
967 847 1071 881 huius
1092 854 1218 880 terrae.
1244 857 1246 868 s

290 916 404 949 Creon
426 917 542 945 antem
559 914 660 953 pater
678 911 729 938 est
741 902 846 936 buius
864 900 1041 942 Megarae,

243 969 286 1002 10
316 966 432 1010 Quam
453 962 537 994 olim
558 969 680 991 omnes
696 951 859 987 Thebani
878 951 914 982 in
932 949 1065 992 nuptiis

290 1017 522 1051 celebrarunt
538 1009 621 1042 tibia
636 1034 644 1047 ‚
673 1005 816 1050 qnando
835 1002 879 1033 ad
899 1012 1014 1032 meam

293 1068 444 1100 Domum
466 1063 578 1106 ipsum
599 1057 698 1091 duxit
713 1055 864 1098 inclytus
881 1050 1060 1083 Hercules.

294 1116 435 1151 Relictis
453 1124 538 1145 vero
556 1108 690 1143 Thebis
702 1133 710 1146 ‚
735 1117 805 1151 qno
824 1115 887 1146 ego
907 1100 1070 1144 migravi,

292 1168 337 1201 Et
351 1167 496 1209 Megara
513 1169 546 1195 et
565 1159 727 1194 affinibus
739 1183 747 1196 ,
771 1155 861 1188 filius
880 1164 978 1185 meus

246 1218 291 1255 15
315 1218 438 1251 Muros
455 1214 604 1258 Argivos
623 1217 657 1243 et
671 1209 795 1241 urbem
815 1203 1040 1249 Cyclopicam

295 1269 450 1302 incolere
474 1264 607 1302 voluit,
645 1273 683 1293 ex
712 1270 780 1304 qua
816 1267 879 1299 ego
906 1254 984 1287 exul
1013 1263 1110 1290 sum,
1140 1261 1222 1294 pro-

651 1317 769 1355 pterea
791 1307 887 1352 quod
906 1304 1018 1338 occidi

293 1370 539 1412 Electryonem
552 1390 561 1404 ‚
587 1374 683 1395 meas
703 1367 819 1393 auten}
841 1355 1058 1390 calamitates

293 1421 461 1457 Placans,
486 1423 520 1449 et
536 1415 657 1447 volens
673 1411 833 1445 habitare
852 1409 887 1440 in
905 1405 1033 1451 patria,

296 1471 465 1514 Magnum
482 1463 682 1510 Eurystheo
699 1464 760 1496 dat
775 1459 973 1505 praemium
984 1482 993 1497 ,
1018 1459 1058 1488 ut
1072 1452 1203 1497 ubique

244 1523 293 1558 20
319 1522 426 1555 Pacet
442 1526 593 1556 terram,
619 1515 691 1549 sive
712 1525 730 1546 a
747 1510 894 1545 Iunonis

295 1571 454 1607 Stimulis
471 1574 634 1605 vexatus,
660 1565 731 1598 sive
749 1564 822 1596 frito
842 1560 972 1605 aliquo.
1022 1605 1028 1612 .

296 1624 346 1657 Ac
363 1628 519 1656 caeteros
536 1618 677 1664 quidem
696 1615 835 1647 labores
854 1609 1065 1662 exantlawt;

295 1676 350 1707 Ad
369 1679 565 1706 extremum
584 1680 668 1701 vero
685 1678 747 1710 per
761 1666 878 1697 fauces
892 1661 1047 1693 Taenari
1138 1703 1145 1710 .

294 1724 362 1758 lvit
386 1725 428 1756 ad
444 1719 607 1755 Plutonis
632 1720 797 1753 domum,
831 1724 952 1746 canem
978 1709 1078 1741 illum
1102 1711 1226 1737 tricor-

659 1779 782 1812 poreni

247 1826 295 1863 25
322 1825 360 1859 In
378 1826 492 1857 lucem
509 1822 697 1855 educturus
709 1845 718 1858 ,
739 1816 833 1849 unde
850 1823 920 1845 von
937 1807 1079 1852 redit7).

284 1989 314 2013 ὃ)
334 1979 481 2011 homiuum]
501 1979 542 2002 sic
560 1976 661 2005 scripsi
682 1974 728 2005 (z
747 1972 838 2000 Eurip.
857 1967 979 2001 βροτιῦν;
1002 1964 1085 1988 Editt.
1109 1963 1183 1987 1558.
1203 1963 1229 1985 et

319 2019 451 2043 recentt.:
470 2010 656 2041 mortalium);
675 2009 723 2032 Ed.
746 2006 818 2030 1562.
838 2003 979 2027 hominem.

287 2063 317 2092 7)
338 2060 467 2090 Quisnam
485 2068 518 2073 —
537 2053 615 2077 redit.
634 2054 690 2079 (vs.
709 2048 843 2075 1—25.)]
863 2045 903 2068 sic
921 2043 970 2067 Ed.
983 2040 1073 2070 1562.;
1092 2039 1141 2063 Ed.
1156 2039 1229 2062 1558.

322 2095 402 2119 habet
420 2093 520 2114 hancce
539 2085 808 2115 interpretationem:
987 2109 992 2113 Ι

356 2127 423 2158 Quis
442 2124 516 2148 Iovis
534 2119 697 2145 corrivalem
720 2123 772 2140 uon
792 2113 867 2137 novit
885 2110 1040 2147 mortalium

358 2161 489 2190 Argivum
509 2154 749 2184 Amphitryonem,
767 2154 844 2179 quem
864 2146 981 2169 Alcaeus
1000 2143 1063 2180 ⁰¹¹.¹¹¹

354 2193 467 2221 Gemit,
486 2190 558 2214 filius
575 2186 686 2215 Persei,
706 2185 810 2214 patrem
828 2182 915 2218 ipsum
935 2174 1081 2201 Hercubs?

357 2229 409 2260 Qui
427 2228 476 2250 has
496 2224 602 2247 Thebas
621 2219 749 2246 incoluit,
770 2217 812 2240 ubi
830 2217 971 2242 terrigena

357 2263 519 2292 §partorum
538 2262 620 2286 seges
638 2252 780 2284 provenit,
805 2257 838 2273 ex
856 2252 968 2284 quorum
989 2248 1090 2283 genere
1107 2243 1182 2265 Mars

357 2294 487 2321 servavit
506 2295 645 2315 numerum
664 2292 791 2318 parvum,
811 2283 856 2313 qui
875 2280 969 2305 cadmi
988 2277 1127 2301 civitatem

358 2327 524 2354 Foedificant
542 2322 663 2354 posteris
675 2338 683 2351 s
703 2327 735 2343 ex
753 2318 851 2349 quibus
870 2316 979 2339 creatus
997 2313 1040 2336 est

360 2365 467 2391 Creon,
487 2357 625 2383 Menoecei
646 2355 737 2383 filius,
758 2359 806 2376 rex
828 2350 905 2374 huius
926 2350 1025 2371 terrae.

361 2398 450 2422 Creon
469 2400 534 2418 vero
552 2393 682 2421 Megarae
701 2388 778 2411 huius
798 2385 892 2409 existit
911 2384 998 2412 pater,
1056 2413 1062 2418 ι
1111 2413 1115 2417 Ι

362 2433 446 2461 Quam
465 2433 558 2451 omues
578 2423 743 2454 nuptialibus
762 2419 924 2444 carminibus
943 2416 1062 2438 Thebani
1080 2413 1143 2436 olim

363 2465 430 2489 Cum
448 2462 512 2485 tibia
530 2456 773 2484 concelebrarunt,
792 2453 897 2483 quando
917 2451 952 2473 ad
970 2454 1045 2471 meas

361 2499 464 2522 nomos
481 2495 602 2523 inclytus
622 2490 753 2514 l-lercules
772 2489 858 2517 ipsum
877 2484 1035 2507 deduxerat.

364 2530 479 2556 Relictis
497 2533 562 2550 vero
581 2525 693 2553 Thebis,
712 2523 754 2546 ubi
773 2521 925 2544 habitabam
945 2523 1006 2546 ego,

362 2567 528 2594 Megaraque
548 2562 612 2590 hae,
630 2557 802 2586 socerisque,
822 2554 893 2577 tilius
913 2557 987 2575 meus

365 2599 470 2626 Argiva
490 2594 610 2621 moenia,
629 2593 679 2615 hoc
698 2592 756 2619 est,
775 2587 948 2618 Cyclopeiam
968 2585 1070 2622 urbem,

363 2626 527 2660 concupivit
552 2627 721 2654 inhabitare,
745 2628 824 2653 quam
848 2626 898 2651 ego
923 2620 1014 2649 fugin,
1039 2624 1097 2641 cum
1123 2616 1239 2640 iuterfe-

672 2663 771 2681 cissem

366 2700 574 2729 Electryonem;
593 2692 763 2718 calamitates
783 2695 847 2713 vero
865 2693 941 2712 meas

1243 1750 1255 1833 i

1235 278 1239 319 1

1250 1593 1253 1606 l

1314 254 1375 288 Est
1392 258 1509 286 aulem
1526 257 1624 285 vetus
1639 249 1896 285 Thebanorum
1914 264 2045 292 sermo,

1313 306 1426 339 Antea
1445 303 1580 347 Lycum
1599 303 1704 336 fnisse
1722 302 1891 336 maritum
1908 302 2050 342 Dircae,

1315 355 1511 388 Dominum
1541 351 1645 387 huius
1677 353 1794 393 urbis,
1842 365 1932 399 quae
1964 359 2095 397 septem
2133 359 2246 385 turres

1678 401 1797 443 habet,

1316 456 1529 500 I‘rinsqunn
1554 461 1668 488 terrae
1692 454 1964 487 dominarentur
1989 454 2025 486 ln
2041 453 2138 498 equis
2159 453 2246 486 albis

1679 506 1877 550 equitantes

743 599 750 606 ,
957 596 964 602 ,
1240 580 1242 590 i
1268 558 1316 590 30
1338 553 1520 600 Amphion
1538 562 1571 588 et
1586 553 1735 595 Zethus,
1762 556 1824 588 filii
1841 555 1945 589 Iovis.

260 611 282 645 5
308 611 412 644 Sedes
430 613 585 641 satorum
606 615 646 635 ex
656 600 818 633 <lentibus
829 597 993 634 effloruit,
1012 604 1213 638 exquorum
1240 625 1242 639 ἲ

1318 607 1424 640 Cuius
1441 607 1531 640 filius
1549 608 1673 639 eodem
1685 632 1694 646 ‚
1712 619 1782 651 quo
1800 612 1918 650 poter,
1942 605 2088 638 nomine
2105 611 2248 638 vocatus

1319 658 1399 691 Non
1417 657 1630 697 Thebanus,
1656 658 1715 690 sed
1733 669 1773 689 ex
1789 656 1933 689 Euboea
1951 656 2108 695 veniens,

1321 709 1458 741 &ecidit
1484 708 1690 741 Creontem:
1720 720 1791 752 quo
1816 708 2019 747 interfecto,
2043 707 2115 751 ipse
2138 706 2249 749 impe-

1678 765 1733 790 rat
1747 765 1875 798 terrae,

1321 808 1458 853 Inipetu
1475 810 1566 842 facto
1584 809 1620 841 in
1637 809 1762 842 urbem
1771 809 1943 842 seditione
1960 808 2181 840 laborantem
2191 806 2250 852 ⁷¹).
2284 842 2288 847 ⁵

1244 870 1246 907 ¹:
1271 857 1319 892 35
1345 860 1455 894 Nobis
1472 872 1556 893 vero
1578 860 1728 893 affinitas
1748 873 1826 893 cum
1847 860 1998 893 Creonte
2014 859 2102 891 facta

1323 911 1518 944 Maximum
1533 938 1541 951 ‚
1565 917 1604 944 ut
1620 917 1789 955 apparet,
1812 911 1945 943 malum
1963 916 2024 943 est.

1324 962 1414 995 Num
1432 963 1517 994 dum
1536 962 1572 994 in
1588 962 1826 1006 penetralibus
1844 968 1958 994 terrae
1974 966 2024 993 est
2041 959 2131 993 filius
2144 970 2253 997 meus,

1324 1010 1384 1043 llle
1404 1012 1554 1056 inclytus
1568 1010 1672 1045 huius
1690 1019 1805 1045 terrae
1825 1012 1991 1045 dominus
2002 1011 2015 1029 ⁷
2026 1006 2059 1056 b)

1325 1061 1473 1095 Liberos
1490 1062 1649 1096 Herculis
1667 1063 1742 1095 vult
1758 1063 1894 1101 eiicere,

1277 1111 1325 1145 40
1346 1111 1531 1146 Interfecta
1548 1114 1707 1156 coniuge,
1725 1120 1763 1145 ut
1778 1115 1920 1146 caedem
1939 1112 2042 1144 caede
2062 1110 2255 1153 extinguat,

1324 1162 1370 1196 Et
1387 1175 1441 1196 me
1453 1190 1462 1203 ‚
1485 1164 1531 1209 (si
1547 1165 1655 1197 modo
1671 1164 1763 1195 inter
1781 1163 1875 1197 viros
1896 1173 2084 1195 numerare
2100 1172 2155 1193 me
2173 1170 2256 1192 con-

1687 1214 1797 1253 venit,

1327 1264 1452 1297 Senem
1479 1265 1659 1311 inutilem)
1685 1276 1729 1296 ne
1753 1263 1944 1308 aliquando
1974 1261 2043 1301 illi,
2067 1258 2256 1306 postquam

1687 1314 1919 1353 adoleverint,

1326 1365 1463 1398 Poenas
1481 1365 1622 1408 exigant
1639 1365 1754 1398 caedis
1774 1365 1818 1397 ab
1835 1361 2070 1408 avunculis⁸).

1381 1512 1550 1542 Expediens‚
1571 1513 1598 1535 et
1616 1512 1732 1541 patriam
1750 1511 1904 1535 inhabitare
1922 1508 2029 1540 &olens²

1380 1548 1410 1570 ln
1430 1552 1535 1569 summa
1553 1546 1599 1568 dat
1619 1546 1766 1574 praemium
1785 1545 1941 1574 Eurystheo
1960 1548 2098 1573 magnum,

1380 1581 1503 1604 Cicurari
1523 1582 1643 1609 terram,
1665 1580 1725 1603 sive
1743 1586 1760 1603 a
1779 1580 1881 1602 lunone

1381 1614 1505 1637 Stimulis
1527 1614 1661 1643 domitus,
1681 1613 1742 1636 sive
1760 1613 1850 1642 aliquo
1870 1617 1929 1635 cum
1947 1611 2013 1634 fato.

1380 1649 1416 1672 Et
1437 1648 1545 1677 quidem
1563 1650 1690 1670 caeteros
1709 1647 1834 1670 exhausit
1853 1647 1981 1674 labores;

1383 1683 1512 1705 Ultimum
1531 1687 1612 1709 vero,
1633 1681 1749 1704 Taenari
1768 1687 1815 1710 per
1835 1681 1927 1703 fauces

1380 1715 1530 1738 Descendit
1548 1715 1582 1737 ad
1602 1715 1726 1738 Plutonis
1746 1715 1924 1743 tricorporem
1946 1717 2040 1735 canem

1384 1750 1426 1773 Ad
1443 1750 1529 1772 lucem
1547 1749 1746 1777 subducturus,
1766 1749 1836 1771 unde
1855 1753 1909 1771 nou
1928 1746 2017 1769 rediit.

1313 1800 1359 1827 7³)
1380 1797 1561 1830 laborantem]
1588 1799 1626 1822 sic
1651 1799 1733 1823 Editt.
1756 1798 1831 1823 1558.
1851 1799 1878 1821 et
1896 1798 2030 1820 recentt.:
2058 1795 2104 1819 Ed.
2126 1795 2199 1818 15⁶2.
2221 1797 2262 1818 la-

1350 1836 1470 1857 boraute.

1315 1885 1362 1911 71))
1381 1882 1518 1914 dominus]
1544 1883 1585 1906 sic
1603 1883 1652 1907 Ed.
1675 1882 1764 1911 1562.;
1791 1882 1835 1904 Ed.
1852 1880 1925 1904 1558.
1951 1881 1977 1902 et
1995 1880 2109 1902 recentt.
2129 1877 2175 1909 (=
2198 1880 2263 1901 text.

1350 1918 1406 1948 gr.)
1427 1918 1542 1941 addunt:
1564 1918 1665 1946 Lycus.

1316 1968 1345 1999 8)
1366 1969 1416 1991 Est
1441 1969 1530 1991 autem
1549 1979 1583 1983 —-
1602 1966 1752 1990 avuncufis.
1779 1966 1833 1995 (vs.
1854 1962 2008 1994 26--43.)]
2038 1963 2078 1986 sic
2103 1963 2150 1988 Ed.
2174 1963 2264 1992 l562.;

1352 2003 1400 2026 Ed,
1424 2002 1514 2024 1553:

1385 2036 1504 2064 Antiqua
1522 2041 1588 2058 vero
1608 2033 1739 2063 quaedam
1759 2033 1802 2055 est
1821 2031 2016 2055 cadmaeorum
2036 2030 2119 2059 fama,

1389 2070 1463 2099 Quod
1484 2069 1567 2092 fuerit
1585 2070 1650 2091 ante
1671 2067 1767 2089 Dircae
1786 2066 1901 2089 coniunx
1921 2066 2023 2094 Lycus,

1388 2103 1526 2133 liisivgnem
1546 2104 1649 2132 septem
1669 2101 1791 2124 turribus
1810 2100 1880 2123 hauc
1900 2099 2042 2122 dominans
2061 2097 2214 2125 civitatem,

1388 2138 1550 2166 Priusquam
1575 2137 1683 2159 utentes
1710 2134 1782 2157 albis
1801 2134 1878 2163 equis
1901 2133 2002 2156 fratres
2028 2132 2167 2161 imperium
2185 2137 2266 2154 occu—

1706 2170 1819 2197 passent
1839 2169 1942 2195 terrae,

1390 2204 1521 2234 Amphion
1542 2205 1624 2233 atque
1642 2203 1761 2229 Zethus,
1781 2201 1829 2224 filii
1847 2201 1929 2223 lovis.

1390 2239 1474 2263 Cuius
1492 2238 1585 2261 eodem
1604 2237 1712 2261 nomine
1730 2236 1802 2258 filius
1823 2235 1909 2263 patris
1932 2232 2097 2261 nominatus,

1389 2273 1531 2296 Thebanus
1550 2277 1604 2295 nou
1625 2270 1766 2299 existens,
1785 2268 1834 2291 sed
1854 2274 1886 2290 ex
1904 2268 2012 2290 Euboea
2033 2268 2181 2296 protectus,

1392 2306 1521 2330 interficit
1557 2306 1719 2331 Creontcln3
1756 2303 1782 2325 et
1818 2307 1877 2325 cum
1914 2301 2116 2329 interfecisset,
2153 2301 2268 2329 imperat

1702 2339 1793 2359 terrae

1391 2373 1532 2397 Seditione
1551 2370 1717 2394 laborantem
1737 2352 1826 2393 obiter
1845 2374 1981 2397 occupans
1999 2368 2148 2392 civitatem.

1392 2408 1474 2432 Nobis
1494 2411 1561 2428 vero
1579 2404 1700 2428 affinitas
1720 2404 1753 2427 ad
1774 2404 1917 2427 Creontem
1939 2403 2038 2431 relata,

1393 2439 1590 2465 Incommodum
1613 2438 1756 2461 maximum
1777 2438 1821 2464 (ut
1841 2437 1928 2467 palam
1949 2438 2005 2463 est)
2025 2437 2062 2461 fit.

1394 2477 1453 2499 Meo
1473 2474 1543 2497 enim
1562 2473 1697 2495 existente
1716 2472 1772 2494 filio
1792 2472 1820 2494 in
1840 2471 2026 2501 penetralibus
2046 2472 2149 2499 terrae,

1393 2509 1517 2538 lnclytus
1539 2507 1585 2529 ille
1604 2507 1681 2528 huius
1702 2507 1794 2528 terrae
1815 2505 1942 2535 princeps
1959 2505 2052 2534 byeus

1394 2542 1562 2566 Herculanos
1582 2540 1653 2562 filios
1673 2539 1827 2562 interficere
1844 2539 1915 2567 vult,

1393 2576 1542 2600 lutei-fecta
1560 2579 1663 2601 uxore,
1683 2574 1711 2596 ut
1727 2573 1810 2596 caede
1831 2573 1971 2602 extinguat
1989 2571 2108 2601 caedem,

1394 2611 1428 2633 Et
1447 2616 1502 2638 uie,
1521 2607 1560 2639 (si
1579 2607 1640 2636 quid
1660 2610 1687 2629 et
1705 2613 1748 2629 me
1766 2607 1897 2630 convenit
1915 2606 1988 2628 iuter
2006 2605 2081 2629 viros
2099 2603 2256 2635 numerare)

1393 2646 1464 2667 sene
1483 2641 1629 2670 imbecille,
1649 2647 1682 2664 ne
1702 2641 1807 2670 quando
1827 2640 1854 2662 hi
1868 2639 1953 2662 adulti

1395 2678 1432 2701 De
1450 2675 1592 2699 avunculis
1610 2675 1721 2705 exigant
1740 2673 1884 2704 sanguinis
1903 2677 2025 2703 poenam.
