2373 2980
227 103 298 135 (319
803 98 924 133 mm„
961 97 1073 133 MEL.
1109 97 1309 134 SCRIPTA
1343 102 1677 138 PHlLOLOGlCA.
2178 109 2252 146 620

278 188 400 223 ..llaec
434 186 526 220 enim
562 190 644 219 sunt
682 189 828 218 ornatus
857 191 1083 218 mortuorum
1115 187 1210 229 apud
1317 189 1398 226 Dic,
1424 191 1606 233 proferens
1629 195 1753 233 caput,
1781 195 1816 222 et
1841 191 1965 226 omitte
1989 193 2141 228 luctum:

639 236 752 270 vivos.
1317 239 1458 279 „Nihili
1483 241 1652 273 efficietur
1667 266 1676 279 ‚
1700 239 1767 273 nisi
1793 241 1982 287 eloquaris.

663 329 669 336 .
1315 294 1400 325 Adr,
1433 292 1465 323 ()
1489 291 1676 324 xictoriose
1703 303 1764 323 rex
1788 297 1904 327 terrae
1927 293 2212 339 Atheniensium,

537 325 890 375 [Animo-opha]
1316 342 1476 380 Tin-5011,
1506 342 1610 374 venio
1635 342 1783 385 supplex
1806 343 1868 376 tibi
1894 351 1927 377 et
1951 347 2031 380 urbi
2052 355 2145 384 tuae.

280 397 403 431 litlucit
438 408 494 429 me
523 393 609 428 haec
644 394 854 429 insatiabilis
878 396 1042 441 voluptas
1074 395 1209 443 lachry—
1268 392 1339 426 115
1383 394 1479 426 Tlees.
1518 393 1634 437 Quam
1669 406 1743 425 rem
1777 406 1928 435 venans,
1969 405 2029 431 aut
2062 412 2133 445 quo
2159 415 2247 446 opus

637 446 761 478 mandi
1676 442 1833 478 habens?

228 503 274 536 80
302 498 534 537 Miserabilis,
563 503 733 542 tanquam
753 510 794 530 ex
809 504 909 542 petra
935 498 971 531 in
987 499 1077 532 mari
1095 505 1210 533 stante
1315 497 1399 528 ΑΛΓ.
1445 494 1538 534 Scis,
1577 507 1683 540 quam
1717 496 1951 540 perniciosam
1985 502 2244 544 expeditionem

278 550 429 583 Humida
454 549 566 583 fluens
591 554 701 592 gutta,
1671 546 1765 580 feci?

276 603 358 636 Bou
386 601 549 634 desinens
573 611 712 644 semper
736 599 861 634 luctus.
1318 601 1414 632 Thes.
1448 598 1529 632 Non
1547 598 1640 631 enim
1669 598 1772 631 tacite
1796 600 2031 642 pei-transiisti
2046 602 2245 639 Graeciam,

275 654 366 688 Nam
392 658 539 697 propter
563 657 724 685 mortuos
747 652 836 685 filios
1312 653 1396 684 Λᾶν.
1432 649 1480 681 lbi
1509 650 1646 694 perdidi
1672 648 1887 693 Argivorum
1916 663 2091 694 proceres.

275 703 490 738 Miserabilis
516 701 725 736 mulieribus
1317 704 1412 735 Thes.
1441 701 1542 734 Talia
1566 701 1733 735 miserum
1757 701 1888 734 bellum
1912 702 2006 738 facit.

227 757 273 792 85
301 755 340 790 Iu
365 756 478 789 luctus
503 753 657 797 erumpit
682 753 842 787 affectus:
868 751 937 786 heu
961 751 1041 787 heu.
1264 752 1335 787 120
1367 754 1453 786 Adr.
1486 751 1559 786 Hos
1586 758 1747 785 mortuos
1774 752 1856 784 veni
1880 753 2055 797 petiturus
2077 756 2121 789 ab
2145 757 2244 791 urbe.

277 808 418 840 Mortua
445 806 576 850 possim
603 804 760 837 oblivisci
782 802 911 837 horum
932 805 1122 837 malorum.
1316 805 1412 837 Thes.
1435 803 1624 837 Confidens
1638 803 1872 848 praeconibus
1887 804 2076 846 Mercurii,
2091 813 2130 840 ut
2146 820 2244 853 sepe-

278 861 374 893 lees.
421 857 519 903 Quos
560 857 674 889 luctus
706 855 846 895 audivi,
889 862 922 888 et
964 855 1206 900 percussiones
1669 854 1734 888 lias
1759 855 1946 889 mortuos?

638 912 822 950 pectorum
1308 907 1392 939 Adr.
1428 905 1495 938 Sed
1521 903 1639 939 hostes
1660 918 1734 937 non
1759 905 1881 939 sinunt
1902 920 1971 941 uie.

275 963 320 995 Et
345 959 616 994 lamentationes
638 958 680 989 de
704 957 876 996 mortuis,
904 957 948 989 ab
970 955 1037 990 hoc
1060 956 1192 1000 templo
1314 957 1409 990 Thes.
1442 956 1537 1001 Quid
1561 956 1701 997 dicunt,
1730 969 1808 989 cum
1833 963 1870 990 tu
1894 957 1984 991 iusta
2007 959 2130 1002 petas?

272 1011 370 1046 Echo
400 1008 594 1044 redeunte?
632 1019 738 1053 quam
769 1014 884 1041 metus
908 1020 965 1041 me
996 1019 1202 1052 suspensum
1309 1009 1393 1041 Acir.
1425 1007 1544 1051 Quid?
1567 1007 1684 1041 felices
1709 1019 1781 1040 non
1805 1015 1952 1052 possunt
1973 1009 2078 1044 serre.

628 1059 757 1099 reddit,
1261 1056 1332 1092 125
1363 1059 1458 1091 Thes.
1486 1057 1579 1102 Ergo
1597 1058 1723 1092 venisti
1742 1059 1966 1094 consulturus
1981 1073 2048 1101 me,
2065 1067 2125 1094 aut
2143 1061 2240 1095 cuius
2267 1058 2270 1060 ¹

223 1118 270 1150 90
297 1115 348 1149 Ne
372 1119 506 1151 mater,
532 1112 576 1143 ad
599 1122 706 1156 quam
734 1111 839 1149 vado,
1667 1109 1806 1152 gratia?

272 1167 372 1211 Quae
407 1164 467 1198 diu
500 1162 611 1196 abfuit
641 1173 682 1194 ex
713 1161 877 1201 aedibus,
909 1158 1038 1193 habeat
1068 1160 1202 1206 aliquid
1308 1161 1393 1193 Δάν.
1430 1159 1463 1192 O
1494 1157 1654 1200 Theseu,
1701 1160 1823 1195 volens
1854 1167 1887 1194 te
1917 1162 2119 1208 curare¹³⁸)
2151 1163 2240 1196 filios

628 1212 724 1246 novi.
1664 1211 1892 1254 Argivorum.

273 1268 356 1307 Eia,
385 1277 475 1312 quac
500 1276 555 1298 res
581 1262 657 1297 est?
684 1263 788 1296 video
807 1275 918 1297 novas
940 1262 1204 1308 propositiones
1313 1261 1409 1294 Thes.
1445 1260 1514 1294 Ubi
1547 1268 1597 1296 est
1624 1261 1726 1295 nobis
1740 1261 1784 1309 14)
1810 1262 2003 1309 Argos¹³)?
2035 1276 2079 1297 an
2110 1265 2241 1299 frustra

639 1326 858 1354 sermonum,
1670 1313 1869 1356 gloriatur?

271 1371 424 1404 Matrem
448 1379 557 1400 anum
584 1365 621 1398 in
645 1377 704 1398 ara
730 1366 924 1405 sedentem,
1308 1364 1394 1396 Λᾶν.
1425 1362 1602 1396 Periimus
1622 1363 1798 1401 frustrati;
1832 1365 1892 1397 sed
1917 1365 2079 1398 venimus
2103 1367 2147 1399 ad
2170 1372 2214 1400 te.

271 1421 314 1455 Et
340 1419 546 1466 pcregrinas
568 1417 673 1452 simul
696 1417 881 1457 mulieres,
912 1427 989 1449 non
1013 1427 1124 1449 unum
1149 1427 1204 1449 so·
1309 1415 1405 1447 Thes.
1440 1414 1568 1446 Utrum
1593 1412 1661 1447 hoc
1689 1420 1750 1446 tuo
1776 1415 1917 1457 privato
1942 1415 2089 1448 consilio
2114 1417 2171 1456 fit,
2195 1429 2240 1449 an

630 1480 715 1502 num
1670 1464 1778 1498 totius
1799 1464 1922 1499 urbis?

220 1523 268 1559 95
296 1522 474 1556 Habentes
488 1520 665 1557 luctuum;
692 1530 775 1551 nam
794 1531 835 1552 ex
856 1517 1070 1551 venerandis
1261 1515 1332 1548 130
1363 1516 1450 1548 Adr.
1485 1514 1619 1548 Omnes
1641 1514 1826 1549 Danaidae
1854 1515 2056 1560 supplicant
2078 1517 2162 1556 tibi,
2202 1524 2243 1550 ut

271 1573 392 1608 Oculis
418 1572 565 1605 mittunt
594 1570 813 1604 miserabiles
841 1567 1042 1614 lachrymas
1072 1568 1109 1600 in
1136 1573 1204 1600 ter-
1665 1566 1812 1609 sepelias
1836 1572 2010 1600 mortuos.

633 1633 729 1659 mum
1311 1617 1408 1649 Thes.
1438 1615 1558 1660 Quare
1585 1616 1714 1649 duxisti
1737 1623 1870 1661 septem
1888 1628 2011 1650 currus
2032 1618 2076 1650 ad
2087 1615 2132 1663 ¹⁸³)
2148 1615 2243 1651 'rhe-

272 1676 310 1709 l'It
339 1672 550 1720 puellaeffl),
591 1683 631 1705 ac
657 1672 821 1711 vestitus,
853 1683 927 1704 non
953 1668 1067 1715 qualis
1095 1675 1146 1703 est
1169 1668 1204 1700 in
1527 1716 1534 1723 .
1671 1667 1745 1701 bas.

634 1722 775 1767 pompis
798 1734 994 1756 sacrorum.
1310 1719 1396 1752 Δάν.
1434 1717 1646 1751 Gratificans
1669 1717 1705 1750 in
1730 1716 1796 1751 hac
1818 1730 1856 1751 re
1881 1719 2019 1752 duobus
2042 1719 2191 1763 generis.

271 1777 366 1823 Quid
379 1774 466 1809 haec
482 1780 575 1814 sunt,
592 1773 730 1807 mater?
749 1780 848 1807 tuum
866 1779 917 1807 est
932 1771 1089 1804 indicare
1105 1767 1206 1809 mihi,
1314 1770 1411 1802 Thes.
1441 1768 1507 1801 Cui
1535 1768 1679 1802 elocasti
1704 1769 1792 1803 filias
1819 1776 1897 1803 tuas
1925 1769 2167 1813 Argivorum?

270 1829 316 1862 Et
343 1840 461 1861 meum
489 1825 632 1863 audire;
662 1831 808 1869 expecto
833 1823 968 1870 aliquid
990 1821 1088 1856 novi.
1311 1822 1397 1853 Adr.
1428 1819 1509 1853 Non
1533 1817 1647 1852 habeo
1672 1820 1878 1852 affinitatem
1903 1820 2033 1854 civium
2056 1820 2166 1854 domi.

223 1882 295 1915 100
330 1880 428 1914 Aeth.
468 1877 500 1910 O
535 1876 605 1917 fili,
639 1876 725 1909 istae
761 1876 926 1909 mulieres
961 1879 1044 1908 sunt
1077 1878 1207 1906 matres
1232 1867 1234 1915 Ῑ
1262 1869 1334 1904 135
1361 1872 1457 1904 Thes.
1474 1870 1540 1904 Sed
1560 1871 1685 1904 dedisti
1704 1869 1901 1915 hospitibus
1917 1871 2068 1915 Argivas
2083 1870 2243 1916 puellas?

630 1927 798 1966 filiorum,
1232 1920 1235 1951 ἶ
1310 1924 1396 1955 Adr.
1433 1922 1556 1965 Tydeo
1583 1928 1617 1954 et
1640 1921 1800 1966 Polynici
1827 1920 2013 1956 Thebano.

270 1981 343 2027 Qui
367 1981 411 2013 ad
428 1979 598 2013 Cadmeas
614 1984 735 2023 portas
752 1977 1004 2012 occubuerunt,
1316 1974 1412 2007 Thes.
1446 1972 1637 2017 Quomodo
1656 1973 1783 2005 venisti
1808 1972 1845 2005 in
1863 1985 2021 2006 amorem
2045 1971 2150 2008 huius
2168 1973 2242 2006 affi-

272 2034 414 2077 Septem
440 2032 590 2069 ducum;
616 2036 650 2063 et
672 2041 751 2062 cum
775 2027 884 2061 ramis
907 2025 1105 2071 supplicum
1675 2023 1821 2057 nitatis?

273 2085 476 2118 observant
493 2094 568 2121 me,
594 2087 633 2115 ut
655 2080 771 2120 vides,
793 2078 972 2123 undique,
995 2077 1056 2110 fili.
1312 2075 1399 2110 Adr.
1435 2073 1593 2107 Obscura
1623 2074 1822 2118 aenigmata
1850 2072 1987 2108 Phoebi
2015 2087 2071 2108 me
2097 2075 2244 2109 induxe-

276 2137 374 2170 Thes.
418 2133 507 2179 Quis
539 2138 591 2166 est
622 2132 686 2165 iste
718 2142 861 2175 gemens
892 2127 1142 2162 miserabiliter
1172 2127 1209 2159 in
1670 2132 1765 2160 runt,

636 2181 764 2227 porta?
1317 2177 1413 2210 Thes.
1432 2175 1527 2221 Quid
1545 2175 1784 2220 dixitApollo,
1801 2187 1932 2220 parans
1941 2175 2067 2220 puellis
2077 2176 2244 2221 nuptias?

229 2237 299 2272 105
331 2237 429 2270 Aetli.
457 2235 648 2273 Adrastus,
679 2239 719 2267 ut
744 2232 862 2271 aiunt,
896 2229 1112 2274 Argivorum
1137 2241 1209 2262 rex.
1265 2225 1337 2260 140
1365 2229 1452 2261 Adr.
1482 2226 1529 2259 Ut
1553 2227 1674 2260 darem
1703 2239 1799 2260 meas
1821 2226 1911 2260 filias
1933 2238 2021 2271 apro
2044 2233 2078 2260 et
2097 2227 2206 2262 leoni.

279 2290 373 2323 Thes.
411 2287 477 2320 Sed
500 2285 601 2330 pueri
627 2285 718 2318 circa
741 2296 821 2317 eum
849 2294 894 2315 an
919 2287 1001 2315 sunt
1026 2281 1100 2314 eius
1124 2279 1210 2312 filii?
1235 2271 1239 2304 ἶ
1317 2279 1413 2312 Thes.
1450 2276 1643 2322 Quomodo
1669 2277 1830 2311 evolvisti
1857 2278 1999 2312 oracula
2023 2277 2115 2311 Dei?

276 2339 374 2373 Aeth.
404 2337 506 2377 Non,
529 2338 590 2371 sed
612 2336 740 2380 pupilli
758 2340 1005 2372 mortuorum,
1030 2331 1091 2377 qui
1111 2343 1211 2365 occu-
1314 2330 1400 2363 Δάν.
1425 2328 1608 2362 Venerunt
1632 2329 1748 2362 exules
1771 2335 1872 2362 nocte
1895 2330 1938 2362 ad
1961 2341 2075 2362 meam
2094 2336 2248 2374 portam.

635 2388 800 2420 buerunt.

279 2441 375 2475 Thes·
408 2438 528 2483 Quare
551 2439 596 2471 ad
623 2450 688 2472 ¹¹⁰⁵
714 2437 813 2471 venit
833 2434 984 2480 suppliei
1010 2432 1143 2466 mann?
1302 2450 1364 2483 13a)
1384 2452 1494 2485 curare]
1517 2453 1557 2477 sic
1576 2453 1658 2478 Editt.
1682 2454 1774 2481 1553„
1796 2453 1885 2484 1562.;
1903 2455 2001 2486 Barm,
2026 2455 2147 2486 Musgr.:
2168 2461 2250 2479 recu·

278 2492 378 2525 Aeth.
400 2489 498 2527 Scio;
524 2490 585 2523 sed
604 2486 734 2522 horum
753 2499 869 2523 sermo
888 2486 1053 2530 deinceps
1073 2490 1135 2524 est,
1153 2483 1212 2516 fili.
1302 2492 1432 2545 Μιιθῐᾶἱῗ
1451 2486 1713 2546 (Εῐιιι-ἰὲᾱζιίμίισ-α-ι).
1753 2523 1818 2547 1-62
1862 2524 1882 2546 B
1981 2524 2006 2546 M
2046 2531 2061 2541 σ
2120 2533 2152 2538 —
2168 2525 2217 2549 Ed·

230 2543 301 2576 110
337 2543 433 2575 Thes·
468 2540 520 2574 Te
546 2540 754 2573 ObVOIUtum
779 2538 917 2584 pennus
943 2537 1138 2579 interrogo·
1239 2544 1242 2609 I
1335 2520 1517 2580 hanstzl'ffilkgllc.
1537 2558 1563 2580 et
1581 2526 1782 2588 [liarnimijbfiirss
1805 2529 1983 2581 blii1.:a¹i*¹:)·tiis
2003 2526 2154 2590 (υὲῦὲυὲῑ,
2182 2527 2252 2589 qulttjii

1336 2591 1402 2614 text.
1423 2596 1464 2620 gr.
1484 2590 1568 2614 Editt.
1588 2592 1696 2622 Musgr.
1716 2594 1743 2615 et
1761 2592 1822 2615 Fix.
1840 2591 1969 2622 exhibet).

1240 2653 1241 2658 1
1303 2623 1348 2655 15)
1367 2625 1477 2655 Argos]
1503 2625 1542 2648 sic
1561 2626 1644 2651 Editt.
1667 2626 1758 2656 155S.‚
1786 2626 1877 2657 1562,
1903 2626 1978 2657 Fut-3
2009 2628 2105 2657 Bam„
2133 2628 2251 2659 Musgn:

265 2671 308 2702 13)
329 2667 449 2701 puellae]
471 2667 509 2690 sic
527 2666 610 2690 Editt.
631 2665 723 2689 1558..
745 2663 819 2687 1562.
844 2663 921 2693 qnasi
940 2663 1057 2692 legisset
1078 2662 1216 2690 interpres
1336 2658 1402 2682 illud
1419 2660 1513 2689 Argos
1533 2658 1640 2690 (EuriP-
1661 2658 1698 2683 Τὸ
1717 2658 1745 2684 ὃ)
1759 2658 1878 2693 Sipyog),

296 2703 390 2730 χαίρῃ,
412 2699 543 2733 s,169aa·.
563 2700 755 2724 Editt,r‹›ceut.
778 2698 942 2727 (=l!2urip.:
963 2695 1075 2727 κουραὶ)
1092 2700 1215 2719 rasurae.
1304 2691 1348 2724 16)
1369 2693 1416 2722 ad]
1436 2693 1483 2718 Eu.
1505 2694 1579 2720 1562.
1600 2701 1696 2719 errore
1715 2697 1842 2726 typogn:
1862 2696 1902 2720 ab.
