2373 2980
277 102 345 136 671

329 188 428 231 Quos
445 185 619 229 accipiens
635 184 703 216 duc
721 193 797 220 eos;
833 183 1024 227 experieris
1046 191 1162 219 autem
1188 187 1272 221 stul-

699 232 776 266 titia
789 231 836 277 5⁵)

280 287 352 322 395
373 288 409 320 li!
431 287 460 318 xi
478 292 639 319 coactum
660 284 750 316 male
765 290 907 328 pactum
925 296 997 318 esse
1015 284 1273 323 iusiurandum.

846 97 969 132 PHIL.
1004 99 1117 134 MEL.
1153 100 1354 138 SCRIPTA
1386 104 1721 141 PHILOLOGICA.

2241 111 2314 147 672

1374 190 1419 224 Et
1437 202 1547 236 equae
1564 191 1680 235 ipsae:
1708 191 1745 223 in
1763 201 1909 234 gramen
1926 198 2111 236 pratorum

1373 241 1583 275 Dimisimus
1602 242 1714 285 ipsas,
1741 247 1781 275 ut
1794 248 1975 286 gustarent
1991 243 2120 278 cibum.

1374 291 1450 337 Ego
1470 304 1554 325 vero
1569 304 1780 336 praecursor
1795 299 1941 337 propter
1956 300 2055 328 tuum
2075 302 2285 339 apparatum

331 339 401 380 ligo
421 351 491 369 nnn
511 335 716 369 interficiam
743 347 840 368 meos
864 336 1013 376 liberos,
1049 340 1146 384 quod
1171 340 1215 372 ad
1240 346 1272 373 te
1297 351 1299 387 J
1326 342 1400 378 425
1427 342 1559 381 venis„
1588 343 1759 377 exercitus
1777 344 1872 376 enim
1890 345 2046 385 audivit,
2074 347 2177 380 velox
2195 353 2312 379 autem

695 385 842 426 attinet,

332 442 444 483 Supra
464 437 636 471 iustitiam
654 443 706 471 est
721 431 876 470 vindicta
898 437 1011 470 malae
1027 439 1203 484 coniugis;

334 491 390 523 M.·
409 502 492 522 vero
509 488 697 522 conficient
712 487 787 521 dies
804 493 994 534 noctesque
1012 488 1221 535 lachrymis,

336 542 533 574 Far-iontem
553 540 696 586 iniqua,
724 545 757 572 et
773 551 864 584 quae
891 552 965 572 non
988 540 1116 575 iustum
1141 548 1192 576 est
1217 554 1272 574 me

575 592 688 625 facere
705 590 741 622 in
760 602 858 623 meos
873 590 1022 630 liberos,
1051 605 1139 637 qnos
1157 593 1272 635 genui.

283 645 355 679 400
385 644 478 676 Haec
503 642 567 676 tibi
588 642 743 676 breviter
768 641 883 674 dicere
914 642 1028 682 volui,
1071 655 1162 688 qnae
1191 650 1274 677 sunt

696 693 791 726 clara
811 697 845 725 et
859 692 988 726 facilia.

335 746 462 790 „Quod
480 744 507 777 si
526 756 598 777 non
614 743 666 777 vis
683 754 820 787 sapere,
844 754 908 787 ego
924 756 1001 776 mca
1019 751 1112 777 recte
1130 746 1273 779 curabo.

335 800 430 831 (Ἴων.
459 795 502 828 Ηῑ
524 795 709 829 dissimiles
729 800 810 827 sunt
831 794 929 837 prius
949 794 1051 828 dictis

334 847 562 880 §.w-munibus
579 860 586 883 ;
640 845 751 890 probe
791 850 908 878 autem
947 852 1094 879 monent
1128 858 1272 890 parcere

692 895 822 929 liberis.

335 952 429 983 Men.
458 947 535 979 Heu
551 944 640 985 heu,
667 958 740 978 non
759 943 874 979 habeo
890 946 997 980 miser
1013 946 1169 981 amicos?

287 1001 359 1035 405
388 1002 506 1041 [lyam.
535 996 572 1030 Si
588 1008 663 1029 non
682 996 734 1029 vis
753 997 900 1039 perdere
915 997 1059 1031 amicos.

335 1052 428 1085 λίμνα.
456 1048 525 1081 [Thi
546 1048 726 1086 ostendes,
752 1049 849 1091 quod
864 1048 909 1082 sis
925 1060 1024 1081 meus
1039 1047 1173 1081 frater?

337 1105 453 1143 Aqam.
482 1099 574 1131 Volo
599 1105 714 1131 tecum
738 1110 881 1142 sapere,
915 1100 975 1133 sed
998 1111 1072 1131 non
1094 1099 1198 1132 simul
1221 1099 1273 1132 fu—

695 1160 785 1182 rere.

335 1206 429 1238 sslvn.
465 1199 604 1246 „Atqui
636 1206 777 1244 oportet
804 1199 937 1233 amicos
962 1211 1043 1233 cum
1069 1200 1191 1234 amicis
1212 1201 1273 1232 ‹lo-

702 1251 773 1283 lere
794 1251 830 1282 in
848 1262 1048 1286 commune.

337 1310 453 1349 Agl-am.
482 1300 621 1336 Adhibe
636 1313 713 1341 me,
741 1314 819 1334 cum
836 1308 929 1335 recte
944 1303 1101 1336 facturus
1128 1314 1180 1339 es;
1214 1302 1272 1334 sed

589 1365 682 1393 non,
710 1365 788 1386 cum
807 1365 863 1385 me
879 1353 1002 1386 dolore
1020 1354 1210 1386 affecturus
1228 1365 1274 1386 es.

290 1409 362 1442 410
391 1409 486 1442 Men.
515 1406 570 1437 An
586 1416 658 1437 non
674 1404 735 1436 tihi
755 1404 894 1436 videtur
916 1404 952 1436 in
968 1403 1022 1438 his
1036 1405 1273 1437 laborandum

694 1468 765 1488 esse
785 1467 861 1487 cum
883 1455 1030 1488 Graecia
1043 1456 1057 1488 '1³

508 1506 656 1539 Graecia
691 1511 805 1538 tecum
842 1506 981 1539 videtur
1017 1506 1186 1539 divinitus
1222 1504 1274 1536 in-

693 1556 822 1589 sanire.

338 1613 433 1646 ssIen.
460 1609 517 1641 Tu
536 1607 698 1651 gloriaris
715 1619 808 1640 nunc
829 1619 957 1652 regno,
995 1607 1150 1651 prodens
1174 1612 1272 1638 tuum

693 1658 838 1690 fratrem
849 1671 856 1695 ;

337 1714 411 1756 ligo
432 1722 516 1743 vero
532 1709 618 1742 alias
635 1715 728 1742 artes
748 1720 916 1754 quaeram
929 1734 938 1747 ‚

337 1764 382 1798 Et
399 1762 486 1796 alios
505 1760 648 1793 amicos.

339 1813 487 1859 Nun.⁵⁶)
513 1811 545 1845 O
562 1824 622 1844 rex
638 1810 856 1844 Graecorum

288 1865 362 1901 415
389 1866 648 1909 Agamemnon,
668 1861 748 1894 veni
767 1862 942 1894 adducens
959 1859 1022 1892 tibi
1038 1865 1136 1892 tuam
1154 1857 1275 1897 filiam,

340 1917 459 1962 Quam
500 1911 719 1958 lphigeniam
766 1912 959 1956 aliquando
1003 1909 1197 1943 nominasti
1238 1908 1274 1940 in

666 1990 681 1996 ,
702 1962 857 1996 aedibus.

339 2018 456 2052 Mater
472 2022 589 2049 autem
609 2014 816 2053 comitatur,
844 2019 902 2046 tua
921 2012 1198 2056 Clytaemnestra
1211 2037 1220 2050 ,

337 2069 384 2102 Et
400 2069 490 2102 filius
500 2068 655 2106 Orestes,
678 2071 717 2099 ut
731 2064 912 2098 delecteris
931 2069 1119 2107 conspectu
1135 2060 1276 2101 horum,

337 2121 532 2165 Postquam
567 2118 637 2150 iam
673 2117 780 2159 longo
814 2121 972 2160 tempore
1007 2126 1081 2146 non
1116 2113 1211 2147 fuisti
1239 2112 1276 2144 in

696 2167 851 2199 aedibus.

292 2224 365 2259 420
393 2222 461 2255 Sed
486 2227 673 2265 postquam
695 2218 841 2261 longum
866 2217 933 2249 iter
955 2215 1113 2248 fecerunt
1141 2215 1186 2246 ad
1208 2212 1278 2246 Eu-

701 2275 820 2314 rytum

343 2322 568 2368 Fonte1n⁵⁷)‚
596 2321 759 2354 reficiunt
774 2317 945 2352 femineos
960 2316 1085 2360 pedes,

338 1514 456 1551 Aqam.

331 2459 378 2486 55)
397 2458 445 2480 duc
471 2462 517 2479 eos
546 2467 579 2471 --
605 2453 737 2480 stultitia]
771 2450 817 2474 sio*
836 2449 921 2474 Editt.
945 2449 1040 2480 1558.‚
1071 2448 1164 2472 1562:
1202 2448 1281 2471 aava.
1306 2438 1308 2455 ²

364 2496 411 2521 [z
430 2492 495 2514 text.
516 2490 572 2519 gr.)
601 2489 700 2511 bellum
724 2485 886 2516 auspicata:
919 2490 1016 2508 nosces
1041 2486 1131 2506 autem
1156 2482 1281 2511 (opizus)

364 2525 482 2549 stultitia
500 2523 609 2546 mentis.

329 2578 376 2609 56)
396 2576 487 2603 Nun]
508 2574 547 2596 sic
567 2573 649 2597 Editt.
667 2574 786 2599 recent:
820 2571 902 2595 Editt.
923 2570 1015 2606 1558..
1042 2567 1115 2591 1562.
1136 2568 1160 2589 h.
1175 2567 1192 2590 l.
1214 2566 1282 2589 reti-

365 2612 483 2636 nuerunt
501 2613 627 2638 graecam
648 2613 740 2629 vocem
758 2607 828 2637 Any.
849 2604 1012 2636 (Ἄγριος),

1307 2615 1309 2626 1

1307 2629 1309 2648 l

331 2663 378 2693 57)
398 2662 432 2686 ad
449 2661 584 2689 Eurytum
604 2658 733 2685 Fontem]
753 2657 791 2679 sic
805 2657 886 2680 Editt.
904 2656 993 2678 1558..
1016 2653 1106 2677 1552.;
1136 2652 1216 2675 Editt.
1237 2657 1283 2674 re-
1307 2649 1309 2668 1

367 2701 454 2721 cent.:
482 2694 515 2718 ad
530 2692 667 2722 limpidum
679 2692 793 2715 Fontem
809 2690 916 2719 (Eut-ip.
931 2688 1046 2718 sfiyvrov
1059 2686 1133 2716 παρὰ
1148 2684 1282 2715 Κρὴινην).

1373 394 1483 427 Fama
1503 394 1711 441 pervasit⁵⁸)
1734 395 1868 428 venisse
1887 401 1983 428 tuam
2000 396 2122 430 filiam.

1374 444 1502 479 Omnis
1518 445 1689 480 exercitus
1706 458 1811 479 cursu
1826 445 1923 479 venit
1936 447 1982 479 ad
1997 448 2233 490 spectaculum
2247 475 2255 488 ‚

1376 496 1425 529 Ut
1442 496 1588 530 videant
1608 503 1706 530 tuam
1725 497 1847 530 filiam.
1901 496 2062 537 „Felices

1377 545 1501 587 „Inter
1518 559 1641 582 omnes
1657 546 1820 582 homines
1836 554 1918 581 sunt
1936 548 2020 581 clari
2043 555 2077 582 et
2091 548 2314 594 suspiciendi.

1329 598 1402 632 430
1430 598 1563 632 Dicunt
1579 605 1715 632 autem:
1743 598 1853 632 Estne
1875 597 2118 643 hymenaeus?
2147 606 2208 633 aut
2230 600 2315 646 quid

1736 648 1876 694 agitur?

1372 701 1429 734 An
1446 700 1622 734 desiderio
1641 700 1787 734 affectus
1802 712 1864 733 rex
1877 700 2126 744 Agamemnon
2141 700 2234 736 filiae

1377 751 1526 785 Curavit
1543 751 1671 785 adduci
1688 751 1793 785 eam?
1845 752 1900 785 Ab
1920 751 1996 785 aliis
2011 749 2099 785 haec
2117 752 2275 786 audires:

1374 802 1549 836 Artemidi
1565 802 1709 836 initiant
1725 802 2024 836 adolescentulam
2034 829 2044 844 ,

1376 853 1533 897 Reginae
1549 853 1707 892 Aulidis;
1734 853 1898 899 quisnam
1913 866 1991 886 eam
2011 853 2138 888 ducet?

1326 902 1400 938 435
1427 904 1494 938 Sed
1511 904 1716 938 omittamus
1731 902 1834 937 haec:
1862 911 1901 938 tu
1918 899 2094 948 primitias
2108 905 2162 938 fer
2177 903 2314 937 Dianae

1734 955 1834 988 domi
1843 955 1907 1001 5³³),

1377 1005 1556 1039 Coronate
1572 1005 1686 1050 capita
1698 1032 1708 1046 ‚
1744 1013 1778 1039 et
1794 1012 1831 1039 tu
1843 1032 1852 1046 ‚
1879 1018 1942 1039 rex
1957 1005 2138 1046 Menelae‚

1375 1056 1520 1100 Appara
1536 1057 1698 1100 nuptias,
1726 1063 1760 1090 et
1773 1057 1810 1089 in
1827 1058 1935 1090 domo

1376 1107 1485 1140 Sonet
1500 1107 1606 1146 tibia,
1634 1113 1667 1140 et
1683 1108 1820 1141 sonitus
1836 1108 1880 1141 sit
1897 1108 2045 1152 pedum;

1377 1157 1484 1191 Venit
1501 1157 1595 1190 enim
1611 1156 1669 1190 hie
1685 1158 1758 1192 dies
1772 1158 1856 1191 felix
1875 1159 2025 1202 puellae.

1328 1207 1402 1242 440
1426 1208 1605 1254 Ayam.⁶⁰)
1631 1208 1776 1247 Laudo;
1802 1210 1863 1242 sed
1879 1210 1967 1241 vade
1984 1209 2091 1241 intro.

1378 1260 1528 1305 Reliqua
1541 1286 1550 1299 ‚
1579 1266 1683 1292 eunte
1700 1260 1844 1293 fortuna
1855 1285 1864 1299 ,
1891 1260 1980 1292 helle
1997 1265 2112 1293 erunt.

1379 1311 1456 1344 Heu
1471 1308 1578 1351 mihi,
1605 1311 1691 1356 quid
1706 1311 1821 1344 dicam
1836 1310 1966 1344 miser?
1993 1322 2012 1342 a
2030 1316 2063 1343 te
2079 1308 2246 1352 incipiam
2258 1334 2267 1347 ‚

1378 1361 1418 1395 In
1434 1362 1537 1407 quale
1553 1361 1734 1395 vinculum
1751 1361 1815 1394 fati
1829 1360 2044 1394 incidimus?

1378 1412 1494 1446 Subiit
1509 1413 1652 1445 fortuna
1663 1438 1672 1452 ,
1699 1418 1739 1446 ut
1760 1411 1908 1445 consilio

1330 1462 1404 1498 445
1431 1463 1547 1496 Multo
1565 1469 1653 1497 esset
1667 1475 1747 1496 meo
1763 1461 1971 1506 sapientior.

1378 1542 1399 1555 ,‚
1411 1513 1617 1558 Ignobilitas
1636 1519 1810 1559 quantum
1828 1510 1935 1546 habet
1949 1508 2182 1553 utilitatis⁶¹)!

1378 1564 1552 1605 „Etenim
1568 1564 1650 1597 licet
1668 1564 1736 1597 illis
1751 1561 1969 1607 lachrymari

1379 1615 1452 1655 „Et
1468 1615 1582 1647 dicere
1602 1614 1734 1654 tristia,
1760 1613 1939 1646 nobilibus
1957 1621 2042 1644 vero

1378 1666 1539 1705 „Omnia
1555 1665 1619 1698 ista
1635 1670 1763 1709 negata
1780 1670 1880 1698 sunt:
1908 1663 2182 1708 gubernatorem
2201 1659 2293 1692 vitae

1326 1714 1402 1750 450
1428 1716 1639 1756 „Habemus
1653 1715 1826 1760 populum
1837 1741 1847 1756 ‚
1873 1721 1908 1748 et
1922 1711 2095 1749 servimus
2108 1710 2228 1756 plebi„
2245 1727 2259 1757 ξ,

1376 1767 1551 1812 Equidem
1570 1779 1697 1800 vereor
1711 1766 1872 1800 emittere
1888 1763 2109 1808 lachrymas,

1378 1818 1514 1852 Rursus
1528 1819 1639 1862 pudet
1652 1830 1710 1851 me
1725 1817 1894 1851 miserum
1910 1827 1985 1849 non
2001 1811 2217 1858 lachrymari
2228 1838 2238 1852 ‚

1377 1869 1573 1915 Postquam
1589 1869 1625 1901 in
1641 1868 1814 1902 maximas
1833 1867 2050 1901 calamitates
2066 1863 2229 1909 perveni,

1376 1920 1480 1958 Esto;
1508 1921 1592 1965 quid
1608 1920 1723 1953 dicam
1743 1920 1786 1952 ad
1805 1931 1921 1952 meam
1941 1914 2150 1961 coniugem?

1328 1970 1402 2007 455
1429 1971 1621 2016 Quomodo
1651 1970 1822 2014 excipiam
1848 1981 1924 2003 eam
1936 1969 1952 2002 ἐ’
1992 1967 2173 2013 quomodo
2199 1964 2315 2008 adspi-

1740 2021 1830 2054 ciam
1840 2020 1855 2053 ?

1378 2074 1520 2108 Etenim
1540 2085 1596 2106 me
1618 2071 1774 2117 perdidit
1796 2077 1941 2115 propter
1962 2069 2078 2108 mala,
2112 2077 2202 2112 quae
2226 2062 2315 2110 mihi

1739 2123 1886 2162 adsunt,

1380 2175 1469 2209 Cum
1486 2173 1624 2208 venerit
1639 2185 1714 2206 non
1731 2179 1874 2210 vocata;
1901 2172 1976 2205 iure
1991 2175 2107 2204 secuta
2126 2174 2195 2207 est,

1380 2226 1508 2260 Filiam
1528 2227 1764 2269 desponsans,
1793 2231 1827 2256 et
1845 2222 2024 2256 carissima

1381 2278 1499 2315 Dans,
1523 2276 1582 2309 nbi
1600 2287 1665 2309 nos
1682 2275 1838 2308 inveniet
1855 2273 2073 2318 perfidiosos.

1332 2328 1406 2363 460
1432 2328 1599 2360 Miseram
1619 2324 1709 2358 hanc
1726 2326 1898 2369 virginem
1918 2324 2020 2369 (quid
2036 2318 2233 2365 virginem?

1366 2452 1413 2483 58)
1432 2451 1568 2481 pervasit]
1587 2449 1627 2473 sic
1646 2450 1691 2477 (z
1705 2448 1795 2477 Eurip.
1817 2446 1903 2479 διῇξε)
1918 2446 2002 2470 Editt.
2018 2445 2112 2474 1558„
2131 2444 2221 2471 Bai-n..v
2241 2444 2317 2466 Mus-

1403 2492 1497 2517 grau-
1517 2485 1593 2508 Fix.:
1618 2483 1667 2507 Ed.
1683 2482 1758 2506 1562.
1778 2482 1862 2505 male:
1889 2480 2037 2511 persuasit.

1366 2529 1413 2559 59)
1433 2528 1486 2551 §etl
1499 2540 1532 2544 -
1545 2526 1615 2550 domi
1625 2526 1648 2556 ‚]
1667 2524 1705 2548 sic
1719 2524 1802 2547 Editt.
1819 2523 1910 2553 1558„
1931 2522 2021 2552 1562.;
2041 2521 2100 2545 Fix.
2120 2520 2164 2552 (=
2179 2522 2243 2544 text.
2263 2521 2318 2550 gr.)
2346 2509 2347 2519 ¹

1403 2563 1457 2586 Sed
1476 2568 1543 2591 age,
1570 2560 1640 2590 quod
1658 2559 1808 2589 proximum
1827 2560 1885 2589 est,
1911 2557 2056 2586 auspican-e
2072 2556 2200 2579 canistra.

1369 2604 1416 2636 60)
1438 2603 1548 2636 Ayam.]
1568 2603 1595 2626 in
1614 2602 1663 2626 Ed.
1679 2601 1753 2625 1562.
1772 2602 1796 2625 h.
1811 2601 1829 2625 Ι.
1849 2600 1934 2623 deest.

1367 2648 1416 2676 61)
1435 2648 1465 2670 H.
1487 2648 1504 2671 Ι.
1523 2647 1551 2670 iu
1568 2645 1652 2669 Editt.
1673 2643 1764 2673 1558,
1792 2643 1865 2667 ¹562.
1893 2644 1958 2665 nuta
1982 2646 2084 2672 marg:

1402 2681 1499 2706 litatis.

2121 2641 2195 2664 haus
2213 2640 2320 2671 ignobi·
2344 2633 2345 2651 ³
