2373 2980
112 100 188 137 297
608 97 682 132 LV.

166 187 274 219 Serva
302 196 341 217 ex
368 184 455 216 urbe
488 184 612 216 abacta

163 236 342 275 Troiana,
365 232 487 267 hastae
518 234 604 274 acie,

118 287 189 323 105
219 286 329 330 Capta
353 286 446 318 bello
475 286 518 318 ab
543 284 705 319 Achaeis.

165 336 264 372 Nihil
290 338 332 369 ‹le
362 337 464 370 malis
488 337 669 373 ablevans,

166 390 235 422 Sed
261 389 376 421 nuntii
407 401 497 422 onus
524 394 674 432 portans

166 441 334 479 Grande,
360 439 493 484 ubique
518 451 538 471 o
564 438 693 471 mulier
717 449 847 480 praeco
870 438 1049 471 dolorum.

164 492 256 526 Nam
284 491 319 523 in
346 491 567 524 Graecorum
594 489 700 533 pleno
725 488 877 520 concilio

117 544 190 577 110
216 542 358 575 Dicitur
377 543 560 574 decretum
589 552 680 579 esse,
704 545 801 572 tuam
828 539 936 572 filiam
965 536 1095 572 Achilli

166 593 356 626 Victimam
373 593 461 626 fieri.
505 592 701 624 Tumulum
720 602 875 636 namque
892 603 969 623 cum
990 601 1108 622 ascen-

528 643 648 682 disset,

165 695 258 734 Scis,
284 695 467 739 quomodo
495 694 614 727 aureis
642 693 809 736 apparuit
833 705 910 725 cuin
937 691 1057 728 armis,

166 745 404 789 Pontigradas
427 757 513 778 vero
542 743 721 778 continuit
743 750 836 777 rates

167 798 369 830 Secundum
397 796 472 829 xela
499 796 710 829 rudentibus

165 848 353 887 Suffultas,
378 846 558 887 subnixas,

9 883 20 942 l
118 899 190 935 115
220 899 315 932 Haec
339 899 516 931 clamans:

3 947 19 976 ³=
167 952 248 996 Quo
276 963 360 984 sane
385 950 511 984 Graeci

6 1045 8 1049 Ι
168 1002 289 1035 Meum
313 1001 490 1035 tumulum
515 997 779 1044 proficiscimini

3 1062 10 1095 't
168 1052 428 1086 Inhonoratum
454 1048 720 1096 relinquentes?

4 1106 8 1138 i
168 1105 320 1148 Magnae
344 1116 428 1137 vero
456 1101 695 1135 contentionis
729 1107 805 1132 orta
830 1106 880 1132 est
909 1104 1109 1142 tempestas.

169 1155 353 1190 Sententia
378 1167 461 1187 vero
479 1152 651 1197 processit
675 1151 812 1184 diversa
834 1150 870 1182 in
887 1151 1108 1183 Graecorum

119 1208 193 1245 120
222 1206 391 1239 Exercitu
415 1205 603 1237 bellicoso:
626 1202 695 1235 illis
721 1202 877 1247 quidem,
901 1207 937 1233 ut
964 1202 1110 1232 daretur

169 1257 327 1290 Tumulo
353 1256 516 1294 victima,
542 1255 610 1288 illis
634 1265 719 1286 vero
745 1265 818 1285 non
843 1253 1042 1285 videbatur.

169 1308 258 1341 Erat
281 1320 366 1340 vero
393 1306 537 1352 quidem
563 1312 663 1338 tuum
691 1305 834 1337 studens
858 1305 1006 1341 bonum,

169 1359 347 1392 Fatidicae
368 1356 529 1390 Bacchae
553 1356 614 1402 qui
640 1354 745 1388 habet

167 1408 383 1443 Thalamum
396 1436 405 1449 ,
430 1408 692 1451 Agamemnon.

118 1460 191 1498 125
219 1459 395 1494 Thesidae
421 1471 506 1493 vero
529 1458 621 1491 rami
644 1454 868 1489 Athenarum

167 1512 332 1546 Duorum
356 1523 562 1545 sermonum
587 1507 749 1542 rhetores
775 1513 888 1546 erant,

167 1563 349 1597 Sententia
375 1568 493 1597 autem
517 1573 588 1595 una
614 1559 876 1593 conveniebant

168 1613 366 1648 Achilleum
391 1614 567 1647 tumulum
593 1611 840 1645 coronandum
867 1620 939 1641 esse

169 1666 349 1710 Sanguine
374 1665 516 1698 virenti.
570 1663 790 1698 Cassandrae
815 1672 900 1693 vero

119 1719 192 1754 130
215 1718 353 1751 Torum
380 1729 455 1750 non
479 1717 644 1749 dicebant
667 1712 860 1747 Achilleiae

165 1770 467 1814 Praeponenduni
497 1780 569 1801 esse
594 1777 755 1811 unquam
781 1762 955 1807 hastaess).

169 1821 291 1855 Studia
316 1833 402 1854 vero
424 1831 630 1854 sermonum
656 1823 969 1850 controversorum

166 1872 280 1905 Erant
298 1872 397 1916 paria
420 1870 703 1917 quodammodo,
720 1868 929 1912 priusquam
947 1872 1108 1899 versutus

166 1921 306 1956 Rhetor
330 1923 560 1968 suaviloquus
586 1920 736 1965 gratiam
767 1918 888 1962 populi
915 1925 1073 1963 captans,

118 1973 192 2009 135
218 1974 426 2008 Laertiades
449 1974 641 2018 persuadet
663 1969 845 2010 exercitui,

166 2027 249 2060 Non
273 2026 447 2070 optimum
473 2026 693 2059 Graecorum
721 2022 881 2056 omnium

166 2078 318 2111 Serviles
344 2083 492 2122 propter
518 2076 679 2108 victimas
704 2074 888 2118 repellere,

166 2129 219 2163 Ne
247 2129 325 2175 quis
349 2129 443 2162 (licat
471 2129 565 2172 apud
591 2126 845 2170 Proserpinam

167 2181 271 2214 Stans
297 2193 337 2213 ex
364 2181 526 2218 mortuis,

118 2230 191 2266 140
217 2232 323 2277 Quod
354 2232 484 2276 ingrati
509 2230 634 2263 Graeci
662 2240 744 2272 erga
771 2227 928 2260 Graecos

167 2283 332 2317 Mortuos
358 2296 423 2328 pro
449 2282 594 2315 Graecis

167 2334 298 2367 Troiae
324 2347 364 2368 ex
391 2334 524 2379 campis
546 2331 781 2366 discesserint.

167 2384 294 2418 Veniet
317 2399 402 2419 vero
428 2386 570 2431 Ulysses
596 2384 704 2416 modo
728 2394 802 2414 non
827 2381 910 2421 iam,

168 2435 327 2469 Puellam
355 2438 542 2471 avulsurus
567 2436 636 2470 tuis
662 2448 679 2467 a
706 2433 886 2473 mammis,

121 2485 193 2521 145
219 2486 341 2534 Exque
367 2489 450 2522 anili
478 2500 587 2521 manu
612 2488 840 2520 abducturus.

171 2538 238 2571 Sed
261 2540 348 2572 vade
374 2542 416 2572 ad
442 2540 595 2584 templa,
620 2539 675 2571 abi
704 2538 746 2571 ad
774 2535 913 2575 altaria,

151 2670 182 2699 3)
203 2669 270 2693 Huic
288 2669 381 2693 vei-sui
401 2669 426 2693 in
447 2671 573 2701 margine
591 2671 639 2695 Ed.
663 2672 735 2697 1562.
756 2671 898 2700 adscripta
927 2672 970 2694 est
988 2670 1107 2693 amiota—-

186 2704 240 2727 tto:
261 2705 283 2727 id
306 2706 365 2729 est,
386 2705 491 2728 virtuti.
511 2705 676 2734 metalepsis.

730 96 1133 132 INTERPRETATIO
1160 96 1386 131 HECUBAE
1413 95 1663 132 EURIPIDIS.

1133 596 1138 669 ἱ

1133 672 1137 737 5

1134 743 1137 853 ἒ

1134 864 1138 964 ³}

1135 990 1138 1002 l

1135 1140 1138 1172 Ξ

1135 1173 1138 1195 ι

1134 1367 1137 1383 t

2080 101 2155 136 298

1214 183 1342 215 Accide
1365 183 1647 226 Agamemnonis
1673 184 1822 228 supplex
1848 191 1928 217 ante
1959 197 2086 229 genua,

1214 232 1342 266 Invoca
1367 234 1482 275 Deos,
1507 247 1586 273 eos,
1616 235 1676 279 qui
1705 242 1788 268 sunt
1814 235 1851 268 in
1876 237 1988 276 coelo,

1213 280 1369 328 Eosque,
1387 286 1446 329 qui
1466 293 1545 318 sunt
1566 286 1630 318 sub
1651 292 1756 320 terra.
1785 286 1857 320 Aut
1875 288 1969 320 enim
1987 294 2020 321 te
2038 300 2160 332 preces

1165 332 1238 368 150
1264 333 1533 375 Proliibebunt,
1562 337 1648 368 orba
1675 350 1717 369 ne
1746 338 1791 371 sis

1212 385 1302 417 Filia
1328 386 1476 424 misera3
1503 394 1563 418 aut
1588 394 1731 430 oportet
1756 395 1788 421 te
1815 389 1995 433 adspicere

1213 438 1266 469 Ad
1293 438 1470 470 tumulum
1499 438 1684 470 cadentem
1710 446 1955 473 cruentantem

1215 488 1394 531 Sanguine
1418 488 1594 531 virginem
1623 500 1662 521 ex
1691 490 1847 523 aurifero

1217 539 1340 578 Collo,
1369 539 1516 571 flumine
1546 545 1637 573 atro,
2056 544 2068 558 ⁴

1165 587 1238 624 155
1265 592 1412 624 Hecuba.
1466 589 1532 622 Hei
1570 602 1634 634 ego
1672 590 1820 624 misera!
1858 592 2028 636 quidnam
2065 594 2159 626 voci-

1579 641 1748 674 feralior?

1217 692 1334 737 Quam
1360 704 1503 732 vocem,
1532 705 1636 737 quem
1665 693 1812 732 luctum,

1214 742 1359 783 Infelix,
1384 744 1428 776 ob
1456 744 1624 776 miseram
1651 750 1880 784 senectutem,

1216 795 1430 827 Servitutem
1456 793 1548 827 lianc
1576 807 1649 827 non
1675 796 1914 835 tolerandam,

1214 846 1297 880 Non
1330 846 1527 879 ferendam.
1582 846 1649 878 Hei
1679 844 1786 885 milii,
1811 845 1917 879 mihi!

1166 897 1239 931 160
1268 897 1357 941 Quis
1381 898 1547 930 desendet
1573 897 1654 930 me’?
1681 910 1770 943 quae
1798 897 1906 941 gens?

1218 949 1319 993 Quae
1345 961 1429 981 vero
1453 950 1536 982 urbs
1546 948 1561 981 ’ἒ

1214 999 1354 1032 Interiit
1379 1012 1504 1039 senex,
1532 1000 1746 1032 interierunt
1769 999 1884 1032 liberi.

1216 1051 1315 1095 Qua,
1341 1063 1387 1083 an
1410 1049 1495 1089 hac,
1523 1063 1567 1083 an
1597 1051 1675 1083 illac

1219 1101 1303 1134 tho?
1327 1102 1388 1134 ubi
1413 1101 1566 1135 sedebo}>
1592 1103 1653 1135 ubi
1678 1102 1758 1147 quis
1782 1102 1942 1134 Deorum

1168 1152 1239 1187 165
1267 1153 1338 1186 Aut
1362 1154 1577 1186 daemonum
1605 1152 1823 1186 auxiliator?

1216 1205 1249 1237 O
1274 1205 1389 1244 mala,
1419 1217 1508 1250 quae
1537 1205 1703 1238 attulistis
1733 1205 1916 1237 Troianae
1940 1204 2119 1244 mulieres,

1216 1256 1248 1289 Ο
1276 1256 1408 1293 tristia,
1433 1268 1523 1301 quae
1547 1256 1712 1289 attulistis
1738 1255 1848 1288 mala!

1215 1307 1442 1346 Extinxistis,
1469 1308 1690 1351 perdidistis:
1718 1320 1791 1340 non
1816 1306 1969 1351 amplius
1997 1304 2086 1339 mihi

1215 1358 1297 1390 Vita
1325 1364 1422 1401 grata
1451 1358 1488 1390 in
1511 1359 1600 1392 luce.

1134 1418 1136 1445 l
1166 1409 1240 1443 170
1266 1408 1299 1441 Ο
1323 1408 1526 1442 calamitose
1552 1410 1597 1443 sis
1624 1411 1695 1443 dux
1720 1408 1809 1442 milii

1132 1452 1137 1525 4‘

1129 2275 1134 2392 i

1212 1460 1299 1498 Pes,
1323 1460 1369 1492 sis
1394 1461 1465 1492 dux
1490 1461 1573 1493 anui

1213 1511 1269 1544 Ad
1297 1508 1389 1543 hanc
1414 1511 1550 1544 aulam!
1581 1523 1601 1543 ο
1625 1510 1717 1551 filia,
1743 1523 1763 1543 0
1788 1516 1871 1543 nata

1212 1561 1475 1595 Afflictissimae
1504 1563 1642 1603 matris,
1849 1566 1851 1568 ’

1211 1613 1413 1657 Egredere,
1439 1615 1605 1657 egredere
1629 1626 1646 1647 e
1674 1615 1803 1652 doxn0,
1830 1613 1913 1646 audi
1938 1612 2063 1646 matris

1164 1663 1238 1700 175
1262 1665 1416 1705 Vocem,
1440 1678 1460 1697 o
1484 1665 1553 1698 lilia
1568 1692 1577 1706 ,
1603 1672 1643 1698 ut
1669 1676 1852 1709 agnoscas,

1214 1717 1387 1762 Qualem,
1415 1717 1556 1762 qualem

1212 1768 1331 1802 Audio
1357 1768 1489 1800 samam
1516 1769 1557 1801 de
1583 1774 1643 1801 tua
1668 1767 1753 1800 vita.

1214 1820 1404 1864 Polyxena.
1458 1817 1515 1852 Ah
1549 1825 1684 1859 mater,
1717 1825 1852 1858 mater,
1887 1818 1973 1862 quid
2003 1816 2158 1850 clamas?

1577 1871 1663 1916 quid
1688 1870 1773 1903 novi

1212 1921 1392 1955 Nuntians
1415 1934 1456 1955 ex
1482 1922 1628 1955 aedibus
1655 1934 1711 1954 me
1735 1921 1836 1967 quasi
1862 1932 1963 1953 avem

1163 1973 1236 2007 180
1266 1973 1354 2005 Cum
1380 1979 1519 2006 terrore
1545 1972 1726 2006 evocasti?

1212 2027 1294 2058 Hec.
1322 2023 1390 2056 Hei
1415 2023 1505 2057 mihi
1528 2025 1617 2057 filia!

1213 2077 1284 2109 Pol.
1312 2075 1408 2120 Quid
1418 2089 1474 2109 me
1494 2076 1651 2120 appellas
1670 2075 1832 2108 ominosa
1849 2087 1947 2115 voce,
1971 2073 2156 2119 prooemia

1575 2125 1664 2160 mihi
1688 2127 1782 2160 mala
1794 2126 1809 2159 ’.Ρ

1213 2180 1292 2211 Hee.
1322 2177 1389 2210 Hei
1413 2176 1471 2211 hei
1498 2185 1578 2212 tuae
1603 2179 1714 2211 vitae!

1212 2230 1284 2262 Pol.
1312 2228 1513 2275 Eloquere,
1536 2242 1581 2262 ne
1614 2230 1702 2262 celes
1729 2229 1802 2261 diu.

1164 2278 1236 2313 185
1264 2279 1408 2319 Metuo,
1437 2287 1557 2314 metuo
1585 2287 1716 2313 n'iater:

1211 2331 1308 2376 Quid
1336 2333 1480 2365 tandem
1504 2330 1732 2376 ingemiscis?

1212 2384 1293 2417 Hec.
1322 2382 1355 2416 Ο
1378 2383 1447 2416 filia
1463 2410 1472 2423 ,
1499 2384 1569 2416 filia

1212 2434 1366 2467 Miserae
1393 2434 1574 2480 nizntris³)!

1211 2487 1284 2519 Pol.
1313 2485 1408 2530 Quid
1434 2484 1502 2518 hoc
1525 2481 1700 2518 nuntias?

1212 2539 1292 2571 Hec.
1320 2536 1479 2569 Mactare
1508 2543 1541 2569 te
1568 2536 1789 2569 Graecorum
1819 2533 2002 2567 communi

1195 2671 1225 2703 4)
1247 2673 1269 2697 Ο
1297 2672 1355 2695 fitia
1375 2685 1404 2688 —
1426 2671 1538 2699 matris]
1564 2671 1630 2694 haee
1652 2671 1677 2696 h.
1699 2671 1716 2696 1.
1745 2671 1771 2694 in
1798 2671 1866 2695 duos
1893 2676 1993 2694 versus
2020 2669 2156 2693 disiuncta

1230 2707 1256 2729 izi
1276 2706 1324 2730 Ed.
1347 2706 1425 2729 Barn.
1447 2706 1472 2728 iu
1494 2711 1546 2729 mio
1566 2712 1648 2729 versu
1670 2706 1807 2736 teguntur.
