2373 2980
194 93 265 128 499

244 181 327 213 Nu!-
357 178 389 211 Ο
407 178 496 218 tilia,
526 177 611 222 quid
629 177 740 211 dicis?

244 229 296 263 Ne
312 230 406 262 dicas
424 229 504 262 talia
525 241 643 261 coram
663 229 796 272 populo
810 256 818 268 ,

242 279 435 314 Effundens
453 291 651 313 sermonem
671 280 862 314 obnoxium
881 282 1007 317 furori.

195 330 268 366 215
298 333 398 365 Phae.
427 330 558 363 Mittite
579 342 634 363 me
652 330 686 363 iu
706 339 884 371 montcun
912 346 953 367 eo
973 335 1018 368 ad
1035 335 1184 380 sylvam,
1210 332 1213 354 ἰ

246 382 288 415 Et
309 383 351 415 ad
370 381 494 426 pinus,
523 381 584 414 ubi
601 381 753 414 venatici

248 433 360 466 Canes
381 433 517 466 vadunt

247 484 587 529 Adpropinquantes
598 482 644 529 18)
662 484 851 518 maculosis
868 486 992 520 cervis.

246 535 315 568 Per
335 534 428 568 Deos
446 534 549 579 cupio
568 534 722 568 clamore
740 536 892 569 excitare
911 549 1033 577 canes,

197 586 270 621 220
298 585 342 618 Et
359 586 448 619 circa
466 585 597 618 flavam
618 598 756 620 comam
774 587 947 631 proiicere

249 637 433 682 Torquem
450 634 693 670 Thessalicum
705 663 714 677 ‚

251 688 393 721 Habens
409 686 547 721 hastam
566 687 602 720 in
622 700 742 721 manu.

250 742 332 774 Nus.
361 739 499 784 Quare,
528 751 548 772 o
564 739 654 779 filia,
682 750 783 772 curas
802 739 892 773 ista?

251 790 347 834 Quid
366 790 429 823 tibi
448 796 498 823 est
513 790 647 833 negotii
665 802 744 823 cum
762 790 928 824 exercitio
946 790 1169 824 venationis?

200 840 274 878 225
304 841 423 886 Quare
443 841 575 886 expetis
594 852 703 886 aquas
718 841 908 876 fontanas?

251 892 392 926 Etenim
412 892 506 925 iuxta
526 904 642 925 arcem
661 898 711 925 est
728 892 917 927 continuus
934 892 1075 926 roridus

250 944 520 989 Aquaeductus‚
547 943 641 992 unde
658 942 723 975 tibi
741 949 857 987 potest
872 950 1075 988 esse·potus.

252 996 353 1028 Phae.
382 994 414 1027 O
430 994 575 1027 domina
591 1005 712 1028 sacrae
728 993 887 1037 paludis,
907 994 1037 1032 Diana,

251 1045 295 1078 Et
315 1044 580 1089 gymnasiorum
600 1043 836 1089 equestrium,

203 1097 277 1132 230
306 1096 450 1129 Utinam
470 1108 578 1130 essem
597 1095 634 1127 in
651 1101 711 1127 tuo
730 1107 875 1139 campo,

253 1147 414 1180 Domans
432 1159 541 1193 equos
558 1145 783 1180 domesticos.

254 1201 336 1233 Nat.
386 1198 481 1243 Quid
516 1209 637 1231 rursus
656 1196 785 1234 dixisti
816 1193 910 1229 hunc
947 1194 1091 1228 stultum
1122 1206 1190 1227 ser-

616 1247 787 1280 monem?

254 1300 357 1334 ‘Nune
376 1299 614 1333 conscendens
634 1304 791 1332 montem
805 1324 815 1338 ,
841 1295 1040 1331 venationis

252 1353 386 1385 Amore
403 1350 624 1389 incitaberis3
646 1362 742 1384 nunc
759 1361 865 1383 arena

203 1400 278 1438 235
305 1401 345 1435 In
363 1402 462 1436 arida
481 1413 578 1435 amas
595 1414 717 1447 equos.

254 1453 350 1487 Haec
367 1460 449 1487 sunt
467 1453 588 1497 gravia
605 1451 771 1486 vaticinia
785 1478 794 1491 ,

257 1505 364 1549 Quod
379 1504 507 1549 aliquis
521 1503 618 1537 Deus
635 1510 667 1536 te
684 1508 804 1541 vexet,

255 1555 302 1589 Et
319 1561 472 1588 mentem
491 1554 682 1599 eripuerit,
716 1566 736 1586 o
755 1553 838 1586 filia.

258 1608 361 1640 Phae.
384 1605 508 1639 Infelix
526 1606 607 1649 ego!
647 1604 732 1650 quid
748 1600 839 1636 feci?

207 1656 281 1693 240
310 1657 390 1702 Quo
410 1657 574 1690 aberravi
592 1668 611 1689 a
628 1668 713 1690 sana
731 1652 872 1688 mente?

257 1708 411 1742 Insanivi
422 1735 430 1748 ‚
456 1708 555 1752 lapsa
571 1720 649 1741 sum
666 1712 812 1740 vexante
828 1704 916 1736 Deo.

258 1760 354 1800 Heu,
381 1757 450 1793 heu
470 1759 599 1792 misera

259 1811 387 1845 Nutrix
398 1837 406 1850 ,
433 1816 510 1854 tege
526 1821 648 1843 rursus
665 1813 770 1852 caput
786 1817 916 1839 meum.

259 1862 374 1895 Pudet
391 1874 446 1894 me
465 1873 587 1894 eorum
599 1886 608 1900 ,
636 1871 726 1904 quae
744 1857 828 1891 dixi.

211 1911 284 1949 245
311 1913 405 1956 Tege
417 1939 425 1952 ,
453 1909 657 1956 lachrymae
673 1907 762 1942 mihi
780 1921 821 1941 ex
838 1905 947 1940 oculis
963 1909 1174 1948 erumpunt,

261 1964 306 1998 Et
322 1963 414 1996 oculi
433 1969 620 1996 vertuntur
638 1961 680 1993 ad
697 1960 883 2004 pudorem.

260 2015 381 2055 „Nam
400 2013 605 2058 resipiscere
617 2039 625 2052 ,
653 2011 776 2044 dolore
793 2009 900 2043 afficit
917 2006 1074 2039 animum
1086 2005 1142 2050 ι7).

264 2065 370 2110 „Ipsa
399 2064 537 2099 insania
561 2063 695 2097 malum
717 2062 896 2106 quoddam
923 2064 991 2097 est,
1026 2058 1087 2091 sed
1111 2055 1202 2100 opti-

621 2125 719 2146 mum
738 2118 789 2145 est

266 2168 417 2208 „Perire
432 2167 480 2201 sic
491 2193 499 2207 ,
527 2178 600 2199 non
615 2165 794 2199 scientem.

217 2218 291 2255 250
317 2222 399 2253 Nat.
428 2219 527 2262 Tego
539 2217 602 2264 ¹⁸);
637 2215 733 2261 quod
750 2214 795 2247 ad
812 2224 868 2246 me
885 2211 1028 2250 attinet,
1057 2208 1202 2254 quando

624 2278 721 2299 mors

270 2322 381 2365 Teget
398 2332 524 2364 corpus
543 2317 686 2352 meum?

270 2372 413 2413 „Multa
431 2383 486 2404 me
505 2371 607 2403 docet
625 2369 696 2401 vita
710 2367 829 2410 longa.

273 2424 457 2467 „Oportet
474 2420 644 2454 mediocri
663 2419 754 2452 inter
771 2429 806 2451 se

257 2508 302 2540 16)
320 2506 593 2537 Adpropinquantes]
618 2504 658 2528 sic
682 2501 781 2533 scripsi
806 2502 855 2530 (=
872 2498 966 2528 Eurip.
983 2494 1206 2529 ἐγχριπτόμεναι,

292 2543 390 2570 Barm,
408 2541 528 2570 musgr.:
548 2539 733 2566 insilientes];
759 2535 843 2560 Editt.
860 2533 952 2564 1558„
973 2532 1048 2558 1562.
1068 2532 1138 2556 male
1157 2537 1205 2554 se-

289 2575 418 2601 iunctim:
442 2574 484 2598 Ad
502 2574 722 2604 propinquante&

260 2618 305 2650 17)
325 2619 356 2643 Η.
374 2618 392 2642 Ι.
410 2617 438 2640 in
456 2616 540 2640 Editt.
560 2615 651 2644 1553,
673 2613 746 2637 1562.
764 2612 830 2635 nota
848 2615 949 2639 marg.:
976 2607 1187 2638 Resipiseenua.

260 2662 306 2689 18)
324 2661 411 2692 Tego]
431 2659 472 2683 sic
488 2660 536 2687 (=
546 2657 639 2686 Eurip.
660 2653 790 2686 Κρύπτω)
810 2652 894 2678 Editt.
909 2651 993 2682 ¹558„
1013 2651 1105 2681 Bam,
1125 2651 1203 2674 Mus-

294 2701 389 2728 grav.,
406 2694 484 2724 Fix.;
512 2692 560 2717 Ed.
576 2691 651 2715 1562.
671 2692 750 2720 Tege.

774 93 895 129 PHIL.
931 94 1041 129 MEL.
1075 95 1275 131 SCRIPTA
1308 96 1643 133 PHILOLOGICA.

2148 99 2224 136 500

1287 184 1448 223 „Amore
1465 182 1628 217 homines
1645 182 1784 216 misceri
1794 183 1838 230 ¹⁹)
1851 210 1860 223 ,

1210 267 1212 280 ,
1236 233 1311 271 255
1339 234 1413 275 „Et
1429 247 1502 267 non
1519 235 1563 267 ad
1579 240 1771 267 extremam
1789 235 1980 268 medullam
2001 236 2158 272 animae;

1289 286 1364 326 „Et
1381 298 1540 318 amorem
1558 297 1660 329 posse
1675 285 1854 325 desinere,

1290 337 1365 377 „lit
1381 336 1506 380 expelli
1526 341 1559 368 et
1576 336 1728 370 extendi.

1291 388 1388 427 „Sed
1406 386 1568 420 afflictari
1583 399 1648 431 pro
1666 387 1802 420 duabus
1820 397 1929 419 unam

1291 465 1312 478 „
1322 438 1508 478 Animam,
1537 449 1642 481 grave
1658 450 1747 472 onus
1766 443 1834 476 est;
1864 437 1953 471 sicut
1972 437 2076 471 etiam
2096 450 2160 482 ego

1239 488 1312 524 260
1340 489 1484 529 „Huius
1503 489 1612 521 vicem
1631 489 1747 523 doleo.

1288 540 1531 580 „Accuratum
1548 540 1640 573 vitae
1656 540 1812 574 studium

1291 618 1312 631 „
1323 592 1407 625 Plus
1423 591 1522 624 aiunt
1541 603 1669 624 nocere
1688 603 1795 636 quam
1812 590 1987 623 delectare
1998 616 2007 629 ,

1291 642 1365 682 „Et
1382 654 1541 686 pugnare
1560 642 1670 685 magis
1687 654 1765 675 cum
1784 641 1946 675 sanitate.

1292 694 1379 731 „Sic
1396 694 1450 733 id,
1479 694 1574 738 quod
1592 693 1744 726 nimium
1763 699 1832 732 est,
1859 691 1977 725 minus
1994 691 2100 724 laudo

1240 743 1314 779 265
1343 745 1491 789 „Quam
1512 744 1596 777 illud
1609 770 1618 784 ‚
1650 743 1703 778 Ne
1722 743 1806 789 quid
1824 742 1941 776 nimis.

1292 795 1367 836 „Et
1385 795 1621 829 assentientur
1642 792 1732 827 mihi
1748 794 1935 838 sapientes.

1380 877 1588 926 [Chorus,
1623 880 1814 918 Nutrix,
1850 873 2105 923 Phaedra]

1294 950 1390 983 Chor.
1418 947 1548 980 Mulier
1566 947 1681 980 vetula
1693 973 1703 987 ,
1730 946 1842 980 fidelis
1857 945 1977 979 nutrix
1993 944 2135 989 reginae

1293 998 1478 1031 Phaedrae
1491 1025 1500 1038 ‚
1527 998 1688 1031 videmus
1705 998 1851 1031 miseras
1866 997 1949 1030 istas
1965 996 2194 1029 calamitates.

1295 1050 1493 1083 Obscurum
1512 1055 1563 1082 est
1577 1049 1680 1082 nobis
1691 1075 1699 1088 ,
1728 1048 1812 1094 quid
1832 1047 1876 1082 sit
1891 1047 2026 1080 morbi:

1243 1101 1318 1136 270
1344 1100 1518 1133 Volumus
1537 1106 1569 1132 te
1586 1100 1805 1143 interrogare
1822 1105 1856 1132 et
1870 1098 2004 1132 audire.

1296 1154 1378 1185 Nat.
1406 1150 1510 1183 Haud
1528 1150 1599 1184 scio
1619 1156 1733 1187 cert03
1767 1162 1882 1195 neque
1900 1150 1994 1182 enim
2012 1147 2088 1180 vult
2105 1146 2232 1180 dicere.

1298 1204 1394 1236 Cleor.
1418 1201 1542 1246 Neque
1564 1213 1654 1246 quae
1671 1201 1715 1234 sit
1731 1212 1832 1233 causa
1852 1198 1980 1233 horum
1997 1199 2173 1232 malorum
2184 1196 2200 1229 ⁴?

1296 1256 1379 1287 luat.
1405 1252 1540 1285 Eodem
1562 1252 1666 1284 redis.
1719 1250 1811 1284 Nam
1833 1250 1956 1283 reticet
1970 1248 2058 1283 haec
2075 1247 2207 1281 omnia.

1299 1305 1395 1338 Ultor.
1424 1303 1540 1347 Quam
1559 1309 1610 1336 est
1625 1307 1767 1345 aegrota
1779 1328 1789 1342 ,
1816 1301 1999 1335 contabuit
2014 1299 2181 1344 corpore!

1246 1353 1320 1389 275
1348 1357 1432 1389 Nat.
1460 1353 1595 1399 Quidni
1611 1353 1892 1392 contabesceret,
1919 1363 2009 1398 quae
2024 1351 2095 1384 iam
2114 1350 2232 1383 triduo

1658 1401 1747 1435 nihil
1764 1402 1941 1435 comedit?

1299 1457 1396 1490 Ultor.
1423 1453 1553 1487 Utrum
1571 1465 1612 1486 ex
1630 1454 1757 1486 morbo
1770 1479 1778 1493 ,
1805 1465 1850 1485 an
1865 1452 1987 1485 volens
2003 1449 2120 1484 mori?

1297 1509 1380 1540 Νιιΐ.
1408 1504 1521 1543 Mori;
1550 1504 1702 1537 abstinet
1719 1516 1737 1536 a
1757 1503 1834 1536 cibo
1847 1529 1856 1543 ‚
1883 1509 1923 1536 ut
1941 1501 2127 1535 moriatur.

1301 1558 1397 1591 Char.
1424 1556 1557 1588 Mirum
1574 1561 1643 1594 est,
1669 1554 1698 1587 si
1715 1554 1778 1587 ista
1796 1554 1936 1597 placent
1956 1551 2097 1585 marito.

1299 1610 1382 1641 Ναὶ.
1426 1605 1504 1650 Ipsa
1538 1605 1690 1638 occultat
1718 1604 1852 1637 malum
1864 1629 1873 1644 ‚
1921 1609 1956 1636 et
1983 1602 2068 1636 dicit
2097 1613 2132 1635 se
2162 1611 2236 1631 non

1655 1661 1851 1699 aegrotare.

1249 1709 1324 1743 280
1352 1709 1449 1744 Ghor.
1476 1708 1621 1741 Annon
1638 1704 1893 1739 animadvertit
1907 1704 1985 1744 ille,
2019 1716 2098 1738 cum
2123 1702 2236 1735 intue-

1658 1764 1716 1790 tur
1732 1757 1856 1790 faciem
1875 1755 1972 1789 eius?

1301 1812 1384 1844 Ναί.
1409 1808 1487 1853 Ipse
1504 1820 1579 1841 non
1596 1814 1647 1841 est
1663 1808 1701 1840 in
1718 1806 1783 1840 hac
1798 1814 1905 1840 terra.

1304 1862 1399 1896 Gltor.
1426 1860 1509 1894 Non
1527 1859 1620 1903 cogis
1640 1865 1697 1898 tu,
1723 1864 1863 1891 tentans

1303 1911 1524 1955 Cognoscere
1540 1910 1706 1943 morbum
1722 1907 1839 1949 huius,
1863 1913 1897 1941 et
1913 1902 2238 1949 erroremvmentis?

1302 1965 1383 1996 Nut.
1409 1961 1539 1995 Omnia
1558 1960 1710 2000 tentavi,
1745 1966 1779 1993 et
1797 1957 1887 1992 nihil
1904 1957 2015 1992 effeci.

1253 2012 1328 2049 285
1357 2014 1495 2046 Tamen
1510 2024 1584 2045 non
1601 2011 1781 2044 remittam
1798 2010 1904 2044 etiam
1927 2020 2022 2043 nunc
2046 2004 2138 2040 hanc
2161 2003 2240 2038 dili-

1663 2062 1817 2106 gentiam
1828 2087 1839 2102 ,

1306 2115 1354 2148 Ut
1371 2126 1537 2158 praesens
1554 2119 1591 2146 tu
1610 2113 1722 2157 possis
1738 2113 1834 2146 testis
1853 2122 1925 2144 esse
1937 2136 1946 2150 ,

1306 2165 1429 2210 Qualis
1447 2164 1575 2198 fuerim
1593 2164 1630 2196 in
1647 2164 1847 2196 calamitate
1863 2160 2106 2194 dominorum.

1306 2216 1373 2250 Sed
1391 2228 1411 2248 o
1426 2227 1503 2248 mea
1525 2215 1594 2248 filia
1612 2212 1776 2248 Phaedra
1789 2240 1798 2254 ,
1824 2212 1979 2257 priorem
1997 2220 2199 2244 sermonem

1306 2266 1567 2300 obliviscamur
1582 2266 1706 2298 ambae
1717 2291 1727 2304 ,
1754 2270 1786 2297 et
1804 2270 1840 2297 tu
1859 2261 2032 2308 placatior
2047 2261 2109 2293 fias
2120 2285 2130 2298 ‚

1256 2317 1330 2353 290
1358 2318 1505 2350 Solvens
1523 2317 1621 2350 triste
1637 2314 1865 2360 supercilium
1884 2319 1918 2347 et
1935 2324 2036 2347 curas
2051 2308 2175 2344 animi.

1306 2368 1381 2413 Ego
1393 2395 1402 2409 ,
1429 2368 1457 2402 si
1475 2367 1559 2413 quid
1576 2373 1659 2400 tunc
1676 2366 1746 2399 dixi
1763 2365 1902 2405 durius,

1307 2420 1448 2454 Omisso
1466 2431 1526 2459 e0,
1551 2418 1666 2452 dicam
1684 2416 1818 2462 aliquid
1832 2415 1970 2449 melius.

1308 2471 1344 2504 Si
1361 2470 1505 2504 morbus
1521 2475 1571 2504 est
1588 2468 1722 2514 aliquid
1739 2468 1916 2501 malorum
1929 2493 1939 2507 ,
1966 2476 2058 2512 quae
2082 2468 2164 2498 sunt
2186 2474 2244 2495 oc-

1662 2519 1826 2553 cultanda
1837 2545 1848 2560 ,

1307 2572 1476 2607 Mulieres
1494 2571 1580 2606 istae
1597 2571 1727 2605 adsunt
1743 2572 1787 2604 ad
1801 2569 1996 2605 sedandum
2013 2566 2198 2604 morbum5

1290 2681 1335 2709 19)
1355 2680 1387 2704 Η.
1401 2680 1418 2703 l.
1438 2679 1464 2702 in
1478 2676 1561 2702 Editt.
1576 2676 1660 2706 1558.,
1682 2675 1757 2701 1562.
1777 2677 1843 2700 nota
1856 2679 1958 2704 marg.:
1978 2671 2075 2697 Modus
2093 2672 2120 2696 in
2138 2675 2241 2696 amore.
