2373 2980
201 105 275 140 855

199 189 275 225 375
299 190 477 225 Adversus
493 191 680 225 Bromium
693 218 702 233 ,
724 191 878 228 Semeles
896 195 1021 237 filium,

248 243 305 276 Ad
322 243 413 276 laeta
433 242 597 275 convivia

247 294 485 338 Praecipuum
502 293 645 328 Deum?
671 295 735 341 qui
749 293 816 331 hos
829 296 919 332 ritus
934 295 1056 340 habet,

247 344 462 389 Tripudiare
477 342 629 386 choreis,

244 394 291 428 Et
308 395 435 429 laetari
452 408 532 430 cum
548 396 657 437 tibiis,

193 445 268 480 380
291 445 339 480 Et
356 447 479 481 sedare
495 460 611 489 curas,

243 497 398 542 Quando
416 499 579 533 venerint
597 509 689 533 uvae

242 548 400 583 Deliciae
414 549 452 583 in
469 550 642 584 conviviis
658 549 832 592 Deorum,

242 600 398 645 Quando
414 601 452 634 in
467 599 671 635 hederaceis
688 601 1014 646 compotationibus

239 651 416 687 Poculum
434 652 633 687 circumdat
649 664 816 688 somnum
832 651 1058 690 habentibus.

477 734 793 785 [Antistrophe
823 735 884 785 1.]

189 805 264 842 885
285 804 515 846 „Effraenati
534 805 619 846 oris,

241 885 262 899 ,‚
272 856 318 890 Et
335 857 492 890 enormis
509 855 669 890 insaniae

240 908 370 950 „Finis
387 914 438 942 est
456 907 695 940 infortunium
704 906 764 953 27).

239 958 484 1004 „Tranquilla
503 964 623 991 autem

239 1010 351 1052 „Vita
367 1015 402 1042 et
422 1008 613 1053 prudentia

187 1061 262 1096 390
285 1088 306 1102 „
317 1060 459 1094 Stabilis
475 1065 618 1099 manet,
633 1064 667 1092 et
681 1058 803 1091 firmat

238 1112 445 1154 „Domum;
483 1110 610 1156 procul
643 1110 739 1143 enim
774 1108 919 1155 quidem
947 1115 1050 1150 sunt,
1079 1114 1115 1142 et
1142 1108 1181 1142 in

599 1159 742 1195 aethere

239 1242 260 1256 „
271 1214 444 1248 Habitant
458 1213 539 1254 Dii,
564 1219 686 1246 tamen
701 1224 757 1245 res
775 1211 983 1245 mortalium
998 1212 1134 1247 vident.

239 1293 260 1307 ‚,
271 1265 386 1301 Nimis
404 1277 476 1299 esse
493 1264 660 1298 callidum
672 1291 682 1305 ‚
703 1275 779 1297 non
795 1269 847 1298 est
863 1264 1058 1309 sapientia;

240 1317 316 1357 „Et
332 1329 407 1350 non
423 1316 591 1350 mortalia
609 1327 746 1361 sapere,

187 1367 263 1403 395
289 1368 492 1410 „Decurtat
509 1368 641 1406 vitam3
665 1373 815 1412 propter
828 1365 922 1401 hanc
942 1378 1085 1402 causam

237 1419 408 1466 „Aliquis
420 1446 429 1460 ‚
447 1419 509 1465 qui
525 1425 680 1453 sectatur
694 1431 838 1463 magna,

239 1471 353 1512 „Non
369 1471 501 1504 fruitur
517 1470 777 1515 praesentibus.

240 1522 331 1564 „Isti
346 1528 428 1556 sunt
444 1534 564 1555 mores
582 1521 852 1562 insanientium,

239 1574 314 1614 „Et
332 1574 522 1608 stultorum
533 1599 544 1614 ‚
565 1585 646 1607 meo
663 1573 808 1619 quidem
825 1571 971 1606 iudicio.

550 1659 750 1704 [Strophe
782 1654 836 1705 2.]

188 1729 262 1766 400
288 1729 436 1763 Utinam
455 1727 599 1761 veniam
615 1727 652 1759 in
671 1726 830 1772 Cyprum

239 1782 295 1816 Ad
314 1781 468 1815 insulam
485 1779 647 1818 Veneris,

238 1832 310 1866 Ubi
326 1837 521 1877 pascuntur
539 1831 735 1863 mulcentes
753 1826 893 1860 animos

238 1883 436 1917 Hominum
456 1894 609 1915 amores.

237 1934 284 1968 Et
303 1934 442 1969 utinam
463 1934 500 1965 in
517 1930 682 1977 Paphum
695 1956 704 1971 ,
728 1928 789 1963 ubi
808 1934 949 1962 centum
966 1927 1066 1962 ostiis

189 1984 265 2020 405
288 1985 440 2019 Barbari
457 1984 615 2018 fluminis
631 1983 746 2016 fluxus

238 2037 461 2081 Frugiferam
478 2036 634 2069 reddunt
644 2040 790 2073 terram,
806 2037 984 2065 carentem
994 2029 1180 2069 imbribus„

240 2089 312 2122 Ubi
329 2085 571 2132 pulcherrima

239 2140 359 2174 Pieria
377 2139 564 2172 Musarum
583 2137 683 2172 sedes
700 2141 763 2176 est,

241 2192 347 2225 Sacer
365 2191 474 2224 clivus
489 2189 650 2235 Olympi.

188 2240 264 2276 410
290 2242 376 2275 Illuc
394 2243 461 2275 duc
479 2254 549 2281 me,

237 2294 384 2327 Bromie
395 2320 404 2334 ‚
424 2292 585 2333 Bromie,

238 2343 376 2378 Bacche
393 2344 502 2378 Deus.

236 2395 289 2429 Ibi
305 2402 387 2429 sunt
403 2393 578 2433 Charites,

238 2447 290 2480 lbi
309 2453 358 2481 est
374 2448 500 2485 Amor,

189 2497 263 2535 415
288 2497 362 2531 Illic
376 2509 462 2530 vero
478 2492 628 2529 Bacchis

237 2549 311 2583 Lex
330 2555 381 2584 est
403 2548 580 2581 celebrare
601 2544 713 2588 orgia.

223 2683 270 2716 27)
302 2686 333 2709 Η.
361 2684 379 2707 1.
411 2683 437 2706 in
467 2681 550 2705 Editt.
584 2678 675 2707 1553„
708 2676 782 2701 1562.
815 2677 881 2700 nota
912 2681 1015 2707 marg.:
1050 2675 1176 2707 Linguae
1202 2702 1204 2707 ,

1201 2716 1205 2729 1

258 2721 393 2742 damnum.

790 108 912 143 PfflL.
940 109 1053 145 MEL.
1081 110 1282 145 SCRIPTA
1309 111 1644 146 PHILOLOGlCA.

2151 115 2225 151 856

1541 196 1845 246 [Antistrophe
1872 198 1925 249 2,]

1287 264 1354 299 Hic
1368 263 1477 306 Deus,
1491 265 1583 300 filius
1597 264 1704 308 Iovis,

1286 316 1429 350 Gaudet
1445 316 1632 358 conviviis,

1289 366 1366 407 „Et
1384 373 1483 400 amat
1498 367 1705 402 divitiarum
1722 367 1894 402 datricem

1236 417 1312 454 420
1338 418 1487 459 Pacem,
1510 419 1681 453 iuvenum
1699 419 1859 454 altricem
1875 418 2002 457 Deam.

1285 468 1482 514 Aequalem
1499 475 1534 504 et
1547 470 1650 504 diviti

1286 518 1334 553 Et
1349 520 1501 565 pauperi
1517 522 1579 555 dat
1597 519 1729 556 habere

1287 570 1372 604 Vini
1389 572 1659 606 delectationem
1673 599 1683 614 ‚
1711 579 1891 607 carentem
1908 571 2069 610 tristitiaz

1287 621 1375 655 Odit
1389 634 1494 664 vero,
1520 624 1577 657 cui
1592 622 1680 658 haec
1696 635 1771 658 non
1785 631 1868 659 sunt
1885 635 2002 666 curae,

1235 671 1311 709 425
1333 673 1404 707 Per
1418 675 1512 708 diem
1536 681 1571 709 et
1586 682 1703 720 gratas
1718 681 1841 710 noctes

1282 724 1433 759 Laetum
1454 725 1588 761 vivere.

1287 776 1468 820 Sapientia
1485 783 1556 818 est,
1581 777 1760 812 abstinere

1284 826 1456 861 Animum
1477 835 1706 875 mentemque

1285 879 1318 911 A
1333 879 1533 914 temerariis
1547 880 1647 914 viris.

1234 927 1310 963 430
1331 928 1378 962 Et
1395 931 1492 975 quod
1509 931 1636 975 vulgus

1285 978 1454 1024 (Etiamsi
1470 981 1515 1015 sit
1531 981 1704 1028 deterius)

1286 1031 1420 1072 Sentit,
1445 1038 1480 1065 et
1496 1033 1593 1078 quod
1615 1033 1652 1065 in
1670 1032 1832 1067 moribus
1848 1031 1967 1073 habet,

1286 1081 1363 1115 Hoc
1380 1080 1471 1115 mihi
1486 1083 1594 1116 etiam
1611 1083 1738 1128 placet.

1232 1180 1497 1231 [Pentheus,
1525 1184 1751 1224 Famulus,
1779 1185 1995 1225 Bacchum
2025 1182 2224 1232 Chorus]

1284 1272 1378 1304 Fam.
1402 1266 1587 1309 Pentheu,
1610 1269 1779 1303 adsumus
1797 1275 1899 1314 capta
1918 1267 1986 1303 hac
2000 1270 2148 1314 praeda,

1233 1319 1309 1355 435
1347 1321 1404 1354 Ad
1426 1332 1534 1366 quam
1559 1332 1626 1354 nos
1649 1320 1796 1361 misisti,
1828 1332 1944 1366 neque
1961 1321 2080 1355 conati
2105 1332 2226 1356 sumus

1647 1371 1762 1405 irrita.

1283 1421 1352 1457 Ista
1368 1421 1481 1456 bestia
1497 1421 1565 1455 fuit
1581 1421 1686 1455 nobis
1701 1421 1839 1466 placida
1851 1447 1860 1462 ,
1886 1433 2003 1467 neque
2018 1422 2194 1456 subtraxit

1284 1474 1418 1507 Pedem
1441 1473 1523 1517 fuga
1537 1498 1546 1513 ‚
1569 1473 1630 1506 sed
1646 1485 1721 1505 non
1739 1472 1851 1505 invita
1870 1472 2018 1506 tradidit
2033 1484 2175 1512 manus,

1284 1525 1408 1570 Neque
1440 1535 1693 1568 expavescens;
1743 1535 1859 1569 neque
1900 1523 2055 1557 mutavit
2098 1523 2226 1557 rubras

1645 1585 1765 1618 genas,

1283 1626 1353 1660 Sed
1368 1626 1489 1660 ridens
1506 1632 1540 1659 et
1556 1626 1660 1670 ligari
1676 1632 1710 1659 et
1727 1625 1902 1659 abducere
1919 1637 1955 1659 se
1970 1636 2074 1670 passa
2090 1631 2154 1666 est,

1235 1677 1309 1713 440
1340 1677 1386 1711 Et
1409 1677 1559 1718 mansit,
1586 1676 1718 1711 faciens
1744 1677 1956 1711 mandatum
1980 1689 2099 1711 meum
2126 1677 2226 1711 obse-

1649 1734 1813 1774 quenter.

1284 1779 1361 1825 Ego
1390 1785 1509 1813 autem
1535 1791 1622 1823 prae
1649 1781 1787 1824 pudore
1816 1778 1995 1812 dicebam:
2031 1778 2064 1813 Ο
2085 1777 2227 1824 hospes,

1648 1831 1782 1864 invitus

1285 1882 1388 1916 Duco
1411 1888 1465 1922 te,
1488 1882 1550 1916 sed
1566 1883 1738 1915 mandato
1756 1879 1928 1921 Penthei,
1955 1880 2018 1927 qui
2031 1880 2129 1915 misit
2146 1893 2225 1916 nos.

1285 1935 1384 1979 Quas
1400 1945 1511 1978 porro
1529 1940 1569 1967 tu
1582 1931 1741 1967 Bacchas
1760 1933 1954 1966 incluseras
1973 1939 2007 1966 et
2021 1943 2193 1978 rapueras

1283 1985 1331 2018 Et
1346 1985 1522 2029 ligaveras
1537 1986 1574 2017 in
1593 1984 1745 2018 vinculis
1759 1983 1893 2029 publici
1908 1983 2073 2025 carceris,

1232 2035 1308 2071 445
1334 2036 1532 2076 Abierunt,
1557 2036 1694 2069 solutae
1712 2036 1757 2068 ad
1774 2046 1914 2069 sacrum
1930 2047 2058 2069 nemus

1285 2088 1437 2121 Saliunt.
1489 2087 1680 2121 Bromium
1696 2086 1903 2120 invocantes
1920 2085 2052 2127 Deum,

1284 2139 1355 2173 Sua
1375 2145 1501 2182 sponte
1517 2139 1659 2172 vincula
1678 2139 1811 2183 pedum
1832 2138 1916 2182 ipsis
1932 2137 2047 2171 soluta
2063 2143 2158 2178 sunt,

1283 2190 1330 2224 Et
1347 2196 1462 2223 vectes
1479 2189 1694 2223 remiserunt
1710 2189 1835 2223 ianuas
1850 2189 1925 2222 sine
1940 2187 2086 2221 mortali
2101 2199 2223 2223 manu.

1283 2241 1350 2274 Hic
1366 2240 1421 2273 vir
1438 2240 1535 2273 venit
1553 2241 1678 2285 plenus
1694 2239 1877 2273 miraculis

1233 2290 1315 2327 450'
1330 2291 1386 2324 Ad
1403 2289 1564 2329 Thebas;
1587 2291 1653 2324 tibi
1671 2297 1754 2325 sunt
1772 2291 1841 2324 alia
1863 2301 1979 2324 curae.

1282 2346 1365 2378 Pen.
1386 2340 1601 2376 Prehendite
1623 2354 1751 2376 manus
1772 2342 1892 2383 istius,
1914 2354 1994 2375 cum
2017 2341 2063 2375 sit
2084 2341 2156 2375 iam
2184 2340 2222 2375 in

1643 2393 1816 2432 cassibus;

1282 2444 1365 2479 Non
1383 2451 1435 2479 est
1450 2445 1539 2478 adeo
1558 2445 1669 2485 celer,
1691 2451 1731 2478 ut
1746 2457 1803 2478 me
1821 2443 1979 2488 effugiat.

1280 2497 1419 2541 Atque,
1443 2508 1463 2529 o
1481 2494 1629 2541 hospes,
1654 2508 1803 2541 corpore
1818 2507 1891 2529 non
1909 2507 1944 2529 es
1953 2493 2000 2541 28)
2017 2492 2199 2534 deformis,

1263 2673 1310 2705 28)
1330 2673 1372 2731 ps]
1394 2675 1433 2698 sic
1454 2674 1499 2705 (=
1512 2669 1656 2705 Euripffi)
1678 2674 1758 2699 Editt.
1783 2674 1856 2698 1552.
1876 2676 1901 2698 et
1922 2675 2054 2705 recentt.;
2075 2674 2121 2699 Ed.
2140 2674 2214 2699 1562.

1299 2716 1327 2733 cs
1343 2728 1348 2733 .

2323 2565 2330 2702 ἢ
