2373 2980
28 1674 29 1681 ⁴
22 1583 29 1654 Λ,-,
19 1455 27 1572 ,ἱμ-
20 1424 24 1445 -
21 1404 22 1408 Α

208 602 262 643 L.
338 600 513 641 PHIL.
556 599 716 641 Mun.
760 595 1066 641 SCHOLIA
1095 594 1184 641 :IN
1227 593 2100 638 BATRACHOMYOMACHlAN

1015 666 1301 709 HOMERI.

139 795 232 851 Hoc
254 831 369 851 carmen
395 822 530 860 epicum,
559 821 636 859 quod
667 831 719 849 usu
750 827 870 859 recepto
891 820 1052 849 Homericis
1081 818 1282 856 adiungimus,
1317 826 1492 856 quamquam
1524 819 1602 847 inter
1624 818 1702 846 viros
1730 817 1830 846 doctos
1854 818 1945 845 nostri
1967 818 2032 846 aevi
2054 822 2183 854 constet,

138 867 299 896 Homerum
324 875 380 893 non
405 866 467 892 eius
491 872 556 891 esse
579 863 782 901 auctorein*),
811 864 986 892 Melanthon
1015 863 1045 890 in
1076 862 1174 890 schola
1203 860 1321 898 quidem
1352 862 1518 898 enarravit,
1544 861 1609 898 ipse
1639 866 1738 889 autem
1768 860 1843 888 hanc
1872 860 2088 889 enarrationem
2118 870 2177 889 non

141 909 253 945 edidit,
281 908 333 936 sed
355 907 513 945 discipulus
536 906 652 944 quidam
676 906 711 932 ab
734 906 788 934 hoc
810 912 1006 943 praeceptore
1030 905 1128 933 audita
1151 904 1323 940 calamoque
1346 910 1489 941 excepta,
1518 903 1615 941 Mylio
1638 909 1730 939 teste,
1761 912 1788 931 n.
1813 901 1906 931 1542.
1932 904 2057 941 primum
2083 903 2178 931 divul-

141 949 284 990 gavit**).
339 950 430 979 Huius
453 956 550 978 autem
573 949 642 976 anui
665 948 740 976 duae
764 949 907 976 editiones
929 957 946 976 a
968 948 1000 976 S.
1024 948 1058 977 F.
1081 948 1119 975 G.
1143 945 1319 974 Hoffmanno
1341 946 1371 973 in
1393 946 1502 974 Lexico
1525 945 1753 983 bibliographico
1777 946 1862 974 Tom.
1887 945 1923 974 11.
1954 955 1984 983 p.
2006 944 2081 975 475.
2103 945 2178 974 affe-

141 999 248 1022 runtur
270 993 343 1022 hae:

270 1048 415 1079 Homeri
435 1046 834 1087 Batrachomyomachz'a3
865 1046 1009 1085 Graece,
1040 1057 1115 1076 cum
1144 1044 1278 1076 scholiis
1302 1043 1460 1084 Philippi
1481 1042 1773 1079 Melam-lathonis,
1807 1054 1829 1073 a
1857 1044 2005 1075 studioso
2035 1044 2179 1084 quodam

316 1102 363 1120 ex
387 1101 443 1120 ore
470 1092 577 1129 ipsius
602 1093 670 1120 ium
693 1091 771 1120 olim
793 1094 958 1129 exceptis.
1003 1089 1165 1127 Parisiis,
1187 1088 1281 1127 apud
1303 1086 1464 1118 Ioannem
1487 1085 1672 1117 Lodoicum
1698 1085 1902 1117 Te'letanum.
1951 1087 2047 1118 1542.
2092 1089 2123 1117 4.

274 1150 563 1187 Γαλεωμυομαχια.
610 1146 814 1187 Tragoedia,
836 1157 969 1186 graece.
994 1163 1036 1170 ·—-
1058 1150 1400 1186 Βατραχομυομαχια,
1422 1153 1495 1173 cum
1519 1143 1654 1174 scholiis
1676 1142 1765 1174 Phil.
1780 1143 2062 1175 Melanckthonis.
2087 1144 2182 1175 1542.

315 1191 348 1221 8.
372 1207 415 1212 -
437 1193 470 1218 ln
492 1191 691 1218 Familiarium
714 1191 924 1228 colloquiorum
947 1191 1091 1220 formulis.
1134 1191 1222 1219 Basil.

144 1251 225 1280 Haec
247 1260 318 1278 vero
342 1249 430 1277 editio
453 1259 469 1276 a
492 1250 623 1277 Fabricio
646 1250 673 1276 in
697 1249 898 1276 Bibliothecae
921 1258 1046 1286 graecae
1068 1250 1134 1278 Vol.
1150 1249 1174 1277 I.
1200 1248 1268 1287 (Ed.
1291 1247 1321 1276 4.
1346 1256 1407 1276 cur.
1429 1244 1551 1285 Harles)
1574 1255 1604 1284 p.
1619 1243 1693 1275 339.
1718 1247 1759 1273 sic
1785 1245 1920 1275 affertur:

276 1306 516 1336 Familiarium
539 1304 777 1343 colloquiorum
799 1305 996 1343 formulae,
1025 1315 1078 1343 gr.
1102 1311 1133 1334 et
1162 1305 1222 1334 lat.
1249 1302 1373 1333 Cebetis
1399 1303 1510 1338 Πιναξ.
1533 1319 1577 1325 —-
1618 1303 1895 1342 Γαλεωμυομαχια
1919 1318 1962 1324 ·—
1986 1300 2183 1341 Tragoedia

316 1359 370 1386 gr.
395 1365 435 1370 —
465 1350 717 1387 Βατραχομυομ.
741 1356 815 1374 cum
845 1346 978 1375 scholiis
1001 1347 1092 1376 Phil.
1117 1345 1403 1377 Melancheleon1·s.
1454 1346 1561 1375 Elisii
1582 1344 1734 1375 Galentii
1755 1344 2010 1384 Amphratensis
2034 1346 2075 1376 de
2099 1344 2182 1376 bello

317 1389 496 1420 Ranarum
519 1394 551 1417 et
574 1390 725 1417 Aurium
749 1386 831 1417 libri
852 1387 924 1418 III.
948 1388 1060 1418 Andr.
1085 1389 1246 1420 Guarnae
1268 1388 1308 1417 de
1331 1388 1414 1417 bello
1437 1389 1526 1416 inter
1549 1390 1791 1426 grammaticae
1814 1398 1912 1426 reges
1937 1386 1995 1418 lib.
2010 1388 2041 1419 Ῑ.
2070 1389 2180 1422 Basil.

322 1432 416 1462 1541.
440 1450 484 1454 ——
506 1432 577 1461 alia
602 1431 719 1468 editio,
743 1431 922 1470 Antwerp.
945 1433 981 1460 in
1005 1430 1143 1461 aedibus
1166 1432 1217 1462 10.
1241 1430 1394 1467 Steelsiss
1420 1429 1513 1460 1547.
1538 1431 1643 1470 (typis
1667 1429 1718 1460 Io.
1742 1429 1921 1469 Graphei).

145 1494 176 1523 Si
204 1493 292 1530 igitur
320 1491 377 1519 hae
406 1490 550 1518 formulae
575 1500 639 1517 cum
669 1490 792 1517 annexis
821 1498 892 1517 vere
915 1499 941 1519 a.
966 1489 1062 1520 1541.
1084 1490 1182 1519 editae
1206 1496 1289 1527 sunt,
1317 1489 1515 1518 Melanthonis
1544 1488 1654 1517 scholia
1678 1499 1736 1517 non
1767 1498 1793 1516 a.
1818 1487 1932 1523 1542„
1963 1488 2015 1517 sed
2039 1498 2067 1519 a.
2092 1487 2185 1519 1541.

145 1537 272 1575 primum
294 1535 480 1573 prodierunt.
525 1533 593 1560 lllas
617 1532 761 1560 editiones
784 1538 904 1560 secutae
927 1539 994 1560 suut
1018 1533 1090 1561 hae:

277 1590 420 1620 Homeri
444 1587 835 1628 Batrachomyomaclzia,
859 1598 982 1626 graece
1004 1595 1036 1619 et
1059 1590 1175 1629 latine,
1199 1600 1220 1619 a
1242 1588 1368 1619 Leonh.
1384 1588 1493 1629 Lycio
1515 1588 1719 1618 emendatius
1740 1587 1845 1618 edita.
1889 1587 2071 1618 Accedunt
2095 1587 2184 1619 Pha.

318 1630 589 1663 Melanchthonis
612 1637 643 1660 et
666 1629 714 1660 H.
727 1630 896 1669 Stephani
917 1635 1164 1671 annotationes,
1186 1639 1219 1662 et
1232 1632 1313 1663 Sim.
1328 1631 1464 1662 Lemnii
1486 1633 1656 1662 conversio
1678 1629 1826 1662 versibus
1841 1629 1999 1661 heroicis.
2029 1630 2185 1670 Lipsiae,

317 1678 354 1705 in
377 1673 526 1714 officina
550 1674 592 1703 E.
620 1672 807 1712 Voegelini.
834 1675 927 1704 1549.
957 1676 1058 1715 4.***)

275 1750 318 1756 —
339 1750 383 1755 -—
405 1732 516 1772 (Index
541 1740 571 1761 ut
592 1734 623 1760 in
645 1733 702 1761 Ed.
724 1733 862 1770 praeced.
883 1743 909 1761 a.
935 1732 1045 1772 1549.)
1069 1733 1227 1772 Lipsiae,
1255 1735 1293 1762 in
1315 1729 1463 1773 officina
1486 1730 1526 1761 E.
1555 1729 1732 1771 Voegelini
1754 1730 1848 1762 1550.
1893 1731 1924 1759 4.

278 1790 423 1822 Homeri
443 1788 829 1830 Batrachomyomaclzia
852 1799 975 1827 graece
998 1801 1073 1820 cum
1095 1790 1228 1821 scholiis
1250 1790 1341 1821 Phil.
1365 1788 1649 1820 Melanchthom·s.
1691 1788 1841 1819 Parisiis
1866 1786 1961 1818 1560.
2007 1787 2087 1835 4.-Ῠ)

278 1867 320 1873 —
342 1867 385 1873 ——
409 1850 518 1889 (Iudex
540 1856 572 1878 ut
595 1851 624 1877 in
647 1850 703 1878 Ed.
727 1850 866 1887 praeced.
890 1859 916 1877 a.
942 1850 1052 1890 1560.)
1075 1850 1238 1889 Parisiis,
1261 1851 1362 1890 apud.
1387 1849 1509 1881 Theod.
1532 1848 1755 1880 Richardum.
1780 1848 1872 1878 1562.
1896 1846 2028 1888 {4·††)·

281 1907 783 1945 BATPAXOMYOMAXIA,
808 1906 951 1936 Homeri
969 1909 1087 1946 poema
1101 1919 1261 1948 perquam
1279 1909 1448 1949 festivum
1471 1914 1503 1938 et
1525 1907 1672 1946 elegans,
1695 1907 1735 1937 de
1759 1917 1924 1936 ranarum
1947 1917 2021 1936 cum
2035 1905 2186 1937 muribus

323 1959 459 1989 pugna,
481 1952 653 1978 continens
677 1952 798 1979 multas
821 1949 917 1978 vte’les
941 1956 973 1978 et
996 1951 1166 1981 salutares
1190 1951 1426 1991 subiectiones,
1450 1962 1516 1981 non
1540 1951 1646 1981 solum
1669 1951 1757 1980 vitae
1780 1955 1811 1979 et
1834 1959 1983 1988 morum,
2005 1950 2062 1979 sed
2084 1952 2185 1979 etiam

321 1992 528 2031 prudentiae
557 2002 596 2021 ac
624 1994 778 2029 virtutis,
801 2001 905 2030 opera
928 1992 1119 2023 Leonharti
1140 1994 1243 2035 Lycii
1261 1995 1382 2024 Multis
1411 1997 1448 2023 in
1478 1995 1560 2024 locis
1591 1995 1725 2023 auctius
1755 1994 2027 2032 castigatiusque
2050 1993 2186 2031 editum,

323 2041 425 2073 aeque
448 2035 734 2064 annotatiuncnlis
758 2034 977 2065 illustratum.
1023 2036 1155 2066 Addita
1178 2042 1255 2067 sunt
1280 2043 1312 2067 et
1334 2036 1495 2075 Philippi
1517 2035 1689 2067 Melanch.
1712 2034 1838 2065 scholia
1862 2035 2032 2075 quaedam.
2067 2035 2184 2076 Syna.

324 2075 341 2108 ὅ
362 2079 470 2118 μῦθος
493 2076 703 2117 φιλοσόφημα
726 2078 851 2107 παίδων
874 2076 951 2108 ἐστι’.
1001 2077 1147 2117 Lipsiae
1169 2082 1206 2109 in
1229 2078 1376 2120 officina
1403 2079 1620 2118 Voegele'ana.
1646 2090 1669 2109 s.
1693 2090 1721 2110 a.
1744 2095 1787 2101 ·—
1810 2080 1857 2118 (In
1880 2081 1940 2109 fine
1961 2079 2150 2118 praefationis
2160 2078 2184 2118 z)

186 2215 218 2244 *J
237 2215 316 2240 conf.
336 2215 498 2245 Bernhardy
518 2214 636 2239 Grundr.
657 2214 681 2239 d.
702 2213 810 2239 Griech.
833 2214 898 2239 Litt.
926 2215 956 2240 P.
968 2215 999 2238 11.
1022 2221 1047 2245 p.
1063 2214 1120 2239 128.
1140 2215 1188 2239 131
1210 2222 1251 2246 sq.

183 2264 235 2297 **)
255 2266 361 2296 Mylius
381 2265 407 2288 in
432 2265 449 2288 1.
469 2265 656 2295 Chrouologia
677 2265 849 2294 scriptorum
867 2265 936 2290 Phil.
959 2265 1178 2289 Melauclnthouis
1197 2263 1327 2296 (Gorlicii
1347 2266 1422 2290 1582.
1441 2266 1483 2293 8.)
1504 2266 1551 2290 fol.
1571 2267 1593 2290 E
1615 2267 1648 2289 1²
1667 2265 1701 2289 ad
1727 2271 1751 2289 a.
1774 2265 1848 2288 ¹542.
1875 2265 1908 2288 de
1933 2264 1984 2288 hac
2009 2263 2186 2288 enarratione

220 2302 287 2324 haec
305 2300 385 2323 dicit:
408 2301 545 2329 „scholia
563 2299 680 2329 Philippi
704 2300 732 2322 in
753 2301 863 2324 Homeri
887 2300 1195 2333 βατραχομυομαχιίιν,
1220 2306 1237 2323 a
1255 2300 1380 2324 studioso
1406 2301 1520 2331 quodam
1547 2308 1579 2324 ex
1599 2307 1646 2324 ore
1665 2299 1779 2329 Philippi
1797 2299 1862 2323 olim
1888 2300 2018 2329 excepta,
2044 2299 2096 2322 hoc
2115 2304 2187 2322 anno

220 2335 338 2365 primum
357 2332 466 2365 edita.¹’‚
494 2335 590 2364 quibus
609 2334 758 2364 adscripsit
780 2335 829 2358 hoc
847 2336 946 2359 Albani
967 2336 1062 2358 Torini
1081 2335 1114 2358 de
1134 2334 1166 2357 iis
1188 2334 1327 2358 iudicium:
1355 2336 1492 2366 „Scholia
1510 2335 1577 2359 Phil.
1598 2333 1818 2358 Melanchthonis
1838 2333 1867 2356 in
1891 2333 2187 2365 βατραχομυομαχίαν

219 2370 331 2394 minime
350 2370 415 2392 sunt
438 2368 547 2392 indocta
571 2371 723 2398 annaque,
749 2376 798 2392 nec
816 2370 930 2396 mirum,
956 2370 980 2393 si
1000 2371 1043 2399 qui
1068 2370 1094 2392 in
1114 2369 1237 2392 maximis
1262 2370 1360 2399 ubique
1380 2376 1433 2393 non
1458 2371 1613 2400 postremas
1639 2369 1732 2397 tenet,
1757 2368 1784 2391 iu
1802 2367 1922 2391 minimis
1949 2368 2054 2397 primas
2081 2367 2184 2391 tulerit.

222 2406 263 2428 Ac
281 2403 369 2426 sicubi
387 2403 430 2426 sui
452 2404 594 2427 dissimilis
613 2404 754 2433 videatur,
776 2404 868 2434 cogita
888 2411 947 2428 eum
967 2405 1033 2427 haec
1052 2405 1105 2427 iam
1125 2404 1189 2426 olim
1208 2404 1412 2429 adolescentem
1431 2410 1485 2428 non
1504 2405 1532 2427 in
1550 2405 1615 2433 hoc,
1635 2405 1665 2426 ut
1685 2402 1795 2433 ederet,
1815 2402 1865 2426 sed
1885 2402 2027 2433 discipulis
2047 2402 2105 2426 suis
2123 2401 2183 2432 pri-

220 2437 306 2461 vatim
323 2438 491 2462 successivis
510 2438 677 2468 temporibus
701 2438 861 2469 dictitasse,
880 2441 928 2462 aut
947 2446 981 2462 ex
999 2441 1122 2468 tempore
1141 2438 1272 2462 effudisse
1290 2437 1413 2463 verius.”

187 2487 259 2520 *ss*)
279 2489 355 2513 Hanc
373 2488 422 2512 Ed.
442 2490 470 2512 et
496 2489 709 2518 subsequentem
728 2487 871 2511 Fabricius
891 2488 909 2513 1,
929 2488 946 2511 1.
973 2489 1001 2510 et
1020 2486 1200 2510 Hoffmannus
1218 2487 1237 2510 l.
1255 2487 1274 2512 l.
1293 2489 1460 2518 memorant3
1485 2487 1611 2517 suspicor
1629 2488 1736 2518 autem,
1761 2487 1830 2510 hanc
1849 2487 1899 2511 Ed.
1921 2488 1948 2510 et
1966 2485 2042 2510 illico
2062 2484 2183 2509 afferen-

223 2524 300 2553 dam,
321 2529 389 2554 quae
407 2529 541 2547 annorum
561 2529 701 2546 numerum
722 2524 756 2546 M.
776 2523 808 2548 D.
828 2523 918 2547 XLX.
936 2523 1032 2550 nabet,
1057 2527 1136 2544 uuam
1157 2522 1324 2552 eandemque
1350 2529 1428 2550 esse,
1453 2522 1578 2552 quoniam
1598 2521 1639 2545 bic
1658 2527 1787 2544 numerus
1807 2527 1904 2545 errore
1931 2522 2044 2552 typogr.
2063 2520 2112 2544 aut
2133 2524 2184 2549 pro

219 2559 257 2583 M.
277 2559 308 2583 D.
327 2558 416 2582 Lxx.
436 2558 478 2589 (id
496 2558 566 2588 quod
586 2558 649 2581 mihi
667 2557 846 2581 verisimilius
864 2557 984 2588 videtur,
1003 2557 1066 2580 vide
1084 2564 1108 2586 p.
1122 2556 1171 2580 1³9
1190 2563 1230 2587 sq.
1250 2558 1343 2581 notam
1361 2556 1428 2587 *ssD
1447 2557 1494 2579 aut
1512 2562 1562 2587 pro
1580 2557 1617 2581 M.
1637 2555 1668 2580 D.
1688 2555 1787 2580 XLIX.
1805 2556 1882 2587 typis
1908 2556 2064 2587 exscriptus
2084 2554 2137 2578 ent.

185 2609 223 2642 †)
243 2610 321 2633 Hanc
338 2611 388 2634 Ed.
408 2611 484 2634 solus
503 2610 645 2634 Fabricius
665 2610 681 2633 Ι.
701 2610 719 2633 l.
739 2609 822 2633 affert

186 2660 249 2694 ††)
268 2661 347 2686 Bane
366 2661 415 2686 Ed.
433 2661 579 2686 Fabricius
598 2662 626 2685 et
643 2661 823 2686 Hoffmaunus
842 2661 862 2687 1.
879 2660 897 2683 l.
917 2658 1045 2684 afferunt.
