2373 2980
169 89 242 124 579
742 88 865 125 PlllL.
900 91 1014 129 MEL.
1049 94 1249 132 SCRIPTA
1284 97 1618 135 PHILOLOGICA.

222 175 314 220 Quid
333 175 484 214 faciunt,
512 186 599 219 quas
613 172 757 208 insidias
773 182 915 211 struunt
934 191 1049 221 nunc,

222 227 388 259 N'olentes
406 225 564 258 occidere
583 238 637 257 me
653 224 843 259 miseram?

223 280 314 311 Fam.
343 277 374 310 O
392 283 428 310 tu
446 276 573 310 misera
586 302 594 315 ,
622 276 730 309 filium
752 283 851 311 tuum
868 280 994 314 volunt

223 328 411 367 Occidere,
440 340 544 372 quem
563 333 658 360 extra
679 329 825 363 domum
842 331 1022 376 ablegasti.

174 380 220 413 70
249 381 356 413 Andr.
393 378 469 412 Heu
493 376 599 418 mihi,
635 379 799 413 rescitum
827 388 878 415 est
902 396 1019 417 meum
1047 383 1156 417 filium

583 430 782 473 ablegatum
794 431 810 464 'x'

225 480 349 514 Unde?
378 493 398 512 o
417 480 564 521 misera,
592 493 699 526 quam
718 482 824 526 perii!

226 533 317 565 Fam.
346 531 428 565 Non
445 532 536 571 scio,
563 529 649 564 haec
666 544 728 576 ego
749 546 790 566 ex
808 534 874 568 illis
892 535 996 571 sensi.

223 582 406 616 Menelaus
423 588 520 616 extra
536 583 682 616 domum
703 584 789 617 abiit
804 586 845 619 ad
865 592 965 620 tuum
981 587 1104 622 filium.

224 635 334 667 Andr.
360 633 476 674 Perii,
503 646 522 667 o
541 634 610 674 fili,
637 634 847 670 interficient
868 644 900 670 te

175 683 223 718 75
252 684 438 728 Capientes
455 686 525 718 duo
544 685 717 724 vultures;
746 693 779 720 et
796 688 856 733 qui
873 695 925 722 est
941 689 1136 733 appellatus

224 735 348 775 Pater,
376 734 492 769 adhuc
509 743 629 769 manet
646 735 804 781 Delphis.

224 789 316 821 Fam.
344 785 516 820 Existimo
534 793 567 821 te
587 799 661 820 non
683 788 839 822 futuram
865 789 970 825 fuisse
997 792 1085 824 adeo
1108 792 1160 824 in·
1186 790 1188 803 ¹

576 838 712 871 felicem

224 887 288 921 lllo
309 895 510 932 praesente;
538 901 631 922 nunc
647 902 681 923 es
698 890 773 923 sine
790 890 923 925 amicis,

225 940 336 973 Andr.
353 938 476 984 Neque
494 940 591 973 venit
607 941 700 973 sama
716 942 759 974 de
769 941 888 981 Peleo,
904 942 999 987 quod
1017 941 1159 975 veniat?

175 990 221 1023 80
249 992 340 1024 Fum.
368 988 428 1023 Ille
446 996 495 1024 est
510 991 649 1030 senior,
678 1003 784 1035 quam
803 998 841 1025 ut
864 992 1028 1039 possitn)
1054 999 1085 1025 te
1107 993 1160 1026 iu-

589 1053 672 1073 vare
689 1054 866 1086 praesens.

220 1094 330 1126 Andr.
357 1090 467 1137 Atqui
483 1091 563 1125 misi
580 1093 624 1124 ad
642 1104 721 1125 eum
738 1105 811 1125 non
826 1094 934 1126 semel
951 1100 1102 1128 tantum.

221 1146 313 1178 Fam.
354 1141 449 1177 Num
474 1143 538 1176 tibi
562 1143 703 1176 videtur
727 1156 850 1178 curare
882 1144 1038 1190 aliquem
1069 1157 1159 1179 nun—

583 1193 670 1227 tium
682 1194 698 1227 ?

220 1247 330 1279 Andr.
358 1243 485 1277 Unde?
515 1243 565 1277 vis
580 1250 618 1278 tu
636 1244 724 1279 mihi
744 1258 817 1279 esse
836 1246 988 1279 nuntia?

222 1297 311 1329 Fam.
339 1295 434 1340 Quid
457 1295 569 1327 dicam
584 1322 592 1336 ,
618 1296 647 1329 si
663 1297 725 1331 diu
741 1297 852 1331 absim
872 1303 969 1330 extra
986 1298 1159 1331 domum?
1185 1305 1187 1315 ⁸

169 1345 217 1380 85
244 1348 355 1381 Andr.
381 1345 543 1380 Invenies
561 1347 689 1382 multas
706 1346 868 1387 technas3
904 1361 939 1382 es
965 1349 1058 1382 enim
1083 1362 1159 1382 mu-
1185 1356 1186 1379 1

574 1397 651 1432 lier-

219 1449 311 1481 Fam.
345 1447 547 1481 Periculum
576 1455 642 1487 est;
682 1460 765 1481 nam
791 1449 986 1483 Hermione
1010 1457 1061 1484 est
1085 1463 1157 1484 non

578 1499 693 1542 segnis
718 1505 845 1533 custos.

218 1550 327 1582 Andr.
354 1547 486 1582 Vides?
520 1549 716 1594 despondes
733 1550 891 1583 animum
908 1551 945 1583 in
963 1551 1064 1585 malis
1080 1558 1157 1585 tuo-

574 1613 653 1633 rum
681 1600 902 1634 amicorum?

218 1651 308 1683 Fam.
335 1649 570 1696 Nequaquam
583 1677 592 1690 ‚
619 1664 693 1684 non
709 1649 775 1684 hoc
794 1652 939 1686 obiicias
958 1650 1061 1691 mihi;

219 1701 287 1732 Sed
304 1702 415 1742 vado,
443 1701 525 1746 quia
541 1714 615 1734 non
634 1709 684 1735 est
701 1702 922 1746 suspicienda
941 1703 1011 1736 vita

168 1751 215 1782 90
242 1750 402 1785 Mulieris
420 1764 560 1793 servae,
589 1753 726 1786 etiamsi
745 1755 839 1798 quod
858 1754 972 1797 patiar
989 1755 1084 1789 mali.

216 1804 326 1836 Andr.
354 1802 452 1836 Vade
472 1815 583 1842 nunc;
617 1816 682 1837 nos
701 1811 839 1845 autem,
867 1805 903 1837 in
921 1805 1048 1850 quibus
1066 1818 1155 1840 sem-

579 1867 640 1898 per
664 1867 785 1888 sumus

218 1903 375 1938 Fletibus
393 1911 426 1938 et
442 1905 592 1938 luctibus
609 1911 642 1938 et
660 1903 869 1950 lachrymis,

218 1954 455 1999 Suspiciemus
473 1957 517 1988 ad
535 1956 683 1990 coelum.
738 1956 858 1996 „Nam
879 1956 1069 1990 innata'est

218 2005 458 2045 „Mulieribus
477 2007 605 2039 levatio
622 2007 860 2050 praesentium
883 2008 1057 2040 malorum
1071 2036 1079 2049 ‚

167 2052 214 2088 95
243 2056 323 2095 „Ut
338 2055 494 2090 habeant
511 2069 549 2090 ea
569 2070 708 2102 semper
724 2057 761 2090 in
778 2070 839 2091 ore
857 2065 890 2091 et
905 2058 1023 2102 lingua
1035 2058 1091 2106 l²).

215 2107 325 2141 Adest
340 2106 428 2140 mihi
443 2120 517 2141 non
532 2121 656 2148 unum,
677 2109 735 2142 sed
756 2109 877 2148 multa,
897 2121 988 2154 quae
1003 2122 1154 2153 gemam,

218 2158 376 2191 Patriam
395 2160 540 2200 urbem,
568 2159 788 2192 interfectum
807 2160 1016 2200 Hectorem,

216 2208 263 2241 Et
278 2221 390 2242 meam
409 2211 533 2243 duram
552 2211 731 2243 fortunam
743 2237 752 2250 ,
779 2211 833 2244 cui
851 2223 927 2244 sum
945 2210 1128 2255 implicita,

218 2258 355 2294 Cadens
370 2260 513 2304 indigne
533 2261 568 2294 in
583 2262 803 2295 servitutem.

173 2310 241 2343 100
269 2310 453 2355 „Oportet
468 2313 602 2345 nullum
623 2310 805 2345 hominem
825 2312 895 2345 dici
910 2312 1066 2352 felicem,
1178 2325 1182 2364 1

217 2360 458 2407 „Priusquam
477 2363 609 2396 mortui
627 2363 746 2396 videas
763 2369 954 2395 extremam
1178 2369 1182 2434 ¹

214 2410 362 2452 „Diem‚
390 2415 570 2458 quomodo
587 2414 697 2447 vitam
713 2413 896 2458 perficiens
912 2413 1085 2446 moriatur
1098 2413 1153 2456 ¹³³).
1178 2435 1181 2465 ἑ

1178 2498 1180 2511 l

202 2528 247 2559 11)
267 2527 365 2559 possit]
391 2528 432 2551 sic
459 2528 540 2553 Editt.
572 2530 666 2555 Bam,
692 2531 816 2560 Musgr.;
853 2529 934 2553 Editt.
959 2529 1048 2555 1558„
1076 2530 1149 2554 1562.
1177 2518 1179 2536 ”

232 2566 338 2592 posset.
1176 2565 1179 2575 =

200 2603 243 2634 12)
264 2605 295 2660 1¹1.
314 2604 331 2628 1.
352 2605 377 2627 in
400 2604 588 2635 Editt.1558.‚
618 2604 689 2628 1562.
710 2607 775 2628 nota
797 2611 898 2635 marg:
932 2604 1064 2628 Mulieres
1084 2612 1150 2635 que·
1174 2618 1178 2645 ,

231 2645 262 2661 ru
277 2643 317 2662 ae.
1172 2653 1176 2700 ι

197 2680 242 2708 13)
263 2681 294 2704 Η.
315 2681 332 2706 l.
352 2681 378 2704 in
398 2681 458 2706 iisd.
477 2680 558 2705 Editt.
583 2682 646 2704 nota
665 2686 766 2711 marg:
793 2681 923 2705 Felicitas
942 2682 1056 2706 incerta.

2119 96 2194 132 580

1260 185 1312 217 Ad
1331 185 1440 218 altum
1460 184 1561 219 Ilium
1572 182 1673 217 Paris
1689 194 1763 215 non
1781 181 1935 227 nuptias,
1961 183 2022 217 sed
2038 181 2194 228 aliquam

1619 245 1749 266 noxam
1759 232 1806 279 ¹⁴)

1260 286 1416 319 Adduxit
1435 283 1722 327 thalamarem¹⁵)
1740 283 1910 318 Helenam
1928 284 1964 317 in
1986 282 2196 323 thalamum,

1218 335 1284 370 105
1312 338 1464 381 Propter
1481 348 1601 381 quam,
1617 334 1772 376 oTroia,
1793 335 1887 368 ferro
1904 341 1938 369 et
1954 335 2027 379 igni
2044 341 2196 379 captam,

1263 388 1363 432 Cepit
1376 394 1407 421 te
1421 387 1521 420 velox
1529 387 1626 421 Mars
1635 386 1805 421 Graeciae
1820 383 1954 419 habens
1968 387 2062 419 mille
2077 398 2197 425 naves,

1262 439 1306 471 lit
1331 451 1448 471 meum
1472 439 1624 472 miserae.
1653 438 1820 471 maritum
1843 436 2051 478 Hectorem,
2091 449 2195 483 quem

1621 501 1711 522 circa
1729 500 1869 522 murum

1262 540 1437 584 Aurigans
1456 540 1562 573 traxit
1577 540 1668 574 filins
1685 540 1844 572 marinae
1859 536 2033 572 Thetidis.

1263 591 1337 633 ligo
1371 597 1488 624 autem
1523 603 1563 624 ex
1597 589 1762 624 thalamis
1794 591 1898 624 ducta
1931 602 2008 624 sum
2035 590 2078 622 ad
2103 588 2199 622 littus

1621 641 1749 680 maris,

1218 693 1287 726 110
1317 692 1550 727 Cirmundans
1569 699 1675 737 caput
1688 691 1781 726 tristi
1797 691 1979 726 servitute.

1264 743 1396 777 Multae
1413 742 1617 790 lachrymae
1634 742 1847 788 defluuntffi)
1872 739 1960 775 mihi
1976 742 2019 775 de
2038 752 2200 785 corpore,

1622 796 1765 841 quando
1783 793 1914 839 reliqui

1265 845 1395 878 Urbem
1414 852 1447 878 et
1463 844 1637 880 thalamos
1653 852 1686 879 et
1702 845 1869 878 maritum
1888 845 1925 877 in
1943 843 2099 888 pulvere.

1264 896 1341 929 Heu
1357 910 1420 940 ego
1438 897 1579 937 misera,
1603 897 1689 942 quid
1705 909 1760 929 me
1778 895 1965 940 oportebat
1981 892 2133 937 amplius
2149 892 2201 923 in-

1619 948 1710 981 tueri
1731 948 1851 980 lumen
1862 972 1872 985 ‚

1264 998 1473 1032 Hermiones
1490 998 1654 1032 servam?
1682 1011 1699 1031 a
1719 1010 1787 1044 qua
1805 997 1932 1030 asssicta
1944 1022 1953 1035 ,

1216 1046 1285 1082 115
1313 1049 1366 1081 Ad
1391 1047 1481 1082 hanc
1507 1056 1658 1083 statuam
1684 1049 1780 1082 Deae
1807 1047 1953 1091 supplex
1977 1045 2201 1078 circumdans

1621 1112 1746 1133 mallus

1263 1149 1502 1195 ColliquescO,
1529 1149 1619 1183 sicut
1637 1156 1735 1194 gutta
1750 1149 1944 1183 scaturiens
1958 1160 1999 1180 ex
2016 1158 2113 1180 saxo.

1557 1224 1769 1272 [strophe
1798 1222 1858 1271 1.]

1261 1284 1357 1318 Chor.
1386 1283 1419 1317 O
1439 1283 1584 1324 mulier,
1622 1296 1712 1329 quae
1734 1284 1849 1317 solum
1866 1281 2030 1316 Thetidis
2057 1286 2091 1313 et
2114 1290 2201 1317 tem-

1623 1335 1720 1379 plum
1740 1334 1871 1368 insides

1261 1385 1351 1424 Diu,
1379 1397 1442 1418 nec
1466 1384 1616 1424 deseris,

1261 1433 1488 1479 EgoPhthia,
1507 1442 1625 1468 tamen
1645 1435 1723 1468 veni
1741 1435 1784 1468 ad
1805 1441 1838 1468 te
1849 1433 2040 1468 Asiaticam
2060 1444 2199 1478 genere,

1184 1484 1186 1495 ²
1213 1487 1285 1521 120
1310 1486 1346 1519 Si
1360 1498 1498 1530 possem
1518 1485 1582 1518 tibi
1598 1485 1744 1531 aliquod

1263 1537 1472 1570 Remedium
1489 1536 1682 1569 difficilium
1699 1537 1875 1569 malorum
1894 1535 2075 1575 invenire,

1261 1588 1361 1633 Quae
1379 1594 1412 1621 te
1430 1594 1463 1620 et
1478 1587 1696 1620 Hermionen
1707 1586 1752 1632 ¹⁷)
1771 1587 1807 1619 in
1825 1585 1984 1620 odiosam
2010 1584 2122 1620 rixam
2147 1585 2199 1618 in-

1619 1638 1810 1671 cluserunt.

1261 1688 1292 1721 O
1311 1689 1437 1722 misera
1456 1688 1492 1721 in
1512 1687 1653 1732 gemino

1260 1740 1358 1772 Toro
1379 1738 1609 1784 particeps¹⁸)

1212 1790 1282 1826 125
1310 1791 1413 1835 Apud
1438 1790 1547 1823 filium
1572 1788 1740 1829 Achillis,

1497 1856 1815 1905 [Anti-strophe
1846 1853 1904 1902 1.]

1260 1918 1440 1961 Cognosce
1462 1918 1642 1950 fortunam
1654 1942 1663 1955 ‚
1691 1916 1848 1959 expende
1866 1925 2031 1958 praesens
2050 1913 2196 1952 malum,

1614 1967 1652 2000 in
1669 1967 1766 2012 quod
1785 1965 1884 2000 venis

1260 2018 1462 2052 Certamine
1482 2030 1560 2051 cum
1582 2018 1756 2057 dominis,

1257 2068 1418 2104 Existens
1434 2068 1538 2102 Iliaca
1557 2070 1693 2112 puella,
1720 2067 1811 2101 natis
1829 2079 1869 2100 ex
1886 2066 2164 2099 Lacedaemone.

1256 2120 1430 2165 Relinque
1447 2119 1674 2164 recipientem
1699 2131 1781 2152 oves
1793 2118 1838 2162 19)

1243 2225 1287 2254 1-1)
1315 2226 1382 2250 Huic
1405 2225 1500 2249 versui
1524 2225 1550 2249 in
1576 2225 1659 2250 Editt.
1679 2225 1778 2254 Barn.,
1806 2224 1912 2252 Musgr.
1938 2221 2126 2252 superscripta
2151 2224 2193 2245 est

1277 2266 1343 2284 vox:
1366 2258 1476 2292 Ἔλεγοι.
1495 2273 1530 2278 -
1554 2260 1642 2290 Elegi.

1243 2302 1287 2332 15)
1307 2303 1498 2331 thalamarem]
1516 2301 1556 2325 sic
1574 2302 1657 2325 Edntt.
1674 2300 1757 2331 1558,
1779 2299 1871 2329 1562.;
1897 2298 1980 2323 Editt.
1998 2298 2118 2322 recent.:
2138 2298 2190 2321 tori

1273 2337 1374 2362 sociam
1394 2337 1501 2368 (Em-ip.
1521 2334 1658 2366 εὐναίαν),

1242 2380 1286 2410 16)
1307 2378 1437 2411 defluunt]
1457 2379 1498 2403 sic
1515 2379 1599 2402 Editt.
1622 2377 1713 2407 1558„
1735 2376 1824 2406 1562.;
1848 2374 1932 2400 Editt.
1951 2376 2053 2398 recent.
2072 2373 2120 2406 (=
2132 2375 2190 2399 Eu-

1273 2414 1324 2444 rip.
1343 2413 1455 2445 κατέβα)
1473 2413 1652 2436 defluxerunt.

1241 2457 1286 2484 17)
1307 2456 1486 2484 Hermionen]
1510 2455 1550 2478 sic
1576 2454 1626 2479 Ed.
1645 2453 1721 2479 fo.:
1757 2452 1950 2483 Editt.1558.‚
1975 2452 2065 2483 1562„
2094 2451 2188 2478 Bal-n..

1276 2493 1395 2522 Mnsg,r.:
1419 2490 1592 2514 Bermionem
1610 2488 1695 2517 (cout'.
1714 2493 1797 2517 supra
1816 2494 1840 2517 p.
1855 2486 1916 2511 577.
1936 2488 2001 2510 nota
2012 2487 2062 2514 6.).

1242 2536 1286 2562 18)
1306 2534 1330 2557 in
1351 2533 1457 2564 gemino
1478 2534 1548 2556 'roro
1567 2528 1715 2562 partit-eps]
1737 2530 1777 2553 sic
1793 2529 1874 2554 Editt.
1892 2529 1981 2557 1558,
2004 2528 2094 2559 56²3
2113 2530 2188 2554 Fix.:

1272 2574 1340 2598 quae
1358 2568 1384 2590 in
1403 2568 1464 2590 toro
1490 2567 1614 2596 bipartito
1633 2566 1803 2589 Hermiones
1827 2563 1903 2587 socia
1926 2570 1957 2586 es
1983 2563 2092 2593 (Em-ip.
2111 2560 2188 2596 ἀμφὶ

1272 2601 1390 2632 λέκτρων
1408 2598 1529 2632 διδύμων
1546 2599 1687 2624 ἐπίκοινον
1704 2597 1828 2629 ἐοῦσαν).

1239 2645 1283 2672 19)
1302 2644 1476 2673 recipientem
1502 2644 1584 2671 oves]
1611 2642 1652 2665 sic
1677 2640 1724 2671 (=
1742 2641 1834 2669 Eut-ip.
1853 2638 2012 2671 δεξίμηλον)
2032 2640 2115 2666 Editt.
2138 2647 2186 2666 re·

1268 2682 1355 2707 ceut.;
1375 2678 1457 2702 Editt.
1471 2679 1553 2704 1555..
1576 2677 1647 2701 1562.
1667 2676 1841 2706 recipientem
1857 2673 1973 2704 (omissa
1990 2681 2076 2699 voce:
2093 2676 2185 2702 oves).
