2373 2980
197 95 269 129 983

246 181 344 226 Quos
362 181 419 213 ubi
441 180 622 214 Menelaus
639 180 727 213 vidit
743 182 863 214 adesse
876 208 885 219 ,

245 232 426 265 Allocutus
446 238 517 271 est,
544 231 707 264 dolosum
723 232 857 265 luctum
875 244 960 276 prae
977 246 1012 266 se
1029 233 1161 268 ferens:

244 282 277 316 O
293 283 430 321 miseri,
459 283 641 327 quomodo
653 308 662 321 ,
689 294 728 315 ex
745 295 812 327 qua
831 283 912 315 navi

196 331 292 367 1560
322 334 455 366 Graeca
476 332 602 366 venitis
618 333 737 367 collisa
756 332 912 378 scapha?

242 384 334 418 Num
354 396 423 416 una
441 384 615 428 sepelietis
632 384 742 417 filium
759 384 860 418 Atrei
880 391 1059 419 mortuum
1073 412 1081 425 ,

243 435 356 479 Quem
374 433 459 468 haec
476 435 546 468 filia
563 435 725 479 Tyndari
743 435 893 469 invitum
911 437 1059 480 sepelit?

243 485 292 517 11Ιί
311 487 510 520 emittentes
529 484 729 531 lachrymas
745 499 808 530 per
823 487 1086 522 simulationem
1098 515 1107 529 ,

244 536 278 568 ln
305 549 430 570 navem
457 537 598 571 iverunt
624 549 702 570 cum
722 538 908 579 Menelao,
943 552 998 573 res
1022 550 1181 583 mergen-
1208 571 1210 577 ,

603 589 664 622 das
682 589 718 621 in
738 601 837 623 mare

196 638 290 673 1565
318 639 500 677 Ferentes3
530 640 632 674 nobis
650 646 725 673 erat
741 639 828 674 haec
844 641 997 685 suspicio
1008 667 1016 680 ,

242 691 285 723 Et
308 692 349 723 de
373 689 439 724 hoc
464 691 557 724 inter
573 703 638 725 nos
654 692 966 737 colloquebamur,
994 691 1099 725 simul
1119 702 1179 722 na-

607 742 806 785 vig-antium

241 796 345 838 Quod
367 806 492 837 magna
517 793 708 827 multitudo
735 800 839 827 esset:
876 800 996 826 tamen
1022 798 1180 836 expecta-

600 845 726 877 bamus
737 870 746 883 ,

239 898 426 929 Sors-antes
446 903 504 928 tua
521 896 706 928 mandata:
735 906 895 937 praeesse
917 894 999 926 navi

243 947 367 981 lubens
385 945 560 990 hospitem
572 972 580 985 ,
606 945 792 989 perdidisti
810 942 896 977 haec
912 944 1052 981 omnia,

195 1006 289 1040 1570
316 1005 359 1038 Et
377 1005 476 1038 facile
495 1005 531 1037 in
546 1015 673 1036 navem
693 1001 779 1035 haec

240 1056 345 1088 Levia
365 1056 564 1099 posuimus3
593 1055 653 1088 sed
672 1060 794 1087 taurus
812 1053 899 1096 pede

240 1109 321 1141 Non
338 1107 450 1141 voluit
466 1113 561 1139 recto
578 1105 741 1138 accedere
759 1104 796 1136 in
813 1103 971 1136 tabulam
992 1103 1091 1136 navis
1103 1129 1111 1143 ,

238 1159 304 1191 Sed
319 1158 519 1202 mugiebat,
547 1156 819 1200 circumagitans
837 1155 977 1194 oculos,

235 1209 279 1242 Et
297 1221 447 1243 curvans
465 1215 602 1252 tergum
613 1234 622 1247 ‚
649 1214 683 1241 et
698 1212 902 1251 suspectans
917 1205 954 1238 in
973 1217 1105 1239 cornua
1117 1232 1126 1246 ,

195 1267 286 1303 1575
314 1269 465 1303 Arcebat
488 1281 573 1308 nos,
600 1279 645 1300 ne
662 1266 908 1311 attingeretur.
961 1264 1013 1298 Ibi
1031 1266 1179 1300 maritus

600 1318 757 1351 Helenae

238 1371 404 1404 Vocavit:
433 1370 466 1404 O
483 1369 588 1410 socii,
617 1369 677 1415 qui
695 1368 844 1402 Troiam
862 1367 1034 1402 evertistis
1046 1395 1053 1407 ,

236 1425 292 1456 An
308 1435 382 1455 non
400 1422 578 1466 rapientes
593 1433 694 1454 more
709 1420 929 1454 Graecorum

238 1474 400 1507 Taurum
417 1472 631 1506 iuvenilibus
649 1470 806 1504 humeris

236 1524 275 1557 In
292 1537 437 1569 proram
456 1522 672 1557 coniicietis'?
701 1529 734 1555 et
751 1521 856 1555 simul
871 1522 962 1554 ensis

191 1583 287 1618 1580
315 1585 508 1629 Promptus
526 1582 636 1616 fodiet
655 1581 835 1614 victimam
857 1579 1024 1613 mortuo?

237 1635 289 1668 Illi
314 1636 494 1669 venientes
517 1636 559 1668 ad
586 1632 679 1667 hanc
706 1631 1015 1669 adhortationem,
1054 1643 1179 1675 rapue-

602 1691 686 1718 runt

472 1743 505 1770 et
537 1737 688 1769 serentes
725 1740 919 1779 posuerunt
964 1736 999 1767 in
1044 1733 1180 1766 tabulas

599 1786 719 1823 navis·,

240 1839 422 1873 Menelaus
453 1850 538 1872 vero
572 1843 795 1872 contrectans
828 1836 957 1870 collum
985 1835 1180 1869 circumda-

596 1895 672 1922 tum
689 1900 762 1922 uno
780 1887 883 1928 fune,

237 1939 282 1972 Et
299 1940 451 1973 frontem
464 1966 473 1980 ,
498 1940 673 1984 persuasit
690 1938 828 1983 ingredi
843 1939 879 1971 in
896 1937 1029 1971 navim.

194 1997 288 2033 1585
316 1999 477 2032 Tandem
496 2005 687 2045 postquam
705 1998 806 2032 navis
826 1998 945 2031 omnia
962 1997 1116 2041 recepit,

239 2050 391 2095 lmplens
410 2051 520 2084 scalas
536 2052 694 2084 formoso
715 2050 802 2093 pede

240 2102 372 2135 Helena
392 2103 550 2135 consedit
565 2102 603 2134 in
618 2100 744 2134 mediis
760 2099 922 2133 transtris
933 2125 942 2139 ,

241 2153 303 2191 Et,
347 2153 407 2198 qui
439 2153 553 2186 verbis
586 2164 659 2185 non
692 2150 843 2195 amplius
869 2156 961 2189 erat,
994 2149 1177 2184 Menelaus

593 2215 723 2248 prope;

238 2254 307 2288 Alii
324 2256 359 2288 in
378 2257 500 2288 dextro
517 2255 651 2299 pariete
663 2280 671 2293 ,
699 2259 733 2286 et
751 2252 897 2286 totidem
916 2251 952 2284 in
968 2251 1130 2291 sinistro;

193 2313 288 2347 1590
321 2315 385 2348 Vir
420 2317 514 2359 apud
546 2314 662 2347 virum
697 2313 885 2351 sedebant,
926 2312 990 2346 sub
1023 2313 1176 2347 vestibus

597 2365 732 2409 gladios

238 2416 387 2449 Abditos
402 2414 589 2454 habentes;
617 2422 692 2450 tum
710 2414 875 2448 matutini
891 2413 1028 2458 impleti
1044 2421 1125 2448 sunt

239 2466 420 2500 Clamores
438 2474 471 2500 et
488 2467 777 2506 acclamationes,
805 2472 844 2499 ut
861 2466 1072 2499 audivimus.

237 2518 432 2563 Postquam
450 2530 522 2550 non
539 2529 678 2551 eramus
696 2518 795 2550 valde
812 2517 937 2561 procul
953 2528 970 2549 a
991 2522 1083 2549 terra
1096 2543 1105 2556 ,

237 2569 359 2614 Neque
393 2580 523 2613 prope,
567 2569 615 2601 sic
644 2568 876 2612 interrogavit
905 2574 1021 2601 custos
1049 2568 1173 2611 guber—

593 2619 729 2652 naculi:

188 2676 284 2712 1595
310 2679 342 2711 O
361 2677 507 2724 hospes,
536 2677 664 2712 satisne
685 2684 753 2715 est,
781 2689 825 2710 an
844 2676 989 2710 ulterius

239 1738 400 1771 Taurum
413 1764 422 1777 ,

773 94 894 129 PHlL.
931 96 1042 130 MEL.
1079 95 1280 130 SCRIPTA
1313 95 1647 136 PHILOLOGICA.

2154 100 2227 134 984

1287 181 1566 225 Navigabimus?
1594 192 1676 213 nam
1703 180 1913 223 gubernatio
1939 182 2040 216 navis
2066 182 2153 217 mihi
2178 194 2229 220 est

1646 242 1762 265 curae.

1287 282 1346 315 llle
1358 283 1402 328 76)
1423 295 1506 316 vcro
1526 282 1630 315 dixit:
1665 281 1757 315 Satis
1774 289 1825 315 est
1840 281 1946 322 mihi;
1983 290 2017 318 et
2033 286 2153 320 dextra
2174 300 2228 320 ar-

1649 332 1781 377 ripiens
1802 333 1958 377 gladium

1286 384 1440 417 Accessit
1459 385 1502 416 ad
1521 396 1685 428 proram,
1714 391 1753 417 ut
1771 391 1943 418 mactaret
1961 392 2102 420 taurum

1288 435 1410 474 Stans,
1438 435 1569 468 nullius
1588 435 1721 468 mortui
1739 435 1957 469 mentionem
1974 437 2125 477 faciens,

1209 489 1211 512 ἕ
1240 485 1335 518 1600
1363 485 1429 518 Sed
1446 498 1567 520 secans
1586 487 1798 519 daemonem
1818 494 1981 531 precatus
2005 495 2072 522 est:
2112 489 2145 522 O
2167 490 2227 535 qui

1649 535 1788 571 habitas
1805 538 1842 570 in
1860 539 1971 579 mari,

1286 587 1427 620 Mal-ine
1447 587 1613 632 Neptune
1624 614 1634 628 ‚
1661 595 1695 622 et
1711 595 1825 623 castae
1841 590 1933 623 filiae
1948 590 2075 631 Nerei,

1286 637 1430 671 Servate
1448 651 1503 672 me
1522 640 1566 672 ad
1583 639 1681 673 littus
1697 638 1870 684 Argivum
1882 668 1891 681 ,
1919 647 1953 674 et
1972 642 2158 686 coniugem

1284 687 1502 723 lncolumem
1513 689 1581 737 ⁷⁶3)
1601 703 1641 724 ex
1659 689 1725 724 hac
1739 697 1846 726 terra.
1899 692 2030 727 Fluxus
2047 693 2227 737 sanguinis

1284 740 1467 774 Saliebant
1483 741 1520 774 in
1537 754 1665 787 aquam
1683 744 1839 776 secundo
1858 755 1973 778 cursu.

1237 790 1334 825 1605
1372 791 1416 825 Et
1452 793 1580 838 aliquis
1615 791 1682 826 hoc
1717 793 1821 827 dixit:
1872 794 2005 828 Dolosa
2043 802 2093 830 est
2127 795 2227 829 navi—

1639 844 1734 888 gatio
1747 871 1756 885 ,

1284 893 1421 927 Rursus
1438 894 1646 939 navigemus
1666 897 1710 928 ad
1729 895 1899 929 Naxiam:
1928 897 2009 930 iube
2027 903 2085 937 tu,

1284 943 1341 977 Tu
1361 951 1457 978 verte
1475 946 1766 989 gubernaculum.
1820 947 1889 981 Sed
1906 959 1923 979 a
1945 949 2050 980 caede
2068 948 2163 981 tauri

1284 995 1388 1029 Stans
1405 996 1497 1030 filius
1513 997 1633 1038 Atrei,
1662 998 1801 1031 vocavit
1818 1011 1900 1032 suos
1918 999 2049 1033 socios:

1285 1046 1380 1090 Quid
1397 1048 1633 1088 cunctamini,
1661 1061 1682 1081 o
1698 1049 1859 1093 germina
1875 1049 2045 1083 Graeciae
2056 1076 2065 1089 ,

1237 1096 1333 1130 1610
1360 1097 1538 1138 Mactare‚
1568 1099 1726 1132 occidere
1743 1101 1935 1140 barbaros,
1965 1107 1998 1133 et
2018 1113 2035 1133 e
2053 1100 2137 1133 navi

1282 1147 1444 1181 Abiicere
1462 1149 1499 1182 in
1516 1149 1673 1194 aquam?
1700 1150 1769 1184 tuis
1786 1151 1904 1184 nautis

1283 1199 1413 1233 Noster
1430 1200 1628 1244 praefectus
1644 1200 1773 1233 clamat
1793 1200 2009 1233 contrariam
2030 1212 2166 1235 vocem.

1282 1250 1378 1294 Ergo
1397 1251 1525 1296 aliquis
1545 1249 1782 1296 apprehendit
1796 1257 2015 1296 postremam
2032 1252 2189 1285 tabulam
2202 1279 2211 1292 ,

1283 1302 1372 1336 Aliis
1387 1302 1554 1347 frangens
1571 1303 1713 1347 iugum,
1741 1302 1830 1336 alius
1853 1303 2016 1336 auferens
2039 1314 2179 1337 remum
2207 1317 2225 1337 a

1641 1354 1774 1387 scalmo

1237 1402 1332 1438 1615
1360 1404 1532 1438 Cruentat
1548 1411 1653 1449 caput
1671 1403 1826 1438 hostium
1845 1404 2128 1449 peregrinorum.

1283 1456 1417 1489 Omnes
1435 1456 1521 1488 recti
1539 1462 1856 1494 consurrexerunt,
1885 1455 1945 1487 alii
1961 1455 1998 1487 in
2015 1457 2179 1490 manibus

1283 1506 1439 1540 Perticas
1458 1507 1634 1547 nauticas,
1664 1506 1722 1539 alii
1740 1506 1875 1550 gladios
1893 1504 2075 1540 habentes.

1284 1557 1400 1591 Caede
1418 1558 1517 1591 navis
1536 1558 1694 1602 peribat,
1723 1564 1756 1590 et
1776 1563 1851 1590 erat
1868 1554 2073 1590 adhortatio

1283 1609 1439 1642 Helenae
1457 1621 1497 1642 ex
1515 1610 1643 1653 puppi:
1673 1608 1745 1641 Ubi
1761 1614 1811 1641 est
1831 1607 1944 1652 gloria
1961 1607 2120 1641 Troiana
2132 1608 2148 1641 ?

1235 1659 1332 1695 1620
1368 1659 1551 1694 Ostendite
1579 1672 1660 1703 erga
1688 1660 1862 1693 barbaros
1897 1656 2071 1694 homines.
2131 1660 2224 1694 Tum

1649 1723 1730 1754 prae
1746 1710 1971 1744 festinatione

1282 1762 1448 1795 Ruebant
1466 1762 1545 1801 alii,
1573 1762 1632 1795 alii
1653 1762 1899 1805 erigebantur,
1929 1761 2017 1795 alios
2034 1761 2148 1796 iacere

1284 1814 1448 1847 Mortuos
1464 1813 1621 1848 vidisses.
1676 1813 1859 1847 Menelaus
1874 1810 2008 1846 habens
2025 1824 2123 1846 arma
2135 1841 2144 1853 ,

1285 1865 1522 1899 Considerans
1534 1892 1543 1905 ,
1569 1865 1629 1898 ubi
1644 1865 1848 1898 laborarent
1864 1863 1971 1905 socii,

1283 1916 1336 1949 Eo
1356 1928 1465 1949 manu
1483 1918 1604 1949 dextra
1627 1916 1786 1948 admovit
1802 1915 1956 1959 gladium
1968 1942 1977 1955 ,

1235 1966 1331 2003 1625
1358 1967 1408 2000 Ita
1432 1974 1471 2001 ut
1497 1967 1818 2012 praecipitarentur
1843 1966 1955 2000 nostri
1981 1979 1998 1999 e
2021 1967 2126 2008 navi,
2160 1979 2224 2001 nu—

1638 2018 1807 2063 (lavitque

1282 2070 1415 2103 Remos
1432 2070 1501 2104 tuis
1518 2069 1653 2107 nautis;
1681 2069 1762 2102 inde
1781 2070 1826 2102 ad
1842 2068 2080 2112 gubernacula
2101 2075 2198 2103 stans

1282 2121 1358 2154 Rex
1375 2120 1462 2153 dixit
1480 2134 1514 2155 se
1534 2121 1571 2154 in
1590 2120 1776 2155 Graeciam
1797 2121 2014 2154 directurum
2037 2120 2170 2153 navim.

1281 2171 1334 2205 Illi
1369 2172 1541 2206 tollebant
1576 2172 1710 2205 malum
1730 2199 1739 2211 ,
1791 2178 1825 2204 et
1867 2176 2040 2204 venerunt
2075 2172 2221 2205 secundi

1442 2214 1446 2222 ¹
1640 2223 1754 2262 venti,

1279 2273 1324 2307 Et
1349 2274 1397 2307 sic
1421 2273 1586 2307 abierunt
1618 2286 1635 2306 e
1664 2279 1770 2307 terra.

1638 2336 1777 2364 necem,

1234 2376 1329 2409 1630
1353 2374 1489 2408 Demisi
1504 2386 1560 2407 me
1579 2375 1615 2407 in
1633 2387 1730 2408 mare
1747 2375 1791 2408 ad
1813 2372 2019 2409 anchoram.

1279 2426 1520 2459 Laborantem
1539 2426 1608 2458 iam
1624 2438 1680 2459 me
1698 2425 1826 2471 aliquis
1845 2427 1991 2460 tendens
2005 2427 2124 2460 funem

1277 2477 1441 2522 Recepit,
1467 2483 1500 2510 et
1516 2477 1553 2510 in
1570 2484 1701 2510 terram
1719 2477 1898 2521 exposuit,
1926 2483 1964 2515 ut
1981 2477 2046 2510 tibi

1275 2529 1484 2563 Nuntiarem
1502 2526 1600 2562 haec.
1651 2528 1886 2568 „Diffidentia
1904 2529 2087 2561 moderata

1835 2272 1910 2317 Ego
1938 2283 2023 2306 vero
2051 2272 2220 2317 effugiens

1259 2648 1307 2676 76)
1326 2648 1389 2675 llle]
1409 2647 1448 2670 sic
1467 2647 1548 2670 Editt.
1568 2647 1639 2670 1558.
1660 2648 1686 2670 ct
1704 2648 1834 2676 recentt.;
1860 2646 1908 2670 Ed.
1925 2646 1997 2670 1562.
2017 2647 2075 2671 llla.

1261 2691 1294 2715 76
1303 2689 1330 2719 ὃ)
1352 2689 1530 2717 Incolulncin]
1550 2689 1598 2714 Ed.
1619 2689 1692 2714 1558.
1712 2689 1808 2714 mendo
1828 2690 1954 2720 typogn:
1981 2689 2143 2715 lncolumen.
