2373 2980
109 73 184 108 997
626 73 745 110 LXXI.

159 159 319 192 Vortices
330 185 339 199 ‚
365 156 550 192 humidam
567 171 698 206 aquam

110 210 183 246 150
204 210 403 244 Proiiciens
416 236 424 248 ,
448 222 558 254 purus
576 212 727 248 existens
745 227 762 248 a
782 216 885 249 lecto.

161 262 306 295 Utinam
326 261 374 295 sic
392 259 579 296 Phoebum

158 314 287 347 Coleus
309 326 383 346 non
399 314 573 353 desinam,

155 365 227 399 Aut
241 366 400 399 desinam
418 367 512 399 bona
532 367 688 401 fortuna.

156 416 233 450 Eia.

156 467 315 501 Veniunt
333 469 402 501 iam
420 476 454 501 et
476 470 685 515 relinquunt

108 518 180 553 155
207 519 379 554 Volatiles
397 520 567 554 Parnassi
588 522 730 555 cubilia.

155 571 345 616 Praecipio
361 584 437 605 non
455 573 750 619 appropinquare
768 574 885 618 pinus,

152 623 277 669 Neque
296 623 332 656 in
351 635 498 657 auream
516 625 665 658 domurn
683 627 816 659 venire.

153 674 296 708 Feriam
315 681 348 708 te
365 675 461 715 telis,
488 688 508 708 o
525 674 618 710 Iovis

153 725 289 759 Praeco
301 753 310 766 ,
333 727 454 759 avium
470 734 590 761 rostro
610 740 719 761 curvo

106 776 177 810 160
198 777 325 811 Robur
342 778 499 812 vincens.

153 828 219 862 Hic
237 835 318 861 ante
337 830 583 873 pavimentum
603 830 753 873 remigat
768 830 863 862 aliud

152 880 311 924 Agmeu‚
339 881 438 914 non?
464 881 604 927 alias²⁸)

152 931 357 965 Rubentem
376 933 500 977 pedem
521 932 707 966 movebis?

152 981 255 1018 Nihil
270 989 302 1016 te
319 982 453 1017 cithara
470 982 610 1017 Phoebi

102 1032 175 1069 165
199 1034 398 1069 Continens
415 1035 551 1080 sagittis
569 1035 747 1070 liberabit.

150 1085 226 1120 Alis
242 1086 312 1120 tuis

150 1137 283 1170 Transi
302 1138 470 1181 paludem
493 1138 585 1171 Deli.

152 1188 386 1228 Cruentabis,
408 1188 477 1222 nisi
497 1189 734 1233 obtemperes,

153 1240 234 1273 Tua
252 1239 368 1272 dulcia
386 1239 535 1273 cantica.

105 1290 176 1325 170
201 1290 278 1324 Eia.

153 1343 254 1388 Quae
272 1353 365 1374 nova
385 1341 459 1375 avis
478 1342 636 1376 accedit?

152 1394 247 1428 Num
263 1393 329 1427 sub
344 1393 486 1437 fastigio
504 1394 628 1427 nidum

152 1443 206 1477 Ex
220 1443 362 1477 festucis
378 1445 514 1477 factura
535 1451 584 1478 est
602 1445 673 1479 suis
696 1445 827 1489 pullis?

152 1495 294 1528 Stridor
315 1507 417 1528 arcus
437 1495 570 1527 arcebit
587 1503 630 1528 te.

152 1546 235 1581 Non
252 1545 419 1590 parebis?
473 1546 615 1580 Vadens
638 1549 680 1579 ad
699 1549 847 1581 vertices

103 1596 176 1632 175
199 1596 327 1642 Alphei
345 1597 507 1636 nidifica,
533 1605 594 1631 aut

153 1649 193 1683 ln
211 1662 337 1682 nemus
354 1646 555 1688 Isthmfflm,

154 1701 203 1734 Ut
218 1700 368 1734 donaria
388 1712 462 1733 non
479 1701 669 1734 laedantur

154 1752 199 1785 Et
215 1752 347 1796 templa
368 1749 518 1785 Phoebi.

154 1803 291 1837 Vereor
309 1816 371 1837 vos
387 1804 587 1836 interficere

105 1856 178 1891 180
206 1854 359 1890 Nuntias
376 1855 473 1889 vocis
491 1855 635 1888 divinae

152 1907 380 1940 Hominibus.
434 1906 575 1952 Quibus
591 1907 788 1940 destinatus
808 1919 886 1940 sum
904 1906 1100 1947 laboribus,

151 1958 196 1993 Iis
211 1958 365 1992 serviam
383 1955 532 1992 Phoebo
544 1985 553 1998 ,
576 1966 611 1992 et
627 1971 701 1992 non
721 1958 882 1993 desinam

151 2010 274 2044 Meum
294 2008 512 2043 nutritorem
532 2011 648 2042 colere
659 2010 717 2054 ²9).

135 2162 182 2194 28)
210 2162 283 2186 aliud
308 2163 430 2191 Agmen‚
462 2156 541 2184 non?
565 2158 656 2200 ³alias]
685 2159 725 2200 sic
751 2160 802 2199 Ed'.
823 2160 896 2184 1562.
989 2193 998 2201 u

171 2197 246 2221 ¹551.
267 2194 348 2222 ἄλλος
361 2214 367 2220 .
383 2192 519 2235 ὢΚύκλος.
541 2202 608 2234 crvx,
628 2193 731 2225 amar,
753 2194 836 2218 Editt.
858 2197 961 2234 recent.
981 2195 1062 2224 αλλος
1079 2216 1100 2221 ,i

170 2230 288 2258 Κύκνος.
309 2228 357 2254 οὐκ
377 2228 448 2262 alleg
468 2243 501 2247 —
521 2229 611 2254 alius.
629 2247 633 2252 .
650 2229 770 2259 Cycnus.
792 2230 851 2252 Non
872 2230 928 2253 alio

134 2282 183 2314 29)
210 2283 265 2307 Sed
287 2281 378 2306 finiam
396 2293 431 2299 —-
449 2281 552 2305 colere.
579 2281 635 2310 (vs.
657 2280 843 2311 1422—183.)]
877 2281 917 2305 sic
942 2282 990 2307 Ed.
1010 2283 1100 2306 1562:

174 2318 223 2341 Ed.
245 2317 337 2341 155S.:

206 2351 259 2376 sed
280 2351 371 2374 finiam
393 2351 502 2373 labores

205 2385 290 2410 Lauri
310 2385 458 2408 tractibus:

206 2422 245 2445 Ex
265 2420 360 2443 aureis
380 2419 457 2442 vasis
476 2419 616 2448 proiit-iam

206 2457 310 2479 Terrae
330 2454 445 2480 fontem,

207 2492 292 2519 Quem
313 2488 455 2511 effundunt
474 2487 616 2511 Castaliae

205 2523 354 2554 Gurgstes,
375 2521 511 2545 humidam
531 2527 629 2551 aquam

206 2557 376 2584 Proiiciens,
397 2557 504 2586 integer
523 2561 539 2579 a
558 2556 638 2579 cubili
658 2557 791 2580 existens.

206 2593 317 2616 Utinam
336 2591 376 2614 sic
396 2591 517 2619 scilicet,
538 2590 672 2614 Phoebum

206 2627 308 2652 colens
328 2632 361 2649 ne
379 2625 523 2650 desistam.

205 2663 260 2685 Aut
278 2660 412 2684 desistam
430 2661 498 2683 bona
519 2660 638 2682 fortuna.

207 2696 299 2719 Ehem.

925 2160 988 2192 (Ed.
1016 2163 1100 2187 nasa,

805 74 1208 112 INTERPRETATIO
1235 75 1361 114 IONIS
1386 79 1638 117 EURIPIDIS.
2076 86 2148 121 998

1210 166 1308 199 Chor.
1337 165 1418 200 Non
1438 167 1474 200 in
1493 168 1623 203 divinis
1641 167 1790 203 Athenis

1158 215 1231 249 185
1258 216 1349 250 Sunt
1366 226 1513 254 ornatae
1528 221 1703 254 columnis
1720 221 1822 254 aulae

1204 266 1363 302 Deorum
1383 277 1521 305 tantum
1535 299 1543 311 ‚
1569 284 1684 318 neque
1703 271 1966 319 sacrorumwa)

1206 318 1349 359 Cultus,
1375 334 1497 355 verum
1515 325 1619 357 etiam
1640 326 1732 368 apud
1752 324 1970 368 Apollinem,

1204 369 1365 404 Latonae
1384 373 1494 407 filium
1507 401 1516 415 ‚
1540 376 1764 418 geminorum
1783 376 1943 410 Deorum

1205 421 1412 465 Speciosum
1432 426 1552 458 lumen
1571 433 1633 460 est.

1159 471 1230 505 190
1258 475 1331 506 Ion.
1360 473 1448 508 Ecce
1467 474 1560 510 hunc
1578 478 1731 521 adspice.

1206 522 1405 558 Lernaeam
1424 524 1574 571 hydram
1594 530 1759 562 interficit

1207 575 1334 608 Aureis
1351 578 1498 612 aduncis
1514 580 1590 613 telis
1611 579 1701 614 lovis
1720 580 1822 614 filius.

1207 624 1349 669 Quaeso
1370 633 1420 664 te,
1452 630 1590 663 intuere
1608 633 1729 665 oculis.

1208 677 1305 710 Cher.
1335 676 1461 712 Video.
1516 683 1589 715 Ιοη.
1614 682 1657 715 Et
1676 695 1786 727 prope
1805 696 1883 716 euin
1907 685 1994 718 alius

1160 723 1229 760 195
1256 726 1425 762 lutei-fecit
1444 731 1628 764 ardentem
1649 735 1842 768 volucrem.

1207 779 1304 813 Gkor.
1332 780 1506 824 Quisnam
1525 789 1593 823 est,
1618 784 1678 829 qui
1699 785 1829 819 dicitur
1848 799 1926 818 mea

1204 830 1260 862 Ad
1280 831 1414 874 pensa?

1205 883 1279 915 Ion.
1304 882 1471 927 Armiger
1488 881 1627 924 Iolaus,
1652 885 1713 930 qui

1206 932 1409 978 Suscipiens
1426 947 1634 969 communes
1652 936 1793 971 labores

1154 983 1231 1018 200
1255 984 1343 1018 Cum
1362 985 1514 1020 Hercule
1532 985 1707 1022 exhaurit.

1203 1034 1249 1068 Et
1263 1036 1363 1070 illum
1379 1044 1499 1083 specta

1204 1085 1419 1122 Insidentem
1439 1102 1532 1135 equo
1551 1090 1665 1130 alato,
1692 1091 1753 1137 qui

1204 1137 1373 1173 Interficit
1390 1141 1570 1174 efflantem
1590 1141 1688 1185 ignes

1201 1189 1484 1236 Tricorpoream
1501 1193 1573 1225 vim
1584 1192 1642 1238 ³⁰).

1152 1240 1226 1276 205
1259 1245 1356 1278 Ghor.
1381 1245 1550 1291 Undique
1568 1257 1696 1278 moveo
1715 1245 1915 1289 palpebras.

1203 1296 1275 1328 Ion.
1301 1295 1497 1331 Considera
1513 1309 1672 1341 pugnam
1692 1297 1728 1330 in
1746 1297 1939 1342 parietibus

1203 1345 1323 1381 Saxeis
1339 1348 1522 1392 gigantum
1533 1348 1593 1394 ³¹).

1255 1463 1395 1486 Accedunt
1415 1463 1467 1487 iam
1488 1465 1515 1486 et
1536 1463 1693 1493 relinquunt

1256 1496 1395 1520 volatiles
1415 1497 1547 1520 Parnassi
1567 1498 1654 1521 nidos

1256 1531 1340 1554 Edico
1360 1537 1414 1555 non
1433 1532 1566 1555 accedere
1585 1532 1676 1561 pinnis

1257 1565 1351 1595 Neque
1371 1566 1405 1589 ad
1425 1572 1526 1590 aureas
1547 1566 1641 1589 domos

1257 1600 1414 1630 corripiam
1433 1602 1460 1623 te
1480 1601 1604 1624 vicissim
1623 1600 1754 1632 sagittis,
1781 1607 1795 1625 o
1816 1601 1890 1626 lovis

1256 1634 1373 1664 Nuntia,
1393 1635 1486 1659 avium
1505 1637 1599 1659 rostro

1256 1668 1350 1691 Robur
1370 1669 1493 1693 vincens.

1259 1703 1309 1726 Hie
1327 1705 1392 1726 ante
1412 1704 1569 1732 pavimenta
1586 1703 1658 1727 alius
1679 1704 1798 1735 remigat

1258 1738 1286 1760 ln
1307 1739 1409 1762 orbem.
1447 1738 1506 1761 Non
1525 1744 1593 1761 vero

1257 1772 1437 1796 Rubicanteni
1457 1773 1552 1802 pedem
1571 1772 1706 1802 movebis,

1259 1806 1331 1829 Nihil
1354 1809 1380 1829 te
1401 1807 1508 1830 cithara
1527 1807 1627 1830 Plioeln

1260 1841 1427 1864 Concentrix
1446 1847 1462 1864 a
1482 1842 1595 1871 sagittis
1618 1842 1727 1865 illu-rat.

1259 1876 1294 1898 Et
1313 1876 1348 1898 ad
1368 1877 1528 1899 umbracula

1261 1910 1295 1932 Et
1315 1910 1428 1933 lacunas
1445 1911 1561 1935 accede.
1582 1916 1649 1940 quae
1671 1912 1735 1933 sunt
1755 1911 1781 1934 in
1801 1911 1876 1935 Delo.

1262 1944 1447 1973 cruentabis,
1468 1945 1520 1968 nisi
1541 1951 1634 1974 pares,

1261 1978 1507 2003 Pulchrisonantes
1527 1981 1603 2004 odas.

1260 2013 1352 2037 Ehem.

1260 2048 1338 2076 Quae
1356 2048 1423 2071 haec
1441 2048 1503 2072 avis
1523 2048 1638 2073 insolita
1656 2047 1801 2073 accessit?

1260 2083 1329 2105 Num
1348 2083 1403 2105 scit
1422 2083 1513 2112 pinnis
1533 2085 1613 2113 aptas
1631 2083 1666 2107 ad
1684 2084 1776 2107 nidum

1261 2116 1396 2140 Festucas
1413 2117 1540 2146 positura
1557 2118 1617 2141 suis
1636 2114 1757 2141 liberis?

1260 2150 1364 2174 Psalmi
1384 2151 1411 2174 te
1429 2152 1563 2174 arcebunt
1580 2157 1709 2181 arcuum;

1259 2185 1319 2208 Nou
1338 2182 1442 2215 pares?
1478 2186 1581 2209 Abiens
1601 2185 1629 2209 in
1647 2185 1805 2217 gurgitibus

1259 2219 1358 2249 Alphei
1376 2220 1545 2250 nidificati0‚
1564 2221 1612 2243 aut

1258 2254 1360 2277 Nemus
1379 2254 1547 2283 Isthmicum,

1258 2288 1294 2310 Ut
1312 2293 1395 2311 sacra
1413 2295 1447 2312 ne
1470 2288 1626 2319 laedantur,

1257 2323 1292 2345 Et
1314 2322 1416 2352 templa
1434 2322 1544 2347 Phoebi.

1258 2356 1393 2380 Occidere
1412 2356 1484 2380 enim
1503 2362 1555 2380 vos
1574 2362 1686 2386 vereor,

1256 2391 1378 2414 Deorum
1398 2391 1595 2414 annuntiantes
1614 2392 1733 2421 auguria

1256 2425 1434 2454 Hominibus;
1454 2425 1552 2455 quibus
1570 2431 1637 2449 vero
1658 2426 1782 2450 incumbo
1801 2427 1954 2458 laboribus,

1256 2458 1364 2482 Phoebo
1383 2464 1443 2482 meo
1462 2459 1599 2490 serviam,
1619 2466 1707 2489 neque
1726 2461 1849 2485 desinam

1255 2493 1328 2523 Eos,
1348 2492 1392 2523 qui
1414 2499 1457 2516 me
1475 2493 1569 2523 alunt,
1589 2494 1688 2518 colere.

1185 2527 1250 2554 ²921)
1269 2525 1426 2559 sacrorum]
1452 2528 1494 2551 sic
1518 2527 1568 2551 Ed.
1591 2528 1682 2559 1562.;
1708 2528 1790 2554 Editt.
1809 2533 1913 2557 recent.
1934 2532 1981 2564 (=
2000 2536 2064 2559 text.
2085 2536 2140 2565 gr.)

1219 2561 1348 2591 Agyiaei.

1182 2594 1231 2626 30)
1251 2595 1373 2625 Tricorp.
1393 2593 1472 2627 vim.]
1492 2594 1534 2618 his
1553 2595 1580 2620 in
1599 2602 1688 2628 marg.
1705 2598 1753 2622 Ed.
1777 2599 1850 2623 1562.
1870 2601 2009 2632 adscripta
2029 2606 2071 2626 est
2091 2611 2140 2627 ex-

1218 2629 1346 2659 plicatio:
1366 2629 1546 2654 Chimaeram.

1193 2663 1241 2694 3¹)
1261 2664 1347 2689 Cher.
1365 2664 1425 2688 Non
1439 2675 1473 2681 -
1491 2664 1642 2696 gigantum.
1662 2664 1719 2698 (vs.
1737 2667 1908 2700 iss—2⁰7QJ
1926 2669 1966 2693 sic
1984 2670 2032 2694 Ed.
2049 2672 2139 2703 1562.;

1218 2698 1267 2721 Ed.
1290 2698 1380 2722 ¹55&

1486 2731 1563 2767 63*
