2373 2980
193 111 266 147 185
762 111 885 146 PHIL.
921 111 1035 145 MEL.

191 197 300 229 vitam
317 203 410 230 recte
430 197 705 236 instituendam,
735 203 768 230 et
792 198 836 230 ad
859 198 1100 241 cognitionem
1125 209 1182 231 re-

190 259 268 280 rnm
288 248 502 280 naturalium
521 249 694 280 conducat
707 274 715 286 ,
749 249 826 293 quis
844 260 918 281 non
935 249 1180 292 dignissimum

190 298 281 331 lectu
305 298 460 331 iudicare
485 298 673 344 queat?⁷⁴)
732 297 810 342 Ego
835 311 919 332 vero
946 300 1051 332 etiam
1077 311 1181 343 saepe

191 349 417 392 relegendum
444 354 477 380 et
499 349 543 381 ad
571 350 718 382 verbum
743 350 971 384 ediscendum
997 362 1069 383 esse
1102 361 1181 383 cen-

189 412 260 434 sen.
319 400 376 432 An
395 399 422 431 si
438 399 474 431 in
494 400 744 433 excellentibus
767 400 914 444 picturis
938 401 1182 444 contemplan—

188 450 241 482 dis
259 461 444 494 uunquam
461 450 556 483 oculi
579 457 812 484 exaturantur
827 477 836 491 ‚
869 453 928 485 sed
953 464 1024 497 quo
1049 452 1182 485 diutius

188 501 225 532 in
239 500 288 533 eis
304 497 464 539 haerent,
493 513 534 533 eo
554 502 666 545 magis
683 502 874 535 admiratio
892 502 1107 547 videndique
1124 515 1183 535 cn-

187 550 316 595 piditas
340 552 475 585 crescit.
538 552 628 597 Quis
650 553 744 586 enim
766 560 950 594 nostrum,
983 554 1122 599 quoties
1144 553 1183 585 in

187 602 360 646 templum
378 601 495 643 venit,
519 615 593 636 non
612 604 716 638 toties
731 605 863 638 resistit
880 605 924 638 ad
949 617 1006 638 eas
1031 605 1182 645 tabulas,

187 665 275 698 quas
298 653 347 685 ibi
371 653 426 686 vel
448 652 608 689 Durerus
634 655 690 688 vel
711 662 834 689 noster
858 655 1027 701 Lucas⁷⁵)
1051 656 1183 700 posuit,

186 715 262 736 non
294 703 387 737 idem
421 705 558 739 accidat
590 707 627 739 in
660 707 801 751 egregio
832 713 998 751 poemate
1023 707 1183 740 conside-

187 754 326 787 rando?
386 755 570 790 Truncum
604 769 644 790 ac
676 758 859 791 caudicem
895 758 993 792 illum
1021 758 1181 802 profecto

187 805 302 838 dicere
318 803 408 839 nihil
425 818 568 847 verear,
596 808 652 841 cui
668 809 752 842 satis
768 816 818 843 est
835 809 943 842 semel
967 815 1028 842 aut
1052 809 1180 842 iterum

188 857 359 890 excellens
387 864 420 890 et
443 865 609 892 ornatum
645 871 790 893 carmen
820 860 955 904 legisse.
1023 860 1182 893 Proinde

188 908 278 942 sicut
297 909 391 952 apud
412 908 601 953 Virgilium
626 910 784 944 mirabili
807 911 999 955 cupiditate
1023 923 1063 944 ac
1082 912 1183 944 laeti-

188 959 235 991 tia
254 959 413 993 intuetur
438 961 536 993 coelo
562 962 752 995 demissum
779 963 940 1007 clypeum
958 962 1116 1002 Aeneas,
1149 968 1183 995 et

188 1016 437 1054 argumentum
458 1010 495 1043 in
514 1023 555 1044 eo
574 1013 747 1045 caelatum
765 1013 952 1056 diligenter
969 1014 1182 1053 considerat,

188 1073 266 1094 cum
285 1061 429 1106 quidem
445 1073 524 1094 eum
543 1074 616 1095 non
640 1064 748 1096 modo
774 1064 891 1108 operis
916 1065 1089 1104 varietas,
1121 1065 1183 1097 sed

188 1111 293 1144 etiam
312 1113 370 1145 illa
386 1124 508 1145 rerum
526 1113 727 1147 futurarum
746 1115 938 1159 praestigia
964 1121 999 1148 et
1023 1127 1182 1148 commo-

188 1169 272 1196 vent
281 1162 327 1209 76)
345 1169 379 1196 et
396 1164 576 1204 detinent,
602 1166 756 1211 denique

270 1230 394 1267 Expleri
417 1231 536 1268 nequit,
565 1237 654 1269 atque
676 1232 775 1260 oculos
800 1241 856 1269 per
877 1232 991 1269 singula
1014 1231 1121 1268 volvit,

270 1280 470 1318 Miraturque,
498 1282 635 1319 interque
658 1291 761 1310 manus
785 1288 815 1310 et
837 1282 954 1310 brachia
977 1281 1137 1320 versat77).

185 1339 236 1374 lta
253 1346 286 1373 et
305 1352 367 1373 vos
382 1352 567 1385 nunquam
585 1341 726 1374 satietas
751 1347 811 1375 aut
835 1342 1016 1375 fastidium
1042 1341 1183 1386 legendi

186 1391 333 1425 Hesiodi
358 1391 491 1435 capiam
533 1394 594 1425 sed
628 1392 666 1425 in
697 1405 776 1425 eum
808 1392 948 1427 assidue
979 1393 1101 1426 oculos
1124 1394 1183 1426 de-

186 1443 301 1487 figite,
345 1454 468 1476 omnes
497 1442 594 1476 locos
629 1443 898 1487 diligentissime
932 1444 1103 1484 excutite,
1148 1450 1183 1477 et

186 1494 378 1528 sententias
395 1493 469 1527 eius
485 1493 585 1527 vobis
603 1493 651 1527 ita
666 1494 859 1528 familiares
874 1495 990 1534 facite,
1018 1502 1068 1535 ut,
1094 1507 1182 1540 quo-

187 1545 252 1579 ties
269 1545 387 1589 aliqua
412 1545 454 1577 de
480 1556 519 1577 re
544 1545 804 1586 deliberabssis,
839 1545 876 1578 in
902 1553 1057 1579 mentem
1081 1546 1182 1580 vobis

186 1597 245 1629 illa
281 1594 529 1628 honestissima
566 1604 754 1641 praecepta
791 1597 947 1631 veniant.
1026 1597 1180 1630 Multum

187 1648 293 1680 etiam
311 1658 427 1680 sermo
447 1653 560 1679 vester
576 1648 619 1680 ab
634 1648 695 1681 illo
715 1648 906 1681 transferat
927 1660 968 1682 ac
987 1655 1182 1682 mutuetur.

186 1698 260 1733 Nos
279 1698 423 1743 quidem
440 1704 614 1742 quantum
631 1699 668 1731 in
685 1697 751 1732 hac
776 1700 910 1743 ingenii
935 1706 1041 1745 atque
1065 1700 1182 1733 erudi-

187 1749 296 1782 tionis
314 1748 559 1782 mediocritate
578 1757 756 1794 praestare
776 1763 984 1795 possumus,
1018 1751 1183 1784 dabimus

190 1812 358 1844 operam,
398 1811 442 1832 ne
467 1812 571 1844 quem
597 1802 780 1845 poeniteat
803 1803 906 1836 nobis
932 1803 1182 1836 enarrantibus

189 1849 284 1884 hunc
301 1856 444 1895 poetam
463 1863 610 1895 operam
628 1852 775 1886 dedisse.
830 1852 924 1885 Dixi.

224 1984 271 2015 74)
292 1985 361 2009 Huic
385 1987 444 2009 loco
472 1986 497 2010 in
517 1987 601 2009 Eilitt.
621 1987 711 2010 1559..
743 1988 881 2013 1564.A..
912 1988 1002 2017 1570.‚
1032 1988 1106 2012 1587.
1134 1989 1183 2011 ad-

259 2020 363 2049 scripta
382 2024 423 2043 est
442 2024 507 2044 nota
525 2022 656 2051 margins
678 2023 768 2050 Quare
788 2023 823 2045 sit
843 2022 1005 2046 ediscendus
1020 2023 1166 2046 Hesiodus.

225 2077 272 2107 75)
292 2078 332 2101 De
354 2079 493 2103 Albi-eom.
513 2080 636 2111 Dure-ro,
669 2080 772 2109 pictore
793 2083 818 2103 et
838 2082 1036 2111 chalcographo
1056 2082 1183 2105 clarissi-

259 2118 303 2136 mo
330 2113 404 2137 1471.
429 2114 626 2142 Norimhergae
652 2116 733 2143 nato,
774 2115 848 2140 1528.
874 2117 979 2139 mortuo
1006 2117 1067 2140 vide
1093 2117 1124 2141 G.
1152 2118 1182 2141 K.

260 2147 385 2176 Nagler:
428 2149 517 2171 Neues
547 2149 727 2179 allgemeiues
754 2150 885 2173 Kiiustler
901 2163 915 2167 -
933 2151 1052 2174 Lexicon
1091 2152 1118 2174 T.
1141 2152 1181 2174 111.

260 2188 286 2210 p.
306 2181 467 2205 504—553.
495 2184 520 2204 et
546 2184 576 2206 K.
599 2184 624 2206 B.
646 2183 746 2206 sturk:
784 2184 913 2207 Albreclit
940 2185 1028 2208 Diti-er
1055 2192 1078 2209 ¹1.
1107 2186 1183 2208 seine

261 2214 339 2243 Zeit,
359 2215 385 2237 iu
400 2215 486 2239 libro:
508 2216 664 2241 Germania.
688 2217 735 2239 ilie
750 2217 994 2247 Vergangenheit‚
1014 2219 1182 2247 Gegenwai·t

262 2255 286 2271 n.
308 2249 430 2272 zukuust
456 2250 504 2273 der
530 2251 678 2273 deutschen
706 2250 812 2274 Sation.
856 2252 991 2280 Hei-ausg,
1018 2257 1070 2274 von
1096 2252 1183 2275 einem

261 2282 365 2305 Yet-ein
385 2289 437 2306 von
457 2284 601 2307 Frcundeu
622 2285 669 2307 des
691 2285 795 2307 YoHaes
818 2291 842 2309 u.
862 2285 1055 2309 Vaterlaiich.
1081 2286 1183 2316 Einge-

262 2316 338 2338 futu-t
357 2317 438 2339 durch
456 2319 541 2341 Ernst
556 2319 657 2341 floritz
672 2319 769 2343 A.rndt
791 2320 863 2342 Tom.
878 2320 897 2344 1
918 2320 1026 2348 (Leipz.
1048 2320 1121 2345 15-51.
1144 2320 1184 2350 8)

263 2356 287 2378 p.
303 2350 387 2372 6⁶25-
402 2351 459 2375 ⁴379.
482 2365 513 2369 —-
539 2353 577 2375 De
597 2354 651 2375 Iu
648 2358 670 2376 ·a
689 2353 831 2381 Cranaen
853 2353 955 2382 pictore
975 2356 1001 2376 et
1019 2354 1133 2380 chalem,
1126 2361 1164 2377 '¹1⁸1
1160 2368 1183 2377 ι-

264 2384 314 2412 pho
334 2385 448 2407 maxime
469 2386 539 2411 ἱιιςῐι-ι
544 2387 569 2409 ni
590 2388 663 2410 1⁴72.
685 2388 820 2410 (ι-οιιῑιιιῐιί
848 2388 874 2410 in
900 2394 934 2415 a·
928 2394 968 2411 io
986 2389 1121 2417 Bagimber
1125 2390 1183 2411 cusi
1208 2385 1210 2406 l

264 2421 343 2440 nato
367 2419 439 2442 1353.
460 2420 484 2444 d.
507 2421 543 2444 16,
566 2421 660 2444 Ocu-1).
681 2422 772 2445 uim?
767 2422 835 2445 ιιι-ἰιρ
855 2416 960 2445 mortuo
986 2423 1018 2445 l···
1013 2428 1063 2449 ¹.as
1081 2406 1139 2449 Na:
1144 2424 1167 2446 te
1172 2430 1183 2445 ι
1207 2409 1211 2446 l

264 2452 319 2475 1,1.
346 2454 475 2477 'romnt
501 2461 525 2483 p.
544 2455 697 2479 176—158.
723 2459 749 2479 et
775 2457 805 2479 (“’
799 2463 857 2481 ..irn
879 2457 962 2480 Sciiu
961 2458 1061 2480 liardt:
1095 2458 1116 2479 ¹.
1121 2464 1184 2480 uras

265 2486 389 2510 Cranaen
414 2488 461 2509 des
480 2488 593 2511 Aeltern
614 2490 649 2512 L:—
655 2491 702 2513 ben
730 2491 781 2513 und
803 2492 838 2514 w
844 2492 891 2513 erit
897 2497 919 2514 e.
958 2491 1031 2514 ,Nat-li
1058 2471 1183 2515 urkimdl.
1208 2516 1210 2521 Δ

266 2521 380 2549 Quellen
400 2522 488 2546 beart).
508 2521 617 2552 (Leipz.
640 2524 711 2548 1ῌ-51.
731 2525 772 2548 1‘2.
792 2524 867 2555 mai.)
895 2526 912 2549 2
930 2525 1017 2548 Partt.
1208 2524 1211 2555 1

232 2579 277 2610 76)
298 2582 484 2608 commovent]
508 2580 547 2604 sic
572 2582 653 2605 Editt.
676 2584 766 2609 1532..
803 2585 876 2608 1511.
891 2586 939 2615 A„
972 2586 1064 2613 1544..
1100 2587 1184 2613 1559..

268 2615 342 2638 1564.
363 2616 414 2638 A..
449 2615 539 2645 mo„
574 2616 665 2641 1551..
701 2619 789 2642 15³7..
821 2620 909 2649 1591.;
945 2619 1028 2644 Editt.
1051 2620 1124 2644 ¹541.
1144 2621 1184 2647 B.,

270 2648 344 2673 1541.
362 2649 408 2677 B.,
430 2649 522 2681 1557„
542 2649 632 2680 1562.,
655 2651 728 2676 1551.
746 2653 790 2682 1,.,
813 2653 885 2678 1569.
907 2656 1088 2679 commonent.

235 2705 281 2736 77)
303 2707 382 2737 virg.
401 2708 468 2731 Aen.
487 2709 561 2739 vul,
579 2709 637 2734 618.
656 2711 715 2734 619.

1070 110 1273 146 SCRIPTA
1306 110 1648 146 PHILOLOGICA.

2153 111 2227 147 184

1232 197 1336 231 Atia
1372 196 1611 231 Praefatio
1654 194 1702 227 in
1735 193 1982 229 Hesiodum
2017 194 2229 242 Philippi

1535 243 1925 293 Melanthonis⁷⁸).

1337 323 1444 368 Quod
1468 322 1505 354 in
1529 320 1697 355 Plautina
1724 321 1842 355 fabula
1872 319 1999 356 histrio
2033 319 2228 367 praefatur,

1234 373 1363 407 iustam
1383 386 1418 407 se
1434 385 1509 406 rem
1525 372 1647 405 venire
1666 378 1806 406 oratum
1825 379 1858 405 et
1873 372 2081 421 facilem'ffi),
2108 374 2143 407 id
2163 386 2227 418 ego

1234 425 1347 457 multo
1364 424 1494 457 rectius
1519 421 1586 456 hoc
1610 423 1647 455 in
1669 423 1749 455 loco
1773 435 1826 467 pr.
1819 423 1927 456 :iiefiri
1948 437 2113 473 possum,
2142 426 2229 459 dum

1234 487 1308 507 non
1325 481 1364 508 ut
1381 475 1439 507 ille
1456 474 1612 507 ioculare
1630 474 1843 507 adulterium
1870 474 1907 507 in
1928 487 2079 508 scenam
2094 468 2230 517 adiero,

1235 527 1294 559 sed
1328 524 1534 569 gravissimi
1560 524 1653 557 vitae
1678 532 1887 570 przziecepti,
1925 526 2099 571 quosdam
2122 528 2230 560 etiam

1235 577 1277 609 de
1297 582 1413 609 ιιειῐιιι·ι
1409 588 1423 608 ι
1441 588 1581 615 rerum,
1616 576 1658 608 de
1682 575 1838 609 siderum
1867 583 1947 610 ortu
1971 582 2005 610 et
2030 589 2156 611 occasu
2179 577 2232 610 lo-

1236 640 1305 661 cos.
1348 627 1500 660 Decrexi
1518 626 1612 659 enim
1624 625 1801 660 Hesiodi'
1788 628 1878 674 ἔργα
1893 625 1956 661 καὶ
1972 625 2110 674 ἥιιέρας
2128 639 2231 661 enar-

1234 690 1327 712 rare.
1380 677 1416 711 Id
1435 690 1498 722 ego
1519 689 1645 722 poema
1663 678 1824 733 postulo,
1849 683 1888 710 ut
1904 690 2044 712 summa
2069 690 2153 712 cura
2178 678 2231 713 di-

1235 729 1369 773 ligenti
1360 742 1451 774 ique
1487 728 1656 762 studeatis
1692 740 1916 772 cognoscere.
1994 729 2075 774 Qua
2109 729 2148 762 in
2179 742 2231 771 re,

1235 793 1342 825 quam
1362 779 1453 813 nihil
1471 780 1633 825 iniquum
1653 785 1714 813 aut
1736 780 1922 824 indignum
1946 780 2046 814 vobis
2059 806 2070 820 ‚
2103 786 2166 814 aut
2186 781 2231 814 ab

1236 831 1352 864 officio
1378 831 1533 864 alienum
1557 831 1734 875 flagitem,
1779 843 2000 877 quamquam
2021 831 2143 865 videre
2166 843 2230 866 vos

1235 894 1362 926 magna
1382 895 1423 916 ex
1439 888 1540 927 parte
1564 882 1781 923 existimem,
1815 894 1991 927 exponam
2016 888 2138 916 tamen
2160 882 2232 916 mei

1235 933 1374 967 consilii
1390 933 1581 968 rationem.
1634 932 1709 977 Ego
1729 946 1869 978 semper
1889 946 2036 978 operam
2062 934 2166 977 dedi,
2191 939 2233 967 ut

1236 997 1295 1018 eos
1311 991 1453 1019 autores
1480 985 1582 1019 vobis
1606 997 1868 1029 proponerem,
1905 985 1967 1031 qui
1988 981 2096 1019 simul
2118 991 2153 1026 et
2176 997 2232 1019 re-

1235 1049 1314 1069 rum
1332 1036 1515 1070 scientiam
1532 1036 1686 1076 alerent,
1715 1042 1749 1069 et
1766 1037 1809 1069 ad
1830 1037 2029 1081 parandam
2055 1035 2231 1071 sermonis

1236 1087 1375 1131 copiam
1392 1087 1588 1132 plurimum
1608 1087 1914 1135 conducerent⁸⁰).
1945 1087 2038 1122 Nam
2053 1085 2122 1121 hae
2139 1088 2231 1121 duae

1236 1144 1355 1182 partes
1387 1136 1599 1179 cohaerent,
1652 1145 1686 1172 et
1718 1139 1808 1172 sicut
1836 1138 2008 1182 Horatiiis
2025 1138 2072 1187 ⁸¹)
2102 1138 2232 1185 inquit,

1235 1189 1341 1222 amici
1358 1190 1614 1228 coniurarunt,
1641 1196 1681 1222 ut
1707 1189 1817 1222 altera
1841 1190 1986 1224 alterius
2011 1202 2078 1234 ope
2100 1196 2168 1224 stet
2192 1201 2233 1223 ac

1235 1239 1391 1276 nitatur..
1436 1240 1561 1286 Neque
1579 1240 1674 1273 enim
1690 1240 1780 1272 bene
1796 1240 1912 1273 dicere
1928 1235 2136 1287 quisquam,
2162 1239 2234 1274 nisi

1235 1298 1356 1336 pectus
1388 1292 1592 1335 cognitione
1625 1290 1844 1335 optimarum
1872 1295 1995 1324 rerum
2018 1292 2233 1339 instructum

1235 1341 1385 1383 habeat,
1412 1342 1559 1387 potest,
1582 1348 1615 1375 et
1629 1354 1751 1375 rerum
1776 1342 1922 1376 scientia
1947 1354 2075 1376 manca
2098 1348 2171 1384 est,
2202 1341 2234 1376 si

1235 1395 1356 1428 lumen
1383 1394 1556 1428 orationis
1580 1391 1750 1426 adbibere
1774 1405 1849 1426 non
1872 1393 2060 1438 possimus.
2126 1393 2174 1426 Et
2189 1399 2234 1427 .ut

1236 1447 1280 1478 ad
1300 1451 1393 1478 certa
1416 1445 1532 1478 sidera
1562 1451 1692 1477 nautae
1719 1457 1858 1478 cursum
1886 1457 2030 1478 omnem
2054 1443 2231 1489 dirigunt:

1235 1496 1282 1528 ita
1301 1497 1338 1528 in
1353 1493 1408 1529 his
1425 1496 1556 1530 nostris
1573 1495 1698 1530 studiis
1712 1493 1783 1529 huc
1799 1496 1918 1528 omnia
1936 1495 2121 1529 referenda
2138 1501 2232 1536 sunt,

1235 1554 1274 1581 ut
1293 1548 1337 1580 ad
1354 1547 1537 1580 scientiam
1556 1554 1649 1580 recte
1665 1548 1708 1580 de
1724 1547 1884 1580 moribus
1901 1548 2016 1592 deque
2028 1553 2159 1590 ,natura
2177 1558 2232 1580 re-

1235 1611 1315 1631 rum
1333 1598 1513 1632 iudicandi
1531 1605 1564 1632 et
1581 1598 1780 1642 explicandi
1795 1610 1851 1631 res
1867 1599 2070 1642 graviores,
2096 1597 2233 1631 medio-

1236 1662 1329 1683 crem
1350 1651 1529 1695 quandam
1548 1650 1751 1682 facultatem
1770 1649 1874 1683 nobis
1889 1661 2077 1694 paremus,
2106 1649 2234 1690 utilem

1234 1713 1320 1734 vero
1341 1701 1385 1733 ad
1404 1707 1596 1746 utrumqne
1611 1700 1807 1734 Hesiodum
1821 1727 1830 1741 ‚
1866 1706 2085 1746 quamquam
2110 1699 2233 1734 rustici

1236 1759 1397 1785 autorem
1417 1752 1583 1786 carminis
1599 1752 1842 1796 Quintilianus
1854 1751 1900 1797 s²)
1915 1764 1988 1785 esse
2004 1751 2186 1785 iudicavit.
2233 1756 2236 1757 ⁷

1336 1803 1443 1836 Prior
1460 1804 1577 1847 operis
1596 1815 1679 1843 pars
1702 1809 1776 1835 tota
1800 1800 1915 1843 ἠθικὴ
1937 1808 2009 1837 est,
2043 1802 2231 1830 confinem

1236 1853 1330 1884 vitae
1347 1866 1386 1884 ac
1412 1864 1553 1884 morum
1579 1851 1692 1893 leges,
1728 1849 1932 1893 profuturas
1957 1847 2059 1881 vobis
2080 1848 2127 1881 ad
2147 1859 2231 1881 con-

1236 1903 1459 1936 suetudinem
1478 1902 1593 1941 vitae‚
1628 1907 1663 1934 et
1684 1902 1729 1933 ad
1751 1899 1981 1933 iudicandum
2007 1900 2051 1932 de
2072 1910 2231 1934 commu-

1236 1954 1340 1987 nibus
1356 1952 1589 1987 humanitatis
1605 1951 1747 1989 officiis;
1774 1963 1859 1983 nam
1891 1951 1932 1983 de
1955 1945 2130 1994 religione
2155 1961 2231 1982 non

1236 2005 1327 2039 dico,
1397 2005 1503 2050 Quod
1532 2005 1561 2038 si
1584 2010 1750 2047 putamus
1775 2002 2111 2036 iurisconsultorum
2135 2013 2231 2034 com-

1237 2057 1431 2090 mentarios
1463 2062 1525 2089 aut
1555 2052 1853 2100 philosophorum
1888 2053 2146 2097 disputationes
2178 2052 2231 2084 di-

1236 2108 1382 2142 scendas
1401 2119 1493 2148 esse,
1519 2113 1559 2140 ut
1584 2107 1622 2138 in
1639 2105 1799 2138 civilibus
1816 2103 1968 2148 negotiis
1990 2103 2128 2138 facilius
2151 2115 2231 2148 per-

1270 2232 1317 2263 78)
1343 2231 1388 2254 Sic
1421 2231 1487 2253 haec
1524 2228 1661 2258 praefatio
1691 2230 1735 2251 est
1765 2227 1899 2256 inscripta
1932 2227 1958 2249 in
1984 2227 2230 2257 Editt.1541.13.,

1309 2267 1383 2290 1541.
1398 2266 1439 2293 Ε,
1462 2265 1536 2287 1564.
1550 2264 1591 2293 L.
1612 2263 1696 2290 1569.
1718 2262 1804 2288 1581..
1827 2262 1901 2284 1591.
1946 2262 1972 2284 in
1991 2262 2041 2285 Ed.
2057 2261 2147 2285 1557..
2167 2261 2231 2285 Atia

1304 2300 1442 2329 praefatio
1462 2299 1486 2321 iu
1507 2298 1672 2326 Hesiodium
1706 2296 1732 2319 in
1753 2278 1834 2318 Editt.
1857 2296 1929 2318 1541.
1944 2297 1993 2323 Α..,
2022 2296 2096 2319 1585.
2106 2312 2114 2326 ,
2144 2296 2229 2327 1601,

1306 2335 1395 2361 1615..
1416 2333 1502 2361 1623..
1523 2332 1588 2356 1662
1608 2333 1634 2354 ct
1653 2337 1673 2353 s.
1689 2336 1732 2354 a.:
1762 2330 1901 2353 Praelatio
1922 2330 1948 2352 iu
1970 2329 2134 2360 Hesiodum,
2162 2329 2230 2353 Phil.

1306 2367 1539 2393 Metaiiclitlioiiis;
1574 2367 1601 2388 in
1628 2365 1709 2388 Editt.
1731 2365 1824 2389 1544..
1854 2364 1946 2389 1559..
1974 2364 2114 2395 1564.Α,,
2144 2363 2229 2394 1570.,

1306 2403 1395 2427 1587.;
1424 2402 1453 2425 ln
1473 2401 1620 2424 Hesiodum
1640 2398 1775 2428 praefatio
1794 2398 1861 2422 plut.
1882 2398 2109 2424 Melanclitlionis.

1270 2454 1317 2485 79)
1336 2454 1425 2477 Plauti
1444 2452 1614 2481 Amphitruo.
1634 2450 1744 2474 Prnioz.
1762 2449 1820 2474 33.:

1306 2495 1369 2512 esse
1389 2490 1497 2511 oratum
1516 2492 1531 2509 a
1550 2486 1628 2509 vobis
1650 2485 1722 2508 voto.

1271 2539 1318 2571 80)
1338 2538 1407 2562 Huic
1425 2539 1485 2561 loco
1505 2537 1531 2559 in
1550 2536 1632 2559 Editt.
1656 2535 1740 2561 1559,
1762 2536 1787 2557 1:
1781 2533 1835 2558 6-4.
1851 2534 1893 2561 A,
1916 2533 2008 2564 1570„
2029 2533 2104 2560 1587.
2123 2533 2231 2558 adscri-

1307 2575 1354 2603 pta
1375 2575 1415 2595 est
1435 2574 1497 2595 nota
1516 2570 1646 2601 margum
1680 2570 1780 2594 Rei-uin
1805 2568 1919 2592 scientio.
1943 2569 1970 2591 et
1996 2569 2076 2598 copia
2094 2568 2230 2593 sermonis

1305 2607 1458 2632 coniuncta

1272 2658 1320 2690 81)
1340 2660 1435 2682 uorat.
1455 2664 1501 2681 ars
1521 2658 1592 2687 poet.
1613 2656 1672 2680 411.

1272 2711 1321 2738 82)
1342 2710 1453 2739 Quintil.
1474 2709 1574 2732 Institt.
1594 2708 1663 2731 orat.
1684 2707 1720 2737 V,
1744 2708 1782 2730 11.

1856 2448 1958 2471 iustam
1983 2454 2041 2471 rem
2070 2450 2098 2472 et
2122 2449 2232 2474 facilem
