2373 2980
196 102 266 137 743

252 188 331 220 Meu
351 186 467 219 anima
481 212 489 224 ‚
514 184 599 229 quid
617 183 755 215 dicam?

257 239 356 271 Ultra
377 236 650 269 admirationem

205 290 278 324 840
306 289 349 322 Et
367 289 457 321 ultra
476 299 582 332 quam
601 285 668 318 dici
688 291 823 329 potest,
849 283 934 318 hacc
953 285 1168 321 acciderunt.

256 343 311 375 01¹.
337 338 375 371 ln
397 339 574 383 reliquum
590 349 710 370 sumus
724 348 794 369 unzi
813 336 973 381 lienti50).

256 393 326 434 [ple.
348 389 566 434 lusperzit;mi
587 387 807 431 voluptatem
825 387 921 432 cepi,
947 401 967 421 o
984 389 1107 423 amice.

257 442 396 480 Metuo,
420 453 464 473 ne
482 452 522 472 ex
539 439 703 471 munibus
721 438 756 471 in
775 451 892 472 aerem

255 493 416 525 Volitans
433 490 593 524 elabaris.
639 491 671 523 (γ)
690 491 816 524 domus
834 503 851 524 a
874 491 1086 536 Cyclopibus
1105 503 1185 523 con-

611 541 772 587 ditaeffl),

206 594 279 628 845
305 596 336 626 t)
357 592 461 627 chara
483 593 609 637 patria,

258 646 379 678 Habeo
398 645 461 677 tibi
479 644 627 688 gratian»
647 656 711 687 pro
730 643 813 683 vita,

257 697 299 729 Et
317 708 380 741 pro
397 695 648 733 mitricatione,

257 748 301 781 lit
319 749 414 793 quod
430 744 517 780 mihi
534 748 678 779 fratrem
697 745 733 777 in
752 747 859 778 domo

256 799 442 837 Educasti‚
464 798 525 843 qni
545 803 595 831 est
613 809 730 829 meum
748 797 879 829 lumen.

209 850 282 884 850
327 852 385 885 Or.
427 850 565 883 Genera
589 848 731 893 quidem
758 847 851 879 beati
880 859 1020 887 sumus,
1060 847 1118 879 scd
1144 847 1187 879 ad

618 899 855 932 calamitatem

259 953 386 987 *Nostra
406 952 474 983 vita
495 956 576 983 nata
593 956 654 982 est.

257 1003 412 1047 [plnligo
424 1002 549 1035 misera
566 999 633 1033 hoc
649 1006 790 1044 experta
807 1012 896 1039 suin,
908 1000 1052 1044 quzmdo
1069 1010 1185 1031 ensem

256 1055 311 1087 Ad
327 1054 455 1087 collum
474 1052 592 1097 posuit
610 1049 696 1084 mihi

256 1106 365 1139 Miser
380 1110 493 1149 pater.

207 1156 280 1192 855
306 1159 363 1192 Or.
386 1156 484 1194 Heu,
507 1154 631 1186 videor
651 1164 725 1184 non
740 1162 905 1195 praesens
925 1156 957 1181 te
977 1151 1097 1184 videre
1115 1152 1174 1187 ibi.

254 1209 326 1252 lph.
351 1207 506 1252 Quando
522 1205 597 1239 sine
613 1201 813 1248 hymenaeo
826 1229 834 1242 ‚
858 1203 984 1242 frater,
1007 1201 1154 1237 Achillis

255 1259 294 1292 ln
313 1258 507 1292 tentorium
525 1257 691 1300 luporum

253 1310 534 1344 Fraudulenium
553 1307 714 1346 ducebat,

255 1362 302 1395 Et
321 1361 414 1394 circa
431 1372 529 1393 aram
549 1364 651 1392 erant

205 1414 278 1448 860
300 1411 522 1457 Lachrymae
539 1417 572 1443 et
589 1410 714 1443 luctus.

255 1467 314 1500 Or.
340 1464 418 1498 Heu
432 1464 571 1496 lavacra
584 1488 593 1502 ‚
617 1472 707 1506 quae
726 1458 775 1491 ibi
793 1464 906 1491 erant.

251 1517 324 1560 lph.
346 1515 587 1561 Deplorabam
606 1519 639 1545 et
655 1523 718 1554 ego
739 1509 942 1549 audaciam,
961 1519 1066 1555 quam
1084 1513 1184 1552 pater

609 1574 714 1596 ausus
730 1567 791 1601 est,

252 1616 439 1661 Indignam
454 1622 576 1660 patre,
602 1621 636 1647 et
651 1613 837 1656 indignum
855 1616 954 1654 patre

249 1668 378 1702 Fatum
394 1673 497 1701 nacta
514 1678 604 1700 sum.

202 1718 275 1754 865
298 1722 356 1754 Or.
380 1719 459 1752 Alia
482 1731 522 1752 ex
540 1717 617 1750 aliis
633 1719 842 1761 sequuntur.

232 1855 279 1884 50)
300 1853 348 1878 Or.
367 1853 422 1877 Cur
441 1863 473 1867 —
492 1849 575 1874 beati.
603 1847 658 1879 (vs.
677 1841 862 1874 eze—8420]
889 1842 929 1865 sie
948 1841 995 1865 Ed.
1019 1842 1109 1871 1562.;
1136 1843 1182 1867 Ed.

269 1888 362 1911 1558.:

302 1922 351 1947 Or.
371 1919 439 1948 Quid
458 1918 544 1946 enim,
563 1921 655 1940 comas
672 1916 734 1937 tuas
749 1911 829 1936 matri
849 1911 917 1934 <iaus
937 1912 1000 1934 tuae
1018 1907 1115 1934 feri-e?—

304 1955 365 1986 Iph.
385 1953 559 1978 Mouumeuta
577 1951 669 1980 utique
687 1954 736 1978 pro
755 1951 870 1975 corpore
890 1950 948 1967 ineo
968 1945 1121 1973 sepult-liro,

305 1991 352 2015 vr.
374 1990 448 2017 Quae
467 1992 533 2010 vero
552 1985 606 2008 vidi
627 1990 676 2014 ego
695 1983 770 2012 ipse,
790 1981 855 2003 haec
874 1980 958 2002 dicam
978 1979 1086 2002 indicia.

303 2023 411 2052 Pelopis
429 2021 565 2044 vetustam
584 2019 611 2042 in
630 2018 708 2041 domo
727 2016 833 2038 hastam
854 2013 952 2043 patris,

302 2058 388 2087 Quam
407 2055 531 2079 manibus
549 2053 662 2077 vibrans
681 2050 816 2080 virginem
835 2048 961 2072 Pisanam

303 2092 350 2115 sui
371 2090 440 2114 iuris
459 2089 524 2113 fecit
543 2085 764 2117 Hippodamiam,
785 2083 923 2107 Oenomao
942 2081 1044 2110 occiso,

300 2126 329 2150 In
348 2125 428 2149 cubili
445 2126 491 2147 tuo
509 2121 703 2146 absconditam.

302 2161 363 2190 ΙῙιΙι.
382 2159 404 2183 O
422 2156 602 2186 charissime,
621 2154 687 2178 nihil
706 2152 795 2181 aliud3
812 2149 992 2174 charissimus
1011 2150 1082 2174 enim
1102 2157 1140 2175 es,

302 2195 392 2218 Teneo
411 2194 455 2223 te,
475 2198 491 2216 o
512 2191 643 2219 Orestes,
663 2186 853 2212 charissimum

302 2230 324 2252 Α
344 2231 420 2252 terra
437 2225 538 2256 patria,

300 2264 340 2286 Ab
358 2261 458 2291 Argis,
478 2267 493 2284 0
514 2260 603 2283 chare.

301 2298 349 2322 Or.
371 2297 405 2319 Et
424 2300 473 2324 ego
490 2295 517 2316 te
536 2294 685 2320 mortuam,
705 2291 735 2313 ut
754 2288 934 2312 existimatur.

300 2331 469 2360 Lachrymae
488 2328 660 2356 lachrymae,
680 2326 706 2347 et
726 2324 813 2347 luctus
833 2328 891 2345 cum
911 2321 1020 2348 gaudio,

299 2366 371 2389 Tuas
391 2363 544 2387 humectant
562 2360 727 2390 palpebras,
746 2357 927 2385 similiterque
944 2361 1028 2379 meas.

301 2400 362 2431 ΙμΙι.
382 2399 460 2421 Hunc
479 2402 546 2420 sane
565 2394 696 2418 infantem
714 2391 813 2421 reliqui
830 2390 857 2414 in
876 2389 949 2413 ulnis

299 2434 426 2457 luvenem
446 2430 572 2459 nutricis,

298 2467 431 2491 Pusillum
450 2465 477 2488 in
496 2465 584 2488 domo.

299 2501 321 2525 Ο
341 2501 415 2524 ultra
434 2504 512 2530 quam
532 2496 621 2527 eloqui
641 2501 736 2525 queam
755 2494 846 2524 beate,

297 2535 320 2559 0
338 2535 427 2559 anime
445 2533 497 2565 mi,
517 2532 577 2563 quid
597 2527 707 2554 dicam?

295 2570 375 2593 Ultra
392 2568 472 2598 mira,

295 2605 330 2627 Et
348 2603 410 2633 plus
429 2607 508 2632 quam
526 2599 599 2630 loqui
618 2603 731 2629 queam,
750 2597 817 2619 liaeo
836 2594 995 2619 evenerunt.

296 2639 346 2663 Or.
363 2637 395 2660 ln
413 2636 553 2666 posterum
572 2633 668 2657 felices
684 2631 768 2655 simus
787 2629 858 2659 apud
876 2635 927 2652 nos
946 2628 1046 2651 mutuo.

227 2670 274 2703 51)
296 2672 317 2696 0
336 2671 432 2695 domus
453 2675 470 2693 a
489 2669 566 2698 Cycl.
582 2665 673 2698 cond]
696 2666 739 2689 his
766 2665 791 2688 in
810 2664 861 2688 Ed.
881 2662 955 2689 1562.
973 2660 1113 2691 adscripta
1131 2662 1174 2685 est

260 2707 325 2731 nota
342 2710 447 2736 marg:
467 2703 531 2733 quia
549 2702 687 2732 cyclopes
706 2698 920 2724 aedificaverunt
932 2695 1053 2727 Argivos
1073 2701 1174 2722 muros,

769 96 889 131 Plini.
927 97 1038 132 MEL.
1072 96 1273 131 SCRIPTA
1308 94 1642 130 PHILOLOGICA.

2145 97 2218 133 744

1288 181 1405 226 Quam
1421 182 1493 214 fere
1512 187 1611 214 tuum
1629 182 1776 214 fratrem
1796 181 2006 225 perdidisses

1288 233 1376 265 Fato
1397 232 1533 277 aliquo!

1290 285 1406 328 Quam
1425 281 1492 316 hoc
1509 283 1629 317 suisset
1645 289 1747 316 atrox
1763 282 1966 330 saeintis52)!

1290 335 1363 377 lplae.
1384 333 1529 366 Atrocia
1548 347 1632 368 ausu
1650 347 1726 368 snm
1740 362 1748 374 ‚
1775 333 1907 367 atrocia
1924 346 2005 368 ausa
2027 347 2117 373 sum,

1240 386 1313 418 870
1339 384 1372 417 Ο
1389 385 1509 418 frater.

1292 435 1409 480 Quam
1429 436 1485 468 vix
1502 435 1653 480 effugisti

1290 485 1461 520 Iniustain
1478 499 1619 527 necem,
1641 487 1729 520 meis

1290 536 1496 572 lnterfectus
1512 539 1690 572 manibus!
1714 538 1792 584 quis

1291 588 1376 623 Post
1393 587 1479 622 haec
1495 590 1574 623 finis
1590 589 1682 623 erit?

1243 638 1314 674 875
1340 639 1441 685 Quae
1458 641 1601 674 fortuna
1618 639 1707 674 mihi
1724 639 1915 673 concedet?

1292 691 1407 736 Quem
1425 698 1569 736 portum
1590 692 1769 725 inveniam
1795 691 1859 724 tibi

1292 742 1448 776 Rursum
1474 744 1517 775 ab
1536 741 1601 776 hac
1617 744 1704 776 urhe

1286 792 1333 826 Et
1348 794 1391 826 ab
1408 791 1473 826 hac
1491 806 1574 828 nece
1586 821 1595 835 ,
1620 800 1658 828 ut
1674 793 1853 827 remittam
1872 798 1904 824 te

1290 842 1331 876 ln
1347 845 1513 888 patriam,

1242 894 1314 927 880
1337 895 1551 941 Priusquam
1568 896 1660 929 ensis

1291 945 1445 990 Propter
1461 954 1559 980 tuum
1576 947 1785 991 sanguinem
1800 945 1992 988 stringatur
2001 942 2017 974 'x'

1290 995 1365 1028 Hoc
1382 1003 1482 1030 tuum
1501 1000 1586 1038 erit,
1612 1011 1632 1031 o
1650 998 1769 1038 miser,

1290 1046 1481 1091 Negotium
1498 1049 1670 1088 invenire,

1292 1097 1422 1131 Utrum
1440 1105 1532 1132 terra
1546 1127 1554 1140 ‚
1581 1112 1653 1132 non
1671 1099 1767 1139 navi,

1241 1146 1314 1181 885
1341 1149 1409 1182 Sed
1428 1152 1557 1194 pedum
1575 1151 1723 1194 impetu,

1289 1201 1478 1235 Adducens
1498 1203 1543 1235 ad
1559 1208 1711 1235 mortem

1290 1250 1468 1286 Barbarus
1485 1259 1618 1297 gentes,

1289 1301 1336 1334 Et
1354 1304 1485 1338 vadens
1502 1316 1566 1349 per
1582 1303 1677 1336 invia
1695 1302 1786 1341 loca,

1290 1352 1358 1385 Per
1376 1353 1519 1398 Cyanea

1239 1400 1312 1436 890
1331 1405 1491 1448 Angusta

1288 1454 1379 1488 Saxa
1392 1481 1401 1495 ‚
1426 1456 1572 1499 longum
1589 1455 1657 1488 iter

1287 1505 1357 1538 Per
1372 1507 1515 1540 navales
1529 1507 1603 1539 vias
1614 1505 1732 1538 facias.

1288 1556 1417 1590 Misera
1431 1584 1440 1597 ‚
1465 1558 1591 1591 misera
1602 1556 1632 1575 “²
1641 1556 1688 1602 ³)!

1269 1663 1317 1696 52)
1342 1665 1404 1696 ΙμΙι.
1429 1665 1602 1694 Insperatam
1620 1676 1651 1680 —
1671 1659 1793 1686 facinus!
1820 1659 1877 1690 (vs.
1894 1652 2080 1686 843—868.)]
2109 1654 2148 1678 sic
2171 1654 2219 1678 Ed.

1306 1699 1396 1731 1562.;
1415 1700 1464 1722 Ed.
1483 1699 1572 1723 1558.:

1339 1734 1402 1765 ΙμΙι.
1420 1733 1609 1757 Incredibilem
1627 1730 1795 1759 voluptatem
1814 1724 1922 1755 accepi,
1942 1730 1957 1748 o
1977 1723 2067 1747 chare.

1338 1770 1430 1792 Metuo
1451 1772 1534 1797 vero,
1554 1772 1586 1789 ex
1604 1765 1729 1788 manibus
1749 1768 1782 1786 ue
1800 1760 1865 1784 mihi
1882 1759 1918 1783 ad
1935 1757 2048 1782 aethera

1338 1802 1463 1825 Avolans
1483 1801 1615 1824 elabatur.
1652 1799 1674 1823 Ο
1691 1795 1831 1828 cyclopici
1848 1795 1932 1824 lares,

1340 1837 1362 1860 0
1382 1836 1473 1865 patria
1489 1836 1623 1865 Mycenae
1642 1833 1736 1862 chara,

1340 1871 1465 1894 Gratiani
1482 1870 1567 1892 liabeo
1586 1869 1620 1891 ol)
1638 1867 1733 1897 vitam,

1341 1905 1466 1928 Gratiam
1484 1905 1568 1927 habeo
1589 1903 1622 1926 ob
1640 1899 1808 1929 alimoniam,

1341 1939 1419 1968 Quod
1436 1938 1501 1962 milii
1518 1938 1588 1961 hunc
1605 1937 1723 1960 fratrem
1741 1933 1863 1958 domibus

1338 1973 1469 1997 Educasti
1486 1973 1582 1996 lucem.

1339 2009 1387 2032 Or.
1408 2008 1536 2037 „Genese
1555 2005 1661 2035 quidem
1680 2003 1751 2028 beati
1767 2007 1878 2031 sumus3
1896 1999 1931 2023 ad
1946 1996 2119 2023 calamitates
2137 2001 2216 2026 vero,

1341 2042 1363 2065 0
1383 2048 1480 2072 soror,
1499 2042 1598 2064 nostra
1615 2039 1709 2062 infelix
1728 2040 1771 2061 est
1789 2037 1856 2059 vita.

1338 2076 1399 2106 ΙμΙι.
1419 2077 1478 2106 Ego
1497 2075 1609 2103 infelix,
1628 2073 1693 2097 novi
1711 2071 1781 2103 quod
1800 2069 1919 2101 gladium

1338 2110 1446 2134 Cervici
1467 2109 1594 2140 apposuit
1610 2114 1686 2132 meae

1336 2145 1434 2168 Infelix
1471 2146 1540 2167 ater.

1337 2181 1385 2204 vr.
1402 2151 1492 2207 Ehepti,
1513 2178 1648 2208 imaginor
1663 2176 1750 2206 enim,
1764 2180 1817 2198 non
1830 2176 1980 2203 praeseus,
2000 2170 2027 2192 te
2039 2167 2135 2191 videre
2148 2166 2212 2191 illie.

1336 2213 1398 2243 1μ1ι.
1416 2214 1527 2241 Absque
1545 2212 1629 2236 rectis
1649 2210 1770 2241 nuptiis,
1795 2214 1810 2232 o
1829 2206 1864 2231 mi
1884 2209 2023 2237 germane,
2041 2201 2156 2227 Achillis

1334 2247 1375 2270 Ad
1394 2246 1514 2270 tentoria
1532 2252 1549 2270 a
1567 2246 1640 2276 lupis

1335 2281 1524 2304 Frauduleuta
1542 2281 1647 2310 quando
1666 2278 1791 2303 ducebar.

1333 2315 1375 2339 Ad
1393 2320 1470 2337 aram
1487 2321 1554 2339 vero
1574 2314 1654 2338 erant

1333 2349 1505 2379 Lachrymae
1524 2351 1551 2372 et
1568 2349 1668 2372 luctus.

1334 2385 1381 2409 ον.
1400 2384 1475 2406 Eheu
1492 2383 1624 2406 lotionum
1643 2386 1785 2405 sacrarum
1804 2384 1873 2410 quae
1892 2378 1951 2402 illic
1969 2375 2057 2400 erant.

1332 2418 1392 2448 ΙμΙι.
1410 2417 1560 2447 Deploravi
1579 2417 1661 2440 etiam
1675 2422 1724 2446 ego
1745 2415 1851 2444 scelus,
1873 2412 1943 2443 quod
1956 2416 2041 2435 ausus
2059 2407 2110 2431 fuit
2124 2409 2211 2438 pater.

1335 2453 1509 2482 Nequaquam
1528 2451 1695 2475 conveniens
1714 2450 1785 2480 patri
1816 2446 1835 2449 “

1332 2487 1430 2510 Fatum
1449 2486 1549 2510 sortita
1569 2492 1637 2509 suni.

1332 2522 1380 2546 Or.
1400 2520 1462 2544 Alia
1480 2527 1512 2544 ex
1531 2520 1593 2543 aliis
1611 2519 1749 2543 eveniunt.

1334 2555 1363 2578 si
1382 2556 1455 2578 tuum
1474 2555 1603 2586 fratrem,
1622 2559 1638 2578 0
1656 2554 1776 2583 misera,
1794 2549 1971 2582 perdidisses,

1330 2589 1381 2612 Dei
1399 2590 1510 2613 fortuna
1528 2588 1655 2619 alicuiuS,

1332 2624 1354 2647 Ο
1372 2624 1473 2647 misera
1493 2623 1570 2647 dirae
1587 2622 1727 2647 audaciae.

1260 2656 1327 2688 52a)
1348 2658 1464 2689 Misera,
1482 2656 1612 2690 miserat]
1638 2657 1707 2681 hunc
1726 2662 1766 2681 vs.
1785 2655 1813 2680 in
1831 2654 1880 2679 Ed.
1901 2652 1975 2678 156².
2001 2653 2147 2684 omissum,
2174 2656 2205 2675 ex

1296 2693 1344 2718 Ed.
1366 2693 1441 2718 1558.
1460 2692 1558 2717 addidi.
