2373 2980
169 91 241 124 987
747 79 869 114 PHIL.
906 79 1019 113 MEL.
1052 78 1253 113 SCRIPTA
1280 76 1615 112 PfflLoLoGch.
2127 77 2202 113 988

227 177 258 210 T
255 175 356 208 laeocl.
383 171 417 206 O
434 171 497 204 filii
514 170 630 202 Ledae
648 174 681 201 et
698 167 789 201 Iovis
801 193 810 207 ,
837 166 994 211 priorem
1265 164 1450 203 Animum,
1471 163 1585 209 qualis
1602 173 1676 194 non
1693 161 1784 194 inest
1798 161 1835 194 in
1852 161 1970 195 multis
1987 162 2205 196 mulieribus.

224 224 498 260 Contentionem
517 223 558 253 de
576 226 692 253 vestra
711 230 835 253 sorore
851 219 1031 251 remittam
1043 244 1052 256 ‚
1270 218 1364 252 ler.
1392 215 1558 255 „Multae
1574 219 1658 247 sunt
1671 213 1808 246 formae
1822 213 2026 247 divinorum
2044 226 2206 258 operum,

223 278 266 311 Et
302 287 417 309 meam
454 283 614 306 sororem
651 283 723 303 non
756 270 838 302 volo
875 269 1027 313 amplius
1055 268 1164 301 inter·
1217 265 1316 302 1705
1345 294 1366 306 „
1377 266 1437 299 Dii
1451 266 1560 299 multa
1577 269 1717 309 praeter
1734 276 1831 308 spem
1849 264 2053 309 perficiunt;

590 324 704 356 ficere.
1268 318 1343 358 „Et
1361 330 1452 363 quae
1473 317 1638 349 videntur
1648 316 1670 355 ,”
1684 327 1759 348 non
1776 315 1955 349 eveniunt.

224 378 286 412 Illa
306 383 362 409 eat
378 378 526 409 domum
539 401 547 413 ,
573 374 603 407 si
621 373 697 407 Diis
716 373 846 416 placet:
1190 371 1191 412 Ῐ
1270 370 1379 409 „Non
1397 374 1621 413 speratorum
1639 366 1776 399 invenit
1792 366 1888 400 Deus
1905 367 1998 400 viam
2010 367 2067 410 ⁸¹).

176 431 274 466 1700
299 428 430 462 Scitote
446 437 509 459 vos
529 425 686 469 optimae
704 423 809 457 simul
827 428 860 455 et
876 421 1089 455 castissimae
1191 432 1192 446 ἱ
1268 421 1324 454 Sic
1341 420 1423 453 exiit
1439 418 1506 452 hoc
1525 418 1720 461 negotium.

1191 451 1193 494 h

221 479 362 515 sororis
381 490 453 512 esse
473 477 620 514 fratres;
1191 495 1193 516 Ι
1219 500 1223 501 ⁷

226 531 271 565 Et
290 531 402 563 valete
417 535 565 573 propter
580 539 791 571 generosum
806 525 960 559 Helenae
1191 518 1193 536 ³
1251 535 1300 562 ει)
1320 534 1350 556 u.
1371 534 1389 558 1.
1409 534 1436 556 in
1455 532 1539 556 mitt.
1560 533 1652 561 1558„
1675 533 1748 557 1562.
1768 534 1834 556 nota
1852 537 1955 561 marg:
1982 531 2111 555 varietas
2130 530 2187 556 fati.
