2373 2980
106 81 205 117 1013

312 161 430 211 [Ιοη,
457 164 653 205 Xuthus,
685 162 881 211 chorum]

99 216 176 252 510
200 219 273 251 Ion.
298 215 507 255 Ministrae,
534 226 626 260 quae
645 214 737 248 circa
752 215 866 250 basim
884 215 1010 260 templi

150 267 338 302 Fumantis
364 266 563 301 observatis
585 267 733 301 domum
761 265 953 301 habentem
979 273 1093 301 custo-

515 318 624 358 diam,

148 369 355 415 Reliquitne
383 369 455 402 iam
479 380 616 403 sacram
645 370 825 414 tripodem
851 376 885 404 et
909 369 1094 403 oraculum

145 419 311 455 Xuthus'?
347 433 393 454 an
417 427 539 454 manet
562 421 599 453 in
636 421 765 455 sacello
801 422 1029 466 interrogans
1051 422 1094 454 de

511 472 664 505 orbitate
677 472 693 505 ?

149 526 246 560 Ghor.
270 523 369 558 Intus
386 530 449 564 est,
465 525 629 557 nondum
647 536 804 568 egressus
823 522 916 557 hanc
932 526 1093 565 domum,

96 574 170 610 515
180 576 255 610 vSed
266 582 437 621 tanquam
449 575 519 608 iani
530 576 746 620 egrediatur,
762 573 891 609 harum
903 583 1092 621 portarum

514 627 680 661 audimus

414 685 600 712 exeuntem
638 679 710 711 iam
743 678 932 712 dominum
969 677 1091 711 videre

510 731 603 764 licet.

147 783 255 816 Xuth.
274 781 308 814 O
323 781 384 821 fili,
401 781 516 820 salx·e;
532 793 618 814 nam
634 779 703 814 hoc
718 780 904 814 exordium
919 780 1090 826 loquendi

508 831 598 866 mihi
615 831 792 865 convenit.

146 886 219 918 Ion.
252 883 348 917 Salvi
372 897 512 925 sumus,
545 891 579 918 et
603 891 642 917 tu
665 894 771 917 sanus
797 883 863 923 sis,
888 890 922 917 et
946 883 1089 929 utrique

512 935 615 969 nobis
632 935 723 968 bene
740 934 797 968 sit.

145 987 255 1021 Xutk.
291 985 346 1019 Da
376 999 503 1020 manus
524 993 606 1020 tuae
628 983 718 1018 mihi
746 985 906 1019 osculum
934 992 968 1018 et
992 998 1089 1018 com-

509 1038 653 1082 plexum
670 1036 851 1081 corporis:

95 1087 171 1125 520
215 1092 288 1123 Ion.
324 1088 486 1123 Sanusne
511 1102 566 1130 es,
599 1095 661 1123 aut
685 1088 791 1121 vertit
814 1094 846 1121 te
872 1088 909 1121 in
928 1089 1086 1122 furorem

506 1141 626 1187 aliqua
645 1139 714 1172 Dei
729 1138 849 1173 noxa?

145 1193 254 1226 Xuth.
297 1191 412 1226 Sanus
442 1204 519 1226 sum
531 1219 540 1232 ‚
577 1190 784 1225 charissima
822 1191 1027 1228 inveniens,
1060 1191 1088 1224 si

506 1243 618 1286 sugis,
646 1241 935 1288 consequar⁶²³).

145 1295 218 1327 Ion.
243 1292 394 1333 Desine,
416 1305 460 1326 ne
480 1300 675 1327 contrectes
687 1319 695 1333 ‚
721 1299 755 1326 et
771 1300 939 1328 ornatum
956 1293 1026 1327 Dei
1044 1305 1088 1326 ne

509 1357 621 1378 manu
644 1356 802 1389 rumpas.

145 1397 254 1430 Xuth.
282 1395 485 1440 Attingam,
508 1408 626 1442 neque
644 1396 772 1440 pignus
789 1396 912 1441 capio;
940 1396 1087 1429 invenio

406 1447 520 1488 enim,
539 1448 636 1493 quod
652 1445 741 1480 mihi
760 1454 811 1482 est
825 1446 1088 1481 charissimum.

147 1500 219 1532 lon.
243 1497 327 1532 Non
345 1499 507 1540 omittes,
531 1499 745 1545 priusquam
761 1511 847 1533 arcu
864 1499 990 1532 feriam
1010 1499 1089 1544 pul-

511 1563 636 1585 mones
654 1557 746 1584 tuos.

94 1598 169 1635 525
212 1602 320 1635 inh.
357 1601 479 1647 Quare
501 1602 593 1646 fugis
616 1614 691 1642 me,
728 1614 808 1635 cum
832 1612 1002 1646 agnoscas
1027 1607 1088 1634 tua

509 1652 743 1687 charissima?

146 1705 218 1736 Ιοη.
246 1703 368 1738 Debeo
381 1705 428 1752 ⁶3)
446 1707 490 1739 ad
505 1705 695 1739 sanitatem
713 1715 883 1737 revocare
899 1703 1039 1748 ineptos
1057 1710 1090 1736 et

508 1757 653 1792 insanos
669 1754 828 1800 hospites
836 1754 895 1801 6ζ’).

147 678 343 723 Strepitum
355 692 361 711 z

201 1839 223 1863 Ο
242 1839 326 1861 Panis
345 1840 459 1868 sedilia,
480 1842 507 1862 et

196 1873 388 1903 Frequentata
405 1874 494 1902 petra,

200 1907 336 1930 Secessus
356 1907 448 1937 longis
468 1907 566 1937 epulis,

198 1941 250 1966 Ubi
269 1942 386 1965 choreas
406 1942 509 1964 ducunt
528 1941 640 1971 pedibus

199 1976 307 2000 Rustici
324 1977 461 2006 nymphae
479 1976 614 2006 triplices,

199 2010 254 2034 Per
272 2010 373 2033 viridia
391 2010 480 2033 stadia
498 2012 564 2034 ante
583 2009 705 2034 Palladis
724 2009 826 2039 templa

199 2044 370 2068 Fistutarum
391 2045 444 2068 suh
463 2045 543 2068 varia

199 2079 409 2103 Vociferatione
428 2080 602 2109 hymnorum.

201 2114 315 2143 Quando
335 2114 362 2136 in
382 2114 445 2137 aula
463 2114 532 2137 tibia
550 2114 638 2142 canis,

202 2149 224 2173 Ο
243 2148 317 2175 Pau,
338 2148 392 2171 tuis
411 2148 473 2171 istis
492 2149 517 2171 in
538 2148 639 2173 antris.

199 2183 249 2206 Ubi
269 2183 380 2212 periens
398 2183 530 2213 quaedam

201 2218 308 2248 Virgo,
329 2223 345 2241 o
368 2218 488 2248 misera,
507 2218 640 2241 infantem
660 2216 769 2240 Phoebo

201 2252 368 2276 Volucribus
387 2252 516 2282 exposuit
535 2252 653 2282 epulum.

202 2288 238 2310 Et
257 2286 326 2310 feris
345 2288 485 2311 cruentam

202 2322 338 2351 Coenam,
357 2322 476 2345 tristium
496 2321 651 2351 nuptiarum

204 2356 321 2385 Propter
340 2355 482 2380 iniuriam.
504 2362 589 2385 neque
609 2356 643 2378 ad
663 2355 762 2378 telam.
784 2359 870 2384 neque
889 2352 969 2376 dictis

202 2391 314 2414 Famam
332 2391 427 2414 audivi
446 2391 583 2413 fortunam
602 2389 741 2419 consequi.

201 2426 224 2448 A
244 2424 303 2448 Diis
325 2425 424 2448 dautur
442 2424 521 2448 liberi
539 2424 711 2447 mortalibus.

133 2458 198 2490 aaa)
219 2459 244 2483 si
263 2459 352 2490 fugis,
372 2457 548 2489 consequar]
568 2459 608 2482 sic
626 2458 710 2481 Editt.
727 2457 812 2487 1558,
833 2456 907 2479 ¹562.
928 2454 992 2486 (Ed.
1009 2453 1089 2477 Basit.

170 2494 244 2518 1551.
264 2493 288 2518 εἰ
306 2494 409 2525 φυγεῖν
427 2491 582 2525 ἐφίεμαι.);
601 2493 683 2517 Editt.
698 2493 801 2515 recent.
821 2491 846 2515 εἰ
864 2489 956 2522 φιλεῖν
969 2487 1091 2520 ἐφίεμαι.

169 2541 201 2546 -
220 2529 299 2552 ΕἰΧ.;
320 2529 345 2551 si
363 2528 442 2558 cupio
462 2527 628 2551 deosculari.

133 2563 182 2591 63)
202 2562 305 2594 Debeo]
334 2563 375 2586 sic
396 2562 479 2586 Editt.
501 2562 596 2591 1558.,
624 2561 698 2585 1562.
725 2560 772 2591 (=
792 2560 876 2583 Editt.
899 2558 984 2582 BasiI.
1008 2558 1092 2587 ¹551„

168 2599 274 2627 Musgr.
298 2596 447 2629 Ὀφείλως
486 2597 565 2619 Bai-n¹
577 2612 584 2626 ,

171 2630 290 2662 (Musgr.
309 2632 336 2655 in
355 2632 487 2661 iuterpn:
508 2630 578 2659 Quia
595 2629 679 2658 amo).

136 2665 183 2695 64)
211 2665 271 2689 lon.
296 2666 443 2690 Ministrae
463 2679 494 2683 -
514 2660 661 2694 hospites?
688 2662 742 2694 (vs.
761 2660 947 2694 510—526.)]
979 2662 1020 2685 sic
1045 2661 1093 2684 Ed.

174 2699 265 2728 1562.;
284 2701 333 2723 Ed.
350 2701 441 2724 1553:

621 75 744 112 LXXI.
797 75 1199 115 INTERPRETATIO
1226 76 1351 113 10le
1376 76 1627 113 EURIPIDIS.

619 2595 677 2620 Fix.
710 2593 747 2618 Οὐ
775 2593 848 2626 φιλῶ
876 2606 908 2610 -
936 2593 995 2616 Non
1032 2597 1092 2614 amo
1118 2603 1120 2626 ξ

1118 2629 1122 2695 ἴ

2051 91 2149 126 1014

1203 166 1312 200 Xutk.
1348 163 1510 198 Interfice
1529 171 1563 198 et
1580 164 1746 205 incende;
1776 169 1888 212 patris
1904 170 1999 204 enim
2016 174 2090 215 tui,
2117 177 2146 211 si

1572 216 1762 259 occideris,
1788 220 1856 254 eris
1875 221 2093 260 interfector,

1202 269 1275 301 Ιοη.
1302 266 1496 312 Quomodo
1513 274 1551 301 tu
1567 266 1655 300 mihi
1673 275 1774 312 pater
1791 271 1848 305 es?
1873 270 1941 307 hoc
1963 273 2073 319 igitur
2098 290 2143 312 an

1563 330 1637 351 non
1656 321 1845 356 ridendum
1863 322 1952 358 mihi
1970 327 2119 362 auditu?

1199 371 1308 403 ,Xuiln
1358 368 1487 403 Nonne
1516 370 1619 403 velox
1642 372 1758 406 oratio
1785 376 1917 418 poterit
1942 377 2140 422 significare

1563 433 1660 456 meas
1677 423 1758 457 res?

1148 469 1223 504 530
1250 473 1322 504 lon.
1349 470 1395 504 Et
1412 472 1497 517 quid
1513 472 1673 507 dicturus
1687 474 1748 508 es?

1197 523 1308 556 Xuilz.
1331 521 1409 566 Ego
1427 535 1505 556 sum
1524 530 1604 557 tuus
1623 532 1744 568 pater,
1768 532 1801 559 et
1819 533 1858 560 tu
1873 540 1973 565 meus
1991 531 2094 567 filius.

1199 576 1271 607 Ion.
1298 573 1387 618 Quis
1404 573 1492 606 dixit
1509 571 1621 607 haec?

1228 625 1306 658 'urla
1331 623 1462 669 Apollo
1474 652 1482 665 ‚
1507 625 1568 670 qui
1583 632 1616 658 te
1632 626 1721 660 aluit
1737 640 1857 662 meum
1878 631 2096 669 existentem.

1196 679 1268 710 Ion.
1293 675 1389 709 Dicis
1407 676 1472 709 tibi
1490 675 1557 720 ipsi
1573 677 1844 712 testimonium?

1195 728 1306 762 (suth.
1327 727 1417 760 Dico
1434 728 1492 760 illa
1510 728 1653 771 cognito
1671 728 1740 761 Dei
1761 732 1919 767 oraculo.

1197 782 1269 812 Ion.
1298 778 1477 823 Deceptus
1497 791 1532 812 es
1550 779 1673 812 audito
1693 780 1906 825 aenigmate.

1195 831 1304 865 Xuth.
1328 831 1386 864 An
1404 842 1479 863 non
1495 836 1590 863 recte
1611 831 1840 866 audivimus?

1195 884 1268 915 Ion.
1294 881 1384 927 Quis
1397 882 1464 915 fuit
1479 894 1596 916 sermo
1613 880 1776 916 Phoebi?

1194 934 1303 968 Xuth.
1329 933 1421 967 Eum
1434 960 1442 974 ‚
1471 933 1533 979 qui
1553 933 1695 967 obviam
1713 932 1803 967 mihi
1819 935 1986 978 venisset,
2002 957 2054 965 —

1144 982 1218 1018 535
1243 987 1317 1018 Ion.
1342 984 1382 1016 In
1399 984 1471 1029 q'uo
1492 984 1665 1017 occursu?

1193 1036 1303 1070 Xuth.
1330 1033 1421 1067 Mihi
1439 1034 1635 1079 egredienti
1652 1047 1693 1067 ex
1709 1032 1764 1069 his
1781 1036 1941 1078 aedibus,
1961 1057 2011 1064 —

1194 1089 1266 1121 Ion.
1292 1086 1389 1131 Quid
1402 1087 1564 1120 futurum
1575 1113 1584 1126 ,
1608 1092 1649 1119 ut
1664 1086 1715 1118 illi
1734 1087 1895 1122 accidat?

1192 1139 1302 1172 th.
1330 1138 1451 1171 Meum
1467 1149 1540 1171 esse
1557 1137 1682 1171 filium.

1192 1192 1265 1223 Ion.
1291 1188 1345 1222 Ex
1362 1195 1395 1222 te
1410 1195 1535 1223 natum
1556 1194 1618 1222 aut
1636 1189 1872 1233 adoptivum?

1191 1242 1299 1275 Xuth.
1322 1240 1489 1281 Donum,
1511 1247 1544 1273 et
1563 1247 1684 1273 tamen
1699 1247 1823 1274 natum
1844 1254 1884 1275 ex
1900 1253 1969 1276 me.

1194 1294 1267 1326 lon.
1284 1291 1449 1326 Primum
1467 1303 1550 1336 ergo
1562 1290 1652 1325 mihi
1668 1292 1854 1337 coniungis
1864 1294 1990 1338 pedem
2009 1295 2136 1331 tuum?

1192 1345 1302 1378 Xuth.
1325 1343 1408 1378 Non
1425 1344 1549 1383 alteri,
1575 1355 1595 1376 o
1613 1343 1674 1376 fili.

1192 1397 1265 1428 Ιοη.
1290 1395 1396 1428 Unde
1414 1395 1512 1428 venit
1530 1392 1617 1427 haec
1634 1393 1805 1428 fortuna?

1193 1448 1302 1481 ᾸίιΐῘι.
1326 1447 1486 1492 Uterque
1505 1446 1681 1479 miramur
1697 1446 1846 1478 eandem
1865 1457 1940 1478 rem
1949 1445 2008 1491 65).

1246 1595 1307 1622 Ion.
1341 1597 1363 1621 O
1390 1596 1508 1620 ancillae
1532 1595 1680 1625 mulieres,
1713 1600 1782 1626 quae
1807 1595 1903 1618 harum
1933 1594 2007 1620 circa
2032 1596 2140 1628 pulpita

1557 1630 1700 1654 domorum

1248 1668 1394 1689 sacrarum
1416 1664 1566 1688 stationem
1585 1666 1727 1688 habentem
1747 1663 1886 1687 dominum
1906 1664 2066 1693 expectatis.

1248 1701 1366 1730 Reliquit
1385 1700 1437 1723 iam
1456 1704 1565 1722 sacrum
1584 1699 1717 1728 tripodem
1741 1701 1768 1721 et
1788 1698 1874 1721 locum
1893 1699 2064 1723 vaticinandi

1248 1731 1379 1758 Xuthus?
1404 1736 1451 1757 aut
1472 1733 1547 1756 intus
1567 1734 1674 1781 manet,
1703 1738 1821 1763 querens
1842 1732 1875 1755 de
1894 1733 2014 1757 orbitate
2032 1734 2136 1757 libero—

1559 1774 1618 1791 rum
1632 1780 1640 1791 ,v

1249 1804 1333 1827 chor.
1362 1803 1437 1826 lutus
1458 1803 1520 1833 est,
1545 1808 1560 1825 ο
1581 1803 1700 1831 hospes,
1727 1801 1845 1824 nondum
1871 1800 1978 1824 domum
2004 1807 2136 1832 egressus

1555 1837 1633 1861 hanc.

1250 1871 1389 1900 Tanquam
1416 1876 1483 1892 vero
1511 1870 1539 1892 in
1559 1871 1632 1892 exitu
1653 1868 1790 1892 existente
1809 1869 1903 1891 harum
1922 1869 2050 1893 audimus
2071 1876 2136 1900 por-

1557 1905 1646 1927 tarum

1249 1939 1389 1965 sonitum:
1410 1938 1554 1961 exeuntem
1573 1938 1625 1961 iam
1645 1937 1782 1961 dominum
1802 1937 1897 1961 videre
1916 1938 1990 1961 lieet.

1249 1974 1338 1998 Xuth.
1359 1973 1381 1997 Ο
1401 1973 1456 2003 fiii,
1477 1974 1573 2001 salve;
1593 1973 1642 1996 hoc
1662 1973 1733 1996 enim
1752 1972 1893 1996 exordium
1912 1972 2049 1996 sermonis
2069 1979 2135 1997 con—

1555 2007 1631 2030 venit
1651 2007 1722 2030 mihi.

1250 2042 1311 2066 Ῐοη,
1339 2041 1415 2065 salvi
1437 2048 1546 2073 snmus;
1571 2043 1600 2064 tu
1619 2047 1686 2065 vero
1707 2041 1746 2064 sis
1765 2047 1866 2069 saum,
1895 2042 1923 2064 et
1941 2041 1993 2064 duo
2013 2040 2135 2065 existen-

1564 2077 1623 2104 tes,
1644 2077 1711 2099 bene
1729 2076 1885 2100 habeamus,

1250 2110 1339 2135 Xuth.
1366 2111 1407 2134 Da
1425 2116 1523 2134 manus
1541 2110 1605 2133 mihi
1623 2110 1746 2133 osculum
1766 2112 1844 2139 tuae,
1872 2110 1899 2133 et
1925 2108 2050 2139 corporis
2074 2115 2134 2133 am—

1560 2145 1666 2174 plexus.

1249 2180 1309 2204 Ιοη.
1343 2180 1470 2203 Sanusne
1495 2175 1548 2203 es?
1574 2180 1622 2202 aut
1646 2180 1674 2201 te
1697 2178 1821 2202 insanire
1845 2177 1910 2201 fecit
1928 2177 1978 2201 Dei
2003 2178 2135 2208 quaedam

1560 2218 1650 2239 noxa,
1670 2218 1685 2236 ο
1704 2211 1826 2243 hospes?

1249 2248 1340 2272 Xuth.
1373 2250 1462 2272 Sanus
1483 2254 1558 2276 sum,
1583 2247 1749 2271 charissima
1766 2248 1881 2276 nactus,
1906 2244 1931 2268 si
1949 2245 2039 2276 fugis,
2067 2252 2134 2270 con-

1556 2287 1666 2311 sequar.

1251 2317 1308 2341 lon.
1335 2316 1466 2345 Quiesce,
1487 2322 1521 2338 ue
1538 2317 1692 2338 attrectans
1712 2313 1763 2337 Dei

1247 2351 1450 2375 coronamenta
1469 2350 1585 2378 frangas
1604 2354 1693 2371 manu.

1249 2385 1339 2410 Xutlz.
1366 2384 1523 2414 Attingam,
1544 2389 1630 2412 neque
1651 2382 1749 2411 pignus
1768 2381 1860 2411 capi03
1886 2382 1956 2412 quod
1976 2383 2039 2406 mihi
2063 2384 2133 2407 enim

1559 2417 1688 2445 invenio,
1706 2416 1817 2439 charum
1835 2417 1887 2440 est.

1248 2453 1310 2477 lon.
1337 2453 1395 2476 Non
1417 2450 1554 2479 discedis,
1580 2453 1726 2480 antequam
1745 2451 1819 2473 intra
1837 2451 1970 2480 sagittam
1989 2451 2131 2480 pulmones

1555 2485 1612 2508 acci
1634 2485 1682 2508 ias.

1250 2521 1339 2546 Xuth.
1368 2521 1404 2544 Ut
1422 2519 1487 2550 quid
1511 2519 1563 2543 iarn
1587 2492 1662 2570 fug-2⁵⁵
1683 2525 1739 2545 me.
1763 2519 1811 2542 tua
1835 2524 2006 2549 cognoscens
2026 2519 2133 2543 charis-

1554 2559 1642 2577 sima.

1254 2591 1312 2614 lon.
1345 2589 1436 2613 Debeo
1462 2589 1496 2613 ad
1521 2588 1639 2612 animum
1666 2588 1801 2611 reducere
1831 2587 1939 2616 ineptos
1963 2589 1991 2609 et
2022 2587 2133 2610 insanos

1565 2623 1696 2652 hospites.

1181 2661 1228 2686 65)
1262 2659 1353 2683 Xuth.
1378 2658 1504 2682 lutei-fiee
1528 2668 1563 2674 ·-—
1588 2657 1702 2680 eandem
1725 2662 1790 2680 rem.
1818 2654 1857 2686 (v.
1876 2652 2064 2685 527—539.)]
2095 2655 2132 2678 sic

1218 2695 1267 2719 Ed.
1283 2693 1377 2723 ¹562.;
1396 2693 1444 2716 Ed.
1461 2692 1552 2716 1558:

1547 2722 1626 2758 64*
