2373 2980
182 94 248 127 731

228 179 299 221 Isth.
328 176 460 216 „falsa
478 175 616 209 somnia
640 174 770 213 valete;
799 173 888 208 nihil
905 177 998 210 enirn
1019 176 1116 211 estis:

178 231 251 264 570
280 228 381 268 „Nec
401 226 515 271 genii,
543 225 605 271 qui
621 232 794 259 vocantur
809 228 1006 270 sapientes,

230 308 249 320 ‚,
261 279 379 312 Minus
393 284 475 311 sunt
490 277 676 310 mendaces
692 277 850 311 somniis.

229 331 390 373 „Magna
407 328 566 361 confusio
584 334 635 360 est
654 327 690 359 in
709 328 814 361 rebus
831 328 961 363 (livinis

229 410 248 420 ,,
261 381 304 414 Ε(
322 378 504 416 humanis;
531 376 600 411 lioc
614 390 725 411 unum
744 379 920 425 reliquum
942 387 1012 421 est,

227 432 332 478 Quod
350 443 424 463 non
442 430 568 464 stultus
586 428 735 462 existens
751 430 853 469 filius,
879 434 937 467 sed
956 438 1075 465 vatum
1095 443 1171 464 ver·
1196 467 1198 477 ,

585 480 637 513 bis
654 492 842 523 persuasus

178 533 250 569 575
278 531 409 571 Periit,
437 531 464 565 si
482 531 606 565 saltem
624 531 730 575 periit
747 532 816 566 ille.

230 586 328 619 Char.
357 582 435 615 Heu
453 580 540 622 lieu,
569 582 654 627 quid
673 594 737 616 nos
755 590 787 616 et
805 584 918 618 nostri
936 591 1120 629 parentes,

228 664 248 675 „
260 636 353 670 Num
386 640 486 674 sunt,
527 645 573 666 an
605 645 679 666 non
711 634 817 668 sunt?
866 635 945 681 quis
979 641 1085 681 queat
1120 634 1171 667 di-

588 696 665 717 cere
677 683 749 731 ⁴²⁵)?

227 739 299 781 Iplt.
328 736 478 776 Audite,
505 735 532 770 si
554 735 696 781 quidem
723 736 884 770 venimus
908 737 946 769 in
972 735 1039 769 hoc
1065 736 1171 769 collo-

589 799 712 832 quium
725 814 734 827 ‚

231 840 275 873 Et
292 838 452 872 venimus
473 838 514 870 ad
534 838 726 882 quiddam,
762 838 857 882 quod
885 838 951 871 erit
979 839 1078 872 vobis
1104 838 1170 871 uti-

524 889 591 922 lius
603 915 610 929 ,
639 895 672 921 et
690 890 784 934 quod
804 888 982 932 accipietis
999 889 1171 925 studiose3

181 943 255 978 580
283 941 327 974 Et
344 941 440 986 quod
457 941 500 972 ad
517 952 572 972 nie
589 939 733 979 attinet,
761 946 853 972 recte
871 940 949 980 fiet,

232 993 267 1026 Si
283 991 384 1025 nobis
400 990 572 1035 placuerit
587 1002 642 1024 res
661 990 837 1024 omnibus.

231 1044 292 1077 Vis
306 1070 314 1083 ,
341 1042 369 1076 si
386 1049 416 1075 te
432 1053 620 1075 servavero
632 1068 641 1082 ‚
668 1042 815 1075 nuntius
833 1039 920 1074 mihi
939 1054 1030 1080 esse,

229 1096 283 1128 Ad
301 1095 415 1137 Argos
432 1092 595 1132 veniens,
623 1092 709 1125 meis
737 1091 877 1131 amicis,

233 1146 276 1179 Εἰ
294 1145 359 1178 illis
380 1145 471 1176 serre
488 1143 635 1182 litteras,
664 1155 751 1188 quas
769 1143 912 1188 quidem
930 1155 984 1175 me
1003 1141 1174 1175 miserans

181 1196 256 1232 585
289 1195 458 1240 Captivus
475 1194 631 1238 scripsit,
661 1207 775 1227 meam
797 1207 870 1227 non

232 1248 446 1281 Existinians
470 1258 616 1278 manum
641 1257 713 1279 esse
735 1243 1019 1278 homicidialem:
1056 1250 1173 1277 tamen

594 1297 668 1340 lege

234 1350 296 1384 Est
314 1349 536 1387 interfectus,
562 1347 636 1380 Dea
656 1347 834 1381 indicante
851 1346 936 1381 haec
955 1359 1028 1380 esse
1046 1345 1160 1380 iusta?

233 1400 421 1435 Neminem
442 1399 536 1432 enim
556 1396 684 1440 habui,
715 1400 774 1445 qui
791 1405 951 1433 servatus
968 1398 1139 1443 perferret

235 1452 333 1485 Meas
352 1451 487 1484 litteras
504 1451 619 1494 Argos

186 1503 260 1538 590
286 1503 341 1535 Ad
358 1514 456 1535 meos
474 1501 619 1534 amicos.

234 1555 292 1588 Tu
308 1559 424 1586 autem
445 1554 497 1597 (es
516 1553 629 1591 enim,
656 1558 694 1584 ut
718 1551 876 1587 vitietur,
912 1549 1000 1582 milii
1027 1563 1099 1583 nou
1127 1552 1177 1583 in-

595 1603 701 1636 festus
714 1629 722 1642 ‚

238 1656 283 1690 Et
299 1655 467 1700 Mycenas
484 1654 615 1687 novisti
628 1681 637 1693 ‚
665 1660 697 1686 et
718 1665 806 1698 quos
825 1665 888 1697 ego
906 1654 1006 1699 volo)

239 1705 462 1745 servaberis,
491 1711 525 1738 et
543 1705 691 1749 accipies
707 1705 905 1737 mercedem
924 1717 997 1737 non
1017 1704 1121 1737 vilem

240 1759 393 1802 Propter
410 1757 503 1790 leves
520 1756 672 1796 litteras,
700 1755 809 1787 vitam
830 1755 1001 1790 xiclelicet.

191 1808 264 1844 595
292 1808 357 1843 Iste
374 1820 480 1847 vero,
506 1808 535 1841 si
551 1808 694 1852 quidem
715 1806 837 1839 civitas
855 1804 921 1839 hoc
942 1807 1054 1850 cogit,

241 1860 336 1893 Deae
352 1861 413 1892 fiat
430 1856 544 1891 hostia
562 1858 738 1891 seiunctus
757 1869 773 1888 a
793 1857 892 1901 tc‘ffi).

297 2034 344 2058 Or.
364 2032 478 2061 Propter
498 2033 597 2056 malam
617 2033 756 2056 mulierem
778 2033 866 2063 gratia
887 2033 994 2063 ingrata
1015 2034 1100 2064 pri-iit.

297 2067 358 2098 [ph.
377 2066 478 2089 Mortui
498 2073 563 2090 vero
583 2069 625 2090 est
643 2068 714 2090 filius
732 2069 816 2096 Argis
836 2065 942 2096 patris?

299 2102 347 2126 Or.
368 2101 417 2123 Est
439 2100 552 2131 infelix,
579 2104 605 2124 et
625 2108 773 2131 nusquam,
795 2105 819 2124 et
841 2102 945 2131 ubique.

232 2169 277 2198 25)
300 2168 359 2198 Iph.
379 2167 463 2194 Falsa
478 2168 615 2191 —dicere
634 2169 690 2196 (νε.
704 2169 753 2192 569
766 2168 891 2199 -577.)1
912 2169 947 2192 sit
966 2170 1011 2192 Ed.
1030 2171 1094 2194 ¹562

268 2203 343 2226 1558.
361 2203 426 2224 haec
445 2203 538 2225 habet:

303 2237 362 2267 ΙρΙι.
383 2236 488 2265 „Vana
507 2236 662 2263 insomnia,
680 2237 790 2267 valete,
810 2237 874 2260 nihii
894 2237 963 2260 estis
984 2239 1083 2268 utique.

302 2271 420 2301 „Neque
440 2270 483 2299 qui
503 2271 643 2299 sapientes
665 2271 706 2293 Dii
726 2273 875 2299 vocantur,

304 2304 497 2334 „Volusi-ihus
514 2305 628 2328 somniis
647 2306 711 2327 sunt
730 2306 873 2329 certiores.

305 2339 433 2368 „Magna
451 2339 620 2367 perturbatiO
642 2339 667 2361 in
687 2341 768 2362 rebus
789 2340 887 2363 divinis
908 2343 965 2369 est,

307 2374 421 2402 „Atque
441 2373 465 2395 in
485 2373 624 2397 humanis:
649 2380 730 2397 unum
749 2376 878 2403 superest
899 2375 1002 2400 solum,

309 2406 385 2434 Quod
398 2406 468 2429 alias
481 2412 535 2429 non
546 2407 704 2436 imprudens
717 2408 840 2431 existens
851 2425 858 2437 ,
877 2410 983 2432 vatibus
997 2410 1075 2433 fidem
1091 2411 1190 2433 habens

307 2439 406 2469 Periit,
426 2441 553 2470 tanquam
572 2441 676 2470 periret
696 2442 860 2465 videntibus.

309 2474 394 2498 chor*
413 2473 519 2506 Papae,
537 2480 641 2507 papae,
669 2476 731 2505 quid
751 2483 799 2499 nos
819 2479 845 2500 et
865 2477 952 2500 nostri
971 2477 1125 2508 genitores,

309 2508 404 2537 „Num
423 2505 508 2532 sunt?
532 2514 565 2533 an
586 2515 639 2533 uon
658 2507 742 2534 sunt?
767 2511 826 2540 quis
846 2511 935 2534 dicere
955 2508 1058 2541 queat?

1097 2180 1118 2197 ,ι
1140 2172 1186 2197 Ed.

242 2574 370 2632 ἳθζ-ἒιὲἠ.
389 2576 488 2600 Audite
506 2591 539 2595 —
557 2583 573 2600 a
593 2580 626 2600 to.
648 2580 699 2609 (vs.
715 2578 902 2606 57n-5375n
922 2579 958 2601 sic
981 2581 1128 2608 κζι1,1.·,62.;
1148 2580 1196 2604 Ed.

295 2618 312 2632 o
351 2617 370 2632 .:

314 2643 374 2672 [μὴ.
393 2643 508 2671 Audite,
536 2645 561 2666 in
582 2646 744 2675 colloquium
766 2647 834 2669 euin·
857 2647 993 2672 venimus.

317 2677 350 2699 Et
371 2678 447 2699 vobis
466 2678 612 2704 auxilium.
633 2685 647 2702 o
669 2681 807 2709 hospites,
830 2682 906 2704 »ahie
926 2683 1062 2713 studiose,

763 89 884 124 PHlL.
918 91 1030 126 MEL.
1063 91 1264 127 SCfflPTA
1296 92 1632 128 PHILOLOGICA.

2140 95 2212 130 732

1273 183 1330 215 Or.
1359 180 1467 212 Recte
1485 177 1601 211 dixisti
1623 184 1758 210 caetera
1770 203 1780 217 ,
1806 184 1946 222 praeter
1962 176 2028 211 hoc
2045 190 2175 217 unum;

1272 232 1362 265 Nam
1383 231 1480 263 illum
1498 228 1647 262 interfici
1665 234 1753 262 esset
1769 226 1857 261 mihi
1873 222 1990 273 grave.

1271 282 1345 326 ligo
1374 282 1466 314 enim
1493 293 1569 314 sum
1596 281 1814 323 gubernator
1838 280 1938 314 navis
1964 279 2089 314 harum
2124 281 2215 313 cala-

1633 337 1795 363 nntatum
1808 356 1817 370 ‚
2354 355 2357 375 3

1195 380 1197 423 l
1224 383 1298 417 600
1325 382 1391 416 Iste
1409 395 1478 416 una
1497 383 1641 426 navigat
1658 388 1805 426 propter
1822 392 1938 414 meam
1963 381 2213 415 calamitatem.
2346 374 2357 397 l*

1275 435 1355 468 lN'on
1376 434 1504 467 iustum
1525 441 1575 467 est
1590 445 1645 466 rne
1663 445 1739 466 cum
1756 430 1861 466 huius
1876 444 1961 465 nece

1196 492 1198 501 ⁴
1274 485 1356 518 Tibi
1384 492 1563 529 praestare
1586 485 1762 523 officium,
1798 490 1831 516 et
1855 495 1910 516 me
1937 483 2052 527 ipsum
2078 483 2214 527 eripere
2357 499 2359 517 i,

1196 523 1198 564 l
1635 548 1675 568 ex
1693 534 1806 568 malis.

1196 569 1198 593 Ι
1275 587 1340 619 Sed
1360 587 1407 621 sic
1425 588 1501 620 fiat:
1531 584 1612 619 huic
1629 587 1729 619 trade
1747 586 1899 623 litteras;

1276 639 1365 671 Nam
1383 640 1426 671 ad
1443 640 1557 681 Argos
1574 637 1708 677 mittet,
1736 643 1773 670 ut
1789 643 1865 670 tuas
1885 648 1940 669 res
1958 641 2074 673 curet;
2346 643 2361 683 :¹

1225 687 1298 723 605
1335 689 1408 724 Nos
1441 695 1557 723 autern
1577 715 1586 729 ,
1634 689 1837 734 quicunque
1871 687 1946 720 vult
1965 713 1974 726 ‚
2017 685 2215 719 interficiat.
2346 661 2361 728 ll

1631 766 1653 779 „
1664 739 1808 772 Amicos

1276 791 1478 836 „Quisquis
1497 791 1534 823 in
1553 790 1789 823 calamitatem
1806 787 1968 833 proiicit,

1277 841 1350 882 „Et
1375 842 1448 887 ipse
1475 842 1645 882 elabitur,
1688 839 1913 885 turpissimus
1939 844 2001 872 est.

1638 890 1727 925 mihi
1750 891 1894 925 amicus.

1277 970 1297 983 „
1309 943 1423 988 Quem
1443 956 1517 976 non
1533 945 1650 978 minus
1666 943 1748 976 volo
1768 943 1887 975 vivere
1905 953 2013 986 quam
2033 938 2157 984 me‘27).

1276 996 1349 1037 ΙρΙι.
1378 994 1411 1027 Ο
1431 995 1649 1028 voluntatem
1667 994 1860 1038 egregiam:
1889 999 1928 1026 ut
1943 1004 1984 1025 ex
1999 1001 2169 1035 generosa

1228 1045 1301 1079 610
1329 1045 1461 1078 Radice
1478 1052 1576 1079 ortus
1594 1057 1640 1085 es,
1657 1046 1715 1090 qui
1734 1051 1784 1078 est
1801 1051 1917 1077 rectus
1931 1043 2065 1076 amicus
2082 1040 2217 1074 amicis.

1278 1096 1376 1130 Talis
1395 1097 1439 1130 sit
1458 1109 1554 1130 meus
1574 1097 1703 1136 frater,

1278 1148 1349 1192 Qui
1368 1149 1509 1181 relictus
1525 1154 1590 1186 est;
1619 1160 1701 1180 nam
1719 1158 1833 1192 neque
1852 1158 1915 1189 ego

1279 1200 1361 1232 Sine
1388 1200 1496 1232 fratre
1529 1212 1626 1238 sum,
1678 1198 1746 1232 nisi
1776 1198 1872 1243 quod
1908 1207 1988 1228 eum
2019 1206 2115 1227 nunc
2145 1205 2219 1226 non

1640 1249 1757 1281 video.

1279 1301 1473 1346 Postquam
1494 1313 1578 1333 vero
1596 1298 1664 1333 hoc
1682 1299 1752 1339 vis,
1780 1296 1873 1330 hunc.
1892 1296 2092 1335 mittamus,

1230 1350 1303 1386 615
1332 1352 1402 1398 Qui
1421 1353 1575 1397 perferat
1594 1352 1748 1390 litteras,
1776 1356 1810 1382 et
1826 1354 1864 1381 tu
1882 1346 2063 1380 morieris:
2091 1346 2120 1380 si
2143 1345 2221 1390 qui-

1646 1403 1726 1435 dem
1743 1407 1815 1433 tam
1838 1410 1966 1442 magna

1194 280 1197 312 {r

2066 836 2132 871 Hic
2166 843 2216 871 est

1336 1615 1370 1637 Et
1390 1613 1453 1636 inihi
1472 1614 1521 1636 hoc
1539 1613 1707 1636 commodum
1726 1613 1754 1636 in
1776 1613 1871 1642 primis
1890 1613 1930 1636 sic
1949 1613 2045 1641 fieret,

1337 1648 1365 1671 si
1385 1647 1509 1670 omnibus
1526 1648 1578 1671 hoc
1597 1648 1736 1677 negotium
1755 1648 1871 1677 placeat.

1336 1682 1431 1711 Velis,
1452 1682 1476 1704 si
1495 1687 1636 1705 servarem
1656 1684 1699 1711 te,
1724 1681 1847 1704 nuntium
1865 1680 1928 1703 mihi
1946 1680 2088 1710 perferre.

1337 1717 1428 1746 Argos
1448 1716 1603 1745 profectus,
1623 1715 1708 1745 meis,
1728 1720 1795 1745 quos
1813 1715 1869 1738 illic
1888 1715 1989 1745 haheo,
2009 1713 2125 1740 amicis?

1338 1751 1371 1774 Et
1390 1750 1534 1779 epistolam
1553 1746 1699 1779 perferre?
1726 1755 1806 1779 quam
1824 1748 1956 1779 quispiam
1973 1749 2104 1774 misertus
2120 1750 2174 1774 mel

1338 1784 1452 1813 Scripsit
1471 1784 1611 1813 captivus,
1637 1789 1804 1813 nequaquam
1823 1789 1910 1807 meam

1339 1818 1552 1842 Interfectricem
1571 1818 1733 1841 existimans
1750 1823 1873 1847 manum,
1892 1817 1920 1840 in
1937 1817 1987 1841 hac
2005 1818 2200 1842 consuetudine

1339 1853 1426 1881 Mori,
1445 1853 1502 1876 Dea
1521 1853 1586 1876 haec
1605 1852 1677 1875 iusta
1696 1848 1893 1876 existimante?

1339 1887 1478 1911 {seminem
1497 1887 1566 1910 enim
1588 1887 1684 1917 habui,
1710 1886 1754 1916 qui
1774 1886 1967 1917 annuntiaret,
1992 1886 2132 1916 profectus

1340 1923 1381 1946 Ad
1401 1923 1491 1952 Argos
1512 1923 1604 1947 retro,
1628 1926 1703 1944 meas
1720 1920 1851 1950 epistolas

1340 1957 1483 1980 Perfert-et
1503 1957 1632 1978 servatus
1653 1961 1771 1978 meorum
1791 1956 1939 1978 amicorum
1958 1955 2088 1985 cuiquam.

1341 1992 1380 2014 Tu
1398 1996 1466 2013 vero
1487 1996 1533 2017 es,
1559 1991 1587 2012 ut
1606 1989 1725 2019 videris,
1750 1995 1919 2020 nequaquam
1937 1990 2090 2021 improbus,

1341 2026 1376 2049 Et
1394 2026 1527 2054 Mycenas
1548 2024 1664 2053 novisti,
1684 2025 1711 2046 et
1731 2029 1793 2051 θος,
1814 2029 1882 2053 quos
1900 2029 1951 2053 ego
1971 2024 2056 2054 cupio.

1342 2059 1386 2082 sis
1407 2059 1519 2081 salvus.
1547 2061 1573 2080 et
1591 2060 1620 2081 tu
1640 2058 1790 2081 mercedem
1812 2064 1864 2081 non
1886 2060 1991 2088 turpem
2012 2059 2150 2088 accipiens

1343 2095 1432 2116 beves
1453 2094 1564 2122 propter
1585 2093 1709 2117 litteras,
1736 2093 1862 2117 salutem.

1342 2129 1397 2152 Iste
1416 2133 1499 2154 vcro,
1524 2126 1650 2156 quoniam
1669 2127 1736 2149 haee
1754 2127 1853 2150 civitas
1872 2128 1958 2157 cogit,

1343 2163 1417 2185 Deae
1437 2161 1484 2184 fiat
1502 2161 1627 2185 victima.
1649 2162 1794 2190 separatus
1815 2166 1831 2183 a
1849 2163 1885 2186 te.

1274 2238 1322 2266 27)
1341 2237 1388 2262 Or.
1407 2236 1492 2259 Recte
1509 2248 1543 2252 —
1562 2241 1641 2266 quam
1665 2243 1706 2259 me
1731 2237 1787 2264 (VS.
1805 2235 1993 2267 597-605.)]
2013 2235 2052 2260 sic
2069 2235 2118 2260 Ed.
2140 2237 2229 2266 1562.;

1310 2272 1358 2296 Ed.
1380 2270 1471 2294 1558.:

1346 2307 1394 2330 or.
1415 2305 1487 2327 Beue
1506 2303 1597 2326 dixisti
1615 2305 1742 2329 caetera,
1768 2304 1821 2326 nisi
1842 2311 1940 2333 unum,
1960 2310 1975 2327 o
1995 2305 2110 2334 hospita.

1346 2338 1454 2363 Etenim
1473 2339 1594 2360 mactare
1612 2338 1680 2360 hunc
1700 2338 1778 2366 mihi,
1801 2339 1927 2361 molestia
1950 2344 2057 2369 magna.

1348 2373 1398 2403 Qui
1419 2372 1491 2396 enim
1511 2371 1573 2394 navi
1593 2371 1660 2394 duco
1673 2388 1679 2397 ,
1699 2372 1745 2395 ille
1764 2379 1824 2396 sum
1843 2379 1910 2403 ego.
1930 2373 2112 2399 calamitates,

1346 2408 1402 2431 lste
1420 2412 1487 2429 vero
1508 2411 1562 2429 una
1580 2406 1694 2436 navigat
1713 2410 1824 2436 propter
1843 2413 1918 2431 meos
1939 2408 2056 2431 iabores.

1348 2442 1407 2465 Non
1424 2440 1508 2471 igitur
1527 2440 1645 2469 iustum,
1672 2443 1784 2470 propter
1802 2442 1946 2470 perniciem
1966 2442 2044 2465 huius
2064 2448 2106 2465 me

1350 2474 1472 2499 Gratiam
1489 2474 1653 2504 aestimare,
1680 2477 1706 2497 et
1725 2481 1766 2498 me
1786 2475 1872 2504 ipsum
1892 2482 2033 2505 emergere
2051 2477 2139 2501 maiis.

1349 2510 1403 2533 Sed
1422 2510 1450 2532 ut
1470 2514 1515 2531 res
1533 2509 1671 2531 commode
1690 2510 1755 2537 fiat,
1775 2510 1835 2533 hnic
1853 2510 1958 2540 quidem
1979 2510 2120 2540 epistolam
2140 2511 2189 2541 da;

1350 2544 1440 2567 Vehet
1458 2543 1527 2566 enim
1546 2544 1653 2573 ArgOS,
1672 2544 1702 2566 ut
1720 2543 1768 2566 tibi
1789 2544 1854 2567 bene
1873 2544 1982 2568 habeat.

1350 2578 1406 2601 Nos
1426 2582 1508 2603 vero..
1529 2577 1573 2606 qui
1592 2577 1672 2603 velit,
1693 2577 1847 2601 interficiat.
1884 2579 1966 2607 „Bes
1985 2579 2132 2603 amicorum

1352 2611 1576 2647 „Turpissimum
1597 2613 1639 2633 est
1657 2612 1807 2641 quicunque
1825 2612 1973 2636 coniecerit
1989 2613 2017 2636 in
2034 2614 2123 2644 mala,

1351 2647 1439 2678 „lpse
1457 2645 1551 2668 salvus
1571 2645 1617 2669 sit.
1654 2646 1754 2669 Existit
1773 2651 1839 2670 vero
1858 2647 1899 2669 ln'c
1918 2647 2034 2676 amicus,

1353 2682 1463 2709 „Quem
1484 2679 1548 2702 nihil
1567 2680 1655 2703 minus
1677 2685 1755 2709 quam
1775 2686 1817 2703 nie
1837 2681 1923 2704 lucem
1944 2681 2036 2705 videre
2054 2681 2144 2711 cupit).
