2373 2980
87 116 134 152 41

266 114 404 149 XLVII.

88 201 470 241 communicationem,
511 202 638 241 fidem,
679 212 838 233 amorem
873 212 955 243 erga
987 212 1082 239 suos,

88 259 123 287 et
141 252 423 286 beneficentiam.
477 252 591 296 Magis
619 259 736 286 autem
761 258 928 284 naturam
950 250 1082 285 Arietis

88 310 122 337 et
153 303 280 337 Martis
310 304 469 337 referunt
505 303 712 343 Britannia,
751 303 953 346 Belgicum,
994 303 1082 336 Ger-

86 355 228 395 mania,
254 354 456 388 Bastarnia.
509 355 630 399 Quare
649 355 685 387 in
706 353 760 388 his
780 354 985 397 regionibus
1008 366 1081 385 ma-

86 418 155 450 gna
181 419 222 439 ex
247 413 347 450 parte
372 404 534 440 homines
558 412 640 440 sunt
662 406 773 450 magis
794 405 861 438 seri
892 412 925 438 et
957 412 1082 438 truces.

84 456 207 497 Italia,
240 458 390 501 Apulia,
425 457 538 490 Gallia
566 464 706 501 togata,
743 457 881 495 Sicilia,
921 455 1079 488 Leonem

87 515 122 543 et
139 509 256 542 Solem
283 509 394 552 magis
422 509 598 541 referunt:
636 508 715 541 ideo
743 507 1000 541 dominationis
1025 520 1082 540 cu-

87 560 162 605 pidi
180 566 280 599 sunt,
315 559 460 593 benefici
479 566 513 592 et
530 559 642 603 magis
662 566 822 592 amantes
841 558 1082 592 communica-

87 611 214 649 tionis;
259 608 441 656 Tyrrheni
463 622 547 643 vero
573 617 607 643 et
626 610 745 644 Celtae
769 617 802 644 et
818 610 987 653 Hispani,
1021 609 1082 642 Sa-

87 662 270 706 gittarium
316 668 349 694 et
380 660 521 694 Iovem:
578 674 688 707 quare
730 661 920 694 munditiei
959 672 1081 693 anian-

85 719 138 746 tes
157 719 250 747 sunt.

189 762 340 808 Reliqua
372 763 448 796 loca
478 761 582 796 huius
608 763 816 808 quadrantis
839 763 1018 806 vergentia
1045 762 1079 794 in

85 815 243 847 medium
268 814 376 848 totius
401 821 535 854 terrae,
567 812 744 854 Thracia,
779 814 1011 853 Macedonia,
1038 812 1081 845 Il-

84 865 258 911 lyricum,
292 865 460 905 Graecia,
495 863 650 905 Achaia,
686 865 811 905 Creta,
854 865 989 899 insulae
1015 864 1081 909 Cy-

86 918 213 956 clades,
231 923 264 949 et
281 916 459 949 maritima
476 917 554 950 loca
572 917 677 950 Asiae
694 916 858 957 minoris,
882 923 915 949 et
931 916 1082 961 Cyprus,

85 968 280 1013 spectantia
313 980 434 1001 versus
467 975 585 1001 ortum
617 968 816 1001 brumalem
851 968 959 1001 totius
995 980 1082 1012 qua-

85 1020 241 1059 drantis,
269 1020 639 1052 adsumuntnaturam
658 1019 846 1063 trianguli,
883 1019 944 1064 qui
967 1018 1081 1052 domi-

85 1077 193 1105 natur
211 1071 248 1103 in
264 1077 345 1103 ortu
361 1070 538 1110 brumali,
566 1071 697 1104 scilicet
714 1071 847 1110 Tauri,
874 1070 1032 1114 Virginis
1049 1076 1081 1102 et

87 1122 315 1167 Capricorni,
342 1128 375 1154 et
393 1123 564 1155 accedunt
579 1122 718 1161 Venus,
747 1123 921 1155 Saturnus
940 1128 973 1153 et
986 1121 1081 1154 Mer-

87 1173 217 1207 curius.
285 1173 376 1206 Sunt
404 1173 512 1216 igitur
546 1185 667 1205 earum
699 1173 886 1216 regionum
917 1171 1081 1205 homines

86 1225 200 1268 magis
225 1225 319 1256 inter
334 1235 370 1256 se
388 1224 519 1256 similes
539 1229 572 1256 et
590 1224 796 1268 temperati,
824 1223 1081 1256 dominationis

87 1275 227 1319 cupidi,
255 1274 435 1318 generosi,
460 1274 687 1318 impatientes
708 1274 906 1314 servitutis,
934 1281 1082 1318 propter

86 1326 259 1363 Martem;
307 1325 456 1359 studiosi
480 1325 628 1358 musices
657 1325 858 1365 doctrinae,
894 1326 1080 1365 libertatis,

86 1389 150 1410 suo
168 1376 316 1409 consilio
334 1375 586 1409 constituentes
609 1376 845 1420 respublicas,
869 1377 1080 1420 popularem

85 1426 383 1471 gubernationem
415 1433 595 1465 amantes,
628 1427 898 1470 legumlatores,
932 1434 1080 1471 propter

83 1477 224 1516 Iovem;
260 1483 419 1511 amantes
442 1478 641 1521 spectacula
669 1485 703 1511 et
726 1478 962 1518 munditiem,
997 1491 1080 1523 pro-

83 1536 162 1574 pter
177 1528 372 1567 Venerem;
400 1541 536 1569 comes,
559 1527 772 1573 hospitales,
802 1530 956 1563 iustitiae
975 1536 1008 1563 et
1024 1530 1080 1562 lit-

83 1587 242 1614 terarum
266 1586 301 1613 et
324 1580 548 1625 eloquentiae
574 1581 744 1621 studiosi,
774 1588 923 1625 propter
940 1581 1080 1614 Mercu—

82 1632 190 1665 rium.
243 1630 380 1665 Rursus
399 1643 439 1664 ex
456 1629 510 1665 his
534 1632 674 1677 aliquae
698 1632 860 1677 regiones
887 1633 999 1676 magis
1025 1645 1079 1666 re-

82 1685 202 1717 ferunt
219 1689 385 1716 naturam
405 1682 516 1715 Tauri
533 1690 566 1716 et
582 1683 748 1722 Veneris;
777 1684 940 1717 videlicet
957 1684 1079 1729 Cycla—

83 1736 144 1768 des
162 1740 195 1767 et
213 1734 392 1767 maritima
411 1746 473 1766 ora
491 1735 640 1768 minoris
656 1735 778 1774 Asiae,
807 1736 956 1780 Cyprus.
994 1734 1078 1768 Ideo

82 1797 213 1830 magna
232 1797 273 1818 ex
290 1791 390 1830 parte
408 1785 458 1818 illi
476 1784 639 1820 homines
656 1792 738 1820 sunt
754 1787 864 1819 dediti
889 1787 1079 1831 voluptati-

82 1838 161 1877 bus,
180 1843 340 1870 amantes
360 1837 573 1870 munditiem
593 1844 626 1870 et
646 1850 796 1882 corpora
817 1838 1004 1881 diligenter
1022 1851 1079 1872 cu—

81 1894 214 1922 rantes.
266 1888 424 1932 Virginis
443 1895 560 1922 autem
577 1895 610 1921 et
627 1889 797 1921 Mercurii
814 1896 980 1923 naturam
1005 1902 1079 1922 ma-

83 1940 135 1984 gis
156 1940 316 1973 referunt
338 1940 509 1980 Graecia,
544 1938 700 1980 Achaia,
737 1940 853 1974 Creta.
921 1939 1005 1973 Ideo
1030 1942 1079 1974 ibi

82 1989 247 2024 homines
277 1996 360 2024 sunt
390 1991 539 2024 studiosi
569 1991 773 2032 doctrinae,
808 1998 842 2024 et
863 1992 975 2035 magis
1003 1993 1072 2025 ani.

81 2054 177 2075 mam
197 2054 304 2087 quam
325 2054 475 2086 corpora
495 2049 707 2076 exercentes.

186 2093 397 2137 Capricorni
415 2106 500 2126 vero
519 2100 552 2126 et
569 2093 715 2127 Saturni
732 2100 897 2127 naturam
920 2095 1080 2127 referunt

81 2144 315 2184 Macedonia,
343 2143 496 2177 Thracia
518 2151 551 2178 et
566 2144 758 2190 Illyricum.
817 2144 899 2178 ldco
926 2152 1008 2178 sunt
1030 2145 1079 2178 ibi

81 2194 246 2229 homines
283 2196 402 2240 cupidi
438 2196 644 2229 divitiarum
661 2223 669 2236 ‚
713 2209 778 2229 nec
816 2197 964 2241 placidi,
1015 2209 1078 2230 nec

81 2253 242 2281 amantes
267 2248 647 2281 communicationum.

182 2297 223 2331 In
241 2300 396 2332 secundo
415 2301 635 2344 quadrante,
664 2299 724 2344 qui
741 2305 876 2343 spectat
893 2300 1078 2339 Austrum,

80 2362 163 2394 pars
179 2357 230 2383 est
245 2362 395 2394 magnae
410 2350 534 2390 Asiae,
560 2350 680 2389 India,
707 2351 861 2391 Ariana,
891 2351 1078 2391 Gedrosia,

78 2399 248 2441 Parthia,
276 2402 416 2441 Media,
448 2402 590 2442 Persia,
620 2402 838 2447 Babylonia,
875 2402 1078 2446 Mesopota-

79 2452 172 2493 mia,
198 2453 363 2498 Assyria,
392 2466 482 2498 quae
499 2454 586 2487 sitae
613 2460 696 2487 sunt
719 2456 762 2486 ad
789 2460 907 2487 ortum
934 2455 1077 2486 bruma-

78 2505 168 2545 lem,
204 2507 299 2550 quod
329 2507 373 2538 ad
401 2506 588 2538 universae
615 2511 730 2538 terrae
757 2505 914 2549 positum
939 2505 1077 2539 attinet.

78 2555 125 2588 Et
143 2562 343 2600 congruunt
360 2557 403 2589 ad
420 2554 514 2590 hunc
533 2557 712 2601 trigonum
725 2583 734 2596 ‚
761 2557 893 2590 scilicet
902 2556 1077 2597 Taurum,

78 2606 262 2649 Virginem
281 2614 315 2641 et
331 2607 863 2654 Capricornum,*regunturque
882 2620 901 2641 a
920 2608 1076 2641 Saturno

80 2664 115 2691 et
137 2658 276 2691 Venere
306 2659 471 2692 orientali
498 2659 628 2703 positu.
691 2659 754 2693 His
786 2660 894 2703 igitur
925 2666 1076 2693 naturae

78 2707 208 2743 haruin
235 2710 392 2754 gentium
418 2717 630 2754 congruunt.
695 2710 826 2744 Colunt
849 2712 943 2744 enim
961 2711 1075 2744 Vene-

452 113 851 149 INTERPRETATIO
877 112 1049 148 OPERIS
1078 114 1462 159 QUADRIPARTITI
1486 116 1768 150 PTOLEMAEI
1802 117 1889 151 Llss.
1907 116 1948 152 ΙΙ.

2080 118 2128 153 42

1134 212 1229 240 rem,
1257 213 1346 245 quae
1365 202 1408 234 ab
1425 202 1508 246 ipsis
1526 209 1753 246 nuncupatur
1770 202 1849 241 Isis;
1883 210 1917 236 et
1936 203 2130 237 Saturnum

1135 257 1168 284 et
1186 252 1324 291 Solem,
1353 265 1458 297 quem
1477 261 1605 287 vocant
1622 252 1812 292 Mithram;
1841 260 1873 287 et
1897 255 2029 287 multae
2048 261 2131 288 sunt

1135 302 1184 334 ibi
1202 309 1351 336 naturae
1367 304 1559 344 vatidicae,
1588 312 1621 338 et
1647 313 1900 339 consecrantur
1925 306 1972 338 ibi
1997 308 2131 349 puden-

1135 355 1202 386 dae
1220 366 1412 397 corporum
1433 362 1568 398 partes,
1595 357 1676 401 quia
1698 357 1834 401 positus
1851 357 1907 390 ille
1924 369 2043 390 semen
2069 370 2130 389 au-

1135 412 1202 448 get.
1269 405 1429 450 Suntque
1459 413 1578 448 gentes
1604 408 1683 439 illae
1710 409 1845 441 calidae
1871 415 1904 441 et
1927 420 2062 453 pronae
2086 409 2131 440 ad

1136 455 1362 489 concubitum
1402 462 1436 488 et
1467 457 1658 497 libidines,
1711 459 1848 491 deditae
1882 460 2063 492 saltationi
2097 466 2131 492 et

1136 513 1295 540 amantes
1330 514 1477 541 ornatus
1510 515 1658 552 propter
1692 509 1889 551 Venerem,
1940 518 1972 544 ct
2007 511 2129 544 luxum

1137 565 1347 604 quaerentes
1378 565 1526 603 propter
1549 559 1756 594 Saturnum.
1824 561 1948 594 Palam
1986 574 2070 595 vero
2097 568 2130 595 et

1136 622 1209 642 non
1230 610 1266 641 in
1285 610 1422 642 occulto
1441 622 1520 642 cum
1541 611 1747 644 mulieribus
1766 614 2019 653 concumbunt,
2048 625 2130 657 pro·

1136 668 1255 705 pterea
1283 662 1379 706 quod
1405 661 1568 704 planetae
1599 662 1765 695 orientali
1788 663 1904 706 positu
1937 665 1984 697 eis
2017 665 2131 696 domi-

1136 719 1289 749 nantur3
1332 713 1539 746 concubitus
1571 726 1656 745 vero
1693 715 1931 746 masculormu
1967 716 2129 749 odei-mit.

1136 763 1241 796 Multi
1262 762 1367 795 etiam
1389 776 1466 796 cum
1488 764 1661 798 matribus
1677 766 1966 798 consuetudinem
1988 764 2131 805 liabent,

1136 821 1169 847 et
1187 820 1329 858 pectore
1347 815 1523 858 supplices
1540 822 1655 858 gestus
1674 817 1804 855 edunt,
1838 825 1985 860 propter
2013 824 2129 849 ortum

1135 865 1372 905 matutinum,
1401 873 1433 898 et
1452 867 1532 911 quia
1554 867 1706 910 pectoris
1725 867 1944 911 principatus
1969 869 2132 911 congruit

1136 930 1214 950 cum
1242 916 1334 949 Sole.
1397 918 1530 950 Amant
1565 918 1601 950 in
1633 918 1762 951 vestitu
1789 925 1822 951 et
1844 920 2010 953 unixerso
2036 920 2131 952 cultu

1135 967 1316 1012 corporis,
1340 967 1493 1001 nitorem
1514 975 1548 1001 et
1563 969 1775 1002 munditiem
1794 971 2024 1007 muliebrem,
2049 983 2131 1014 pro-

1136 1026 1214 1064 pter
1230 1018 1427 1057 Venerem3
1456 1026 1489 1052 et
1516 1027 1635 1053 tamen
1661 1021 1790 1054 animis
1817 1029 1849 1054 et
1873 1023 2028 1056 consiliis
2050 1028 2132 1055 sunt

1136 1070 1298 1114 generosi
1321 1077 1354 1102 et
1378 1071 1554 1111 bellicosi,
1598 1079 1746 1116 propter
1773 1079 1891 1105 ortum
1914 1073 2130 1107 matutinum

1135 1121 1292 1155 Saturni.
1346 1121 1579 1155 Peculiariter
1598 1136 1681 1156 vero
1701 1124 1813 1167 magis
1830 1136 1848 1156 a
1868 1125 1990 1158 Tauro
2015 1132 2048 1158 et
2063 1124 2132 1157 Ve-

1136 1185 1218 1205 nere
1238 1179 1410 1216 reguntur
1425 1172 1594 1214 Parthia,
1620 1175 1738 1208 Media
1765 1182 1797 1208 et
1814 1176 1948 1209 Persia.
2011 1176 2132 1221 Quare

1135 1222 1262 1257 harum
1288 1224 1474 1267 regionum
1502 1226 1640 1259 incolae
1664 1227 1792 1259 vestitu
1815 1234 1966 1260 utuntur
1991 1228 2132 1267 florido,

1135 1281 1328 1319 teguntque
1348 1282 1419 1308 tota
1440 1288 1590 1320 corpora
1610 1284 1751 1321 praeter
1769 1285 1907 1321 pectus,
1937 1285 1971 1311 et
1995 1280 2030 1311 in
2055 1279 2132 1312 uni-

1136 1338 1275 1359 versum
1296 1326 1502 1360 deliciarum
1520 1335 1553 1361 et
1569 1329 1756 1361 munditiei
1773 1330 1922 1363 studiosi
1940 1337 2033 1364 sunt.

1236 1379 1269 1410 A
1287 1376 1434 1421 Virgine
1460 1385 1493 1411 et
1516 1379 1697 1413 Mercurio
1721 1388 1892 1423 reguntur
1917 1381 2131 1426 Babylonia,

1134 1426 1417 1471 Mesopotamia,
1458 1431 1622 1474 Assyria,
1672 1444 1763 1476 quae
1796 1432 1876 1464 ideo
1917 1434 2132 1466 antecellunt

1135 1478 1338 1522 cognitione
1355 1479 1613 1514 mathematum
1641 1489 1674 1515 et
1700 1483 1949 1515 observatione
1967 1491 2130 1517 motuum

1134 1530 1339 1563 coelestium
1357 1537 1391 1563 et
1407 1532 1574 1566 siderum.
1628 1534 1659 1566 A
1678 1533 1898 1577 Capricorno
1917 1547 2001 1568 vero
2020 1542 2053 1568 et
2071 1535 2133 1568 Sa-

1134 1587 1241 1614 turno
1267 1589 1439 1625 reguntur
1462 1582 1581 1624 India,
1616 1585 1770 1625 Ariana,
1815 1586 2006 1619 Gedrosia:
2051 1587 2131 1620 ideo

1133 1645 1254 1665 earum
1273 1633 1460 1677 regionum
1481 1636 1633 1669 cultores
1652 1643 1733 1670 sunt
1754 1637 1950 1678 deformes,
1977 1638 2132 1672 immun—

1133 1684 1188 1724 di,
1220 1684 1367 1718 beluini.

1236 1735 1354 1768 Media
1372 1749 1456 1769 vero
1476 1737 1552 1769 loca
1570 1735 1675 1772 liuius
1693 1740 1920 1784 quadrantis,
1948 1739 2131 1780 Idumaea,

1133 1798 1217 1818 cava
1243 1787 1365 1831 Syria,
1407 1787 1555 1828 Iudaea,
1593 1788 1793 1830 Phoenice,
1829 1790 2030 1832 Chaldaea,
2063 1791 2131 1825 Or-

1133 1835 1271 1878 chima,
1306 1839 1439 1871 Arabia
1464 1840 1566 1879 felix,
1603 1848 1763 1884 spectant
1789 1844 2069 1887 septentrionem
2098 1849 2132 1876 et

1133 1901 1317 1929 occasum,
1346 1890 1441 1923 iuxta
1458 1891 1563 1924 situm
1583 1892 1771 1926 universae
1796 1900 1922 1929 terrae.
1982 1895 2045 1928 Est
2068 1894 2132 1938 igi-

1133 1946 1190 1973 tur
1222 1941 1387 1984 cognatio
1421 1954 1499 1974 cuni
1536 1943 1714 1987 triangulo
1747 1958 1890 1979 occasus
1923 1946 2130 1985 solstitialis,

1131 1991 1274 2031 Ariete,
1301 1991 1422 2026 Leone
1440 2000 1471 2026 et
1489 1994 1701 2038 Sagittario;
1739 2003 1772 2029 et
1797 2004 1967 2041 praesunt
1984 1996 2130 2041 Iupiter,

1132 2042 1230 2076 Mars
1249 2050 1282 2075 et
1295 2044 1506 2078 Mercurius.
1547 2044 1670 2091 ltaque
1686 2045 1753 2080 hae
1771 2055 1891 2091 gentes
1906 2049 2018 2093 magis
2034 2061 2130 2081 exer-

1133 2100 1212 2126 cent
1230 2102 1448 2129 mercaturas
1476 2104 1510 2129 et
1537 2109 1656 2130 rerum
1675 2101 1972 2142 perumtationes,
1999 2107 2031 2133 et
2049 2106 2131 2133 sunt

1132 2145 1244 2189 magis
1267 2147 1420 2187 versuti,
1460 2148 1702 2191 periculorum
1729 2157 1992 2195 contemptores
2019 2159 2052 2184 et
2076 2152 2131 2183 in-

1132 2196 1338 2237 sidiatores,
1373 2205 1406 2231 et
1431 2199 1559 2233 animis
1583 2201 1769 2235 servilibus
1795 2209 1827 2234 et
1852 2203 2000 2235 omnino
2026 2203 2130 2243 varii,

1131 2254 1171 2281 ut
1186 2249 1368 2282 stellarum
1389 2250 1483 2282 inter
1500 2264 1534 2284 se
1562 2253 1795 2296 configuratio
1819 2254 1943 2287 talium
1969 2254 2130 2298 ingenio-

1131 2311 1210 2332 rum
1231 2301 1438 2334 varietatem
1458 2302 1573 2336 efficit.
1626 2303 1671 2336 Et
1688 2302 1813 2337 harum
1831 2305 2017 2349 regionum
2044 2318 2129 2339 cava

1132 2351 1254 2396 Syria,
1282 2351 1433 2392 Iudaea,
1467 2352 1655 2394 Idumaea,
1690 2356 1801 2399 magis
1823 2357 1938 2390 Arieti
1961 2363 1995 2390 et
2019 2357 2129 2390 Marti

1133 2402 1397 2437 attribuuntur:
1453 2412 1535 2438 sunt
1561 2405 1669 2447 igitur
1694 2409 1864 2448 audaces,
1889 2409 2128 2453 ,superstitio-

1132 2466 1216 2486 num
1264 2461 1529 2499 contemptores
1564 2463 1598 2489 et
1632 2457 1875 2498 insidiatores;
1930 2459 2128 2494 Phoenices

1131 2517 1216 2537 vero
1249 2513 1283 2538 et
1312 2505 1483 2539 Chaldaei
1515 2514 1548 2539 et
1582 2507 1746 2542 Orcliinii
1766 2537 1775 2550 ,
1829 2510 1942 2544 Leoni
1976 2519 2009 2545 et
2034 2512 2126 2545 Soli:

1132 2569 1241 2602 quare
1258 2555 1294 2589 hi
1320 2558 1431 2601 magis
1456 2558 1600 2602 ingenui
1633 2567 1666 2593 et
1688 2561 1837 2595 benefici
1862 2570 1963 2604 sunt,
1999 2570 2032 2596 et
2056 2570 2127 2596 stu-

1130 2608 1223 2641 diosi
1238 2609 1422 2641 doctrinae
1440 2610 1482 2642 de
1505 2610 1660 2645 siderum
1684 2620 1785 2646 motu
1811 2621 1845 2646 et
1869 2614 2127 2655 effectionibus,

1131 2666 1165 2692 et
1188 2672 1274 2703 prae
1300 2661 1446 2694 caeteris
1472 2664 1635 2705 gentibus
1660 2665 1781 2697 colunt
1808 2665 1939 2699 Solem.
1993 2666 2125 2698 Arabia

1128 2711 1211 2744 felix
1242 2712 1354 2756 magis
1386 2713 1593 2747 attribuitur
1622 2715 1814 2759 Sagittario
1841 2723 1873 2750 et
1895 2716 1988 2750 Iovi:
2030 2718 2125 2751 unde
