2373 2980
205 89 276 123 331
773 89 895 123 PHIL.

253 175 332 208 Hec.

373 170 471 205 Nihil
505 184 608 205 curae
641 178 689 204 est
722 171 826 210 mihi;

612 233 777 264 puenann

205 273 301 309 1275
332 275 401 307 Pol.
422 272 467 305 Et
487 280 581 304 tuam
603 272 746 316 quidem
762 285 902 308 necesse
920 281 970 308 est
988 275 1096 309 filiam
1110 276 1193 311 Cas-

612 324 778 356 sandram
803 326 907 359 mori.

251 377 329 408 Hec.
362 372 581 411 Abominor,
610 373 675 416 ipsi
692 371 778 407 haec
798 376 859 408 tibi
876 376 994 410 tribuo
1010 375 1152 411 habere.

248 426 320 458 Pol.
347 422 536 456 interficiet
556 424 668 467 ipsam
692 422 796 459 liuius
820 427 975 460 coniunx
997 429 1189 462 domestica

605 475 742 508 acerba.

245 527 327 560 Hec.
355 524 408 558 ΚΕ
432 536 589 570 unquam
618 525 772 559 insaniat
798 540 907 572 usque
933 530 1020 562 adeo
1045 529 1189 573 Tynda-

608 577 658 608 rei
677 577 760 611 filia.

246 626 318 658 Pol.
351 623 525 670 illumque
551 625 664 670 ipsum
690 633 849 667 tantuin,

600 689 751 711 sursum.

197 726 294 761 1280
321 728 442 769 Ayam.
462 726 556 760 Heus
572 734 609 760 tu
626 727 771 767 insanis,
790 736 822 761 et
840 729 931 761 mala
952 730 1087 773 appetis
1105 742 1186 763 con—

604 779 715 823 sequi.

560 830 731 874 quoniam
757 830 793 862 in
813 831 916 874 Argis
941 829 1182 864 homicidialia

600 879 738 912 lavacra
760 887 792 913 te
810 889 965 915 manent.

242 929 362 971 Ayam.
390 927 472 961 Non
491 927 636 963 trahetis
653 930 768 973 ipsum
787 932 911 965 famuli
929 945 969 966 ex
995 939 1183 976 conspectu

601 992 664 1023 per
688 981 786 1013 vim?

241 1029 314 1061 Pol.
343 1026 505 1072 Doles⁵⁷)
525 1030 696 1063 audiens?

240 1081 361 1122 Ayam.
390 1077 472 1112 Nou
497 1077 706 1113 cohibebitis
727 1080 846 1124 os³3)'?

883 630 1034 662 securim
1062 630 1187 663 tollens

243 827 315 860 Pol.
345 825 502 860 interfice
514 855 523 867 ,

224 1177 271 1207 57)
292 1178 391 1205 Doles]
412 1176 451 1200 sic
470 1179 545 1201 recte
565 1178 612 1209 (Ξ
631 1178 724 1208 Eurip.
743 1175 863 1209 Ἄλγεῐς)
883 1178 966 1203 Editt.
985 1179 1084 1211 Barth,
1103 1180 1182 1203 Mus·
1208 1172 1209 1188 ³

257 1217 354 1242 grain,
375 1212 449 1239 Fix.;
475 1212 524 1235 Ed.
547 1213 620 1238 1562.
642 1214 728 1236 male:
754 1214 851 1238 DoloS.

222 1254 274 1311 583²
291 1256 336 1283 os]
357 1255 397 1278 sic
415 1257 462 1283 (Ξ
481 1255 574 1286 Eurip.
595 1254 700 1287 στόμα)
721 1256 802 1279 Editt.
824 1257 943 1285 recent.;

277 1293 344 1312 eest.

978 1255 1006 1279 iu
1032 1255 1080 1279 Ed.
1108 1256 1182 1284 1562

272 1510 346 1537 Huic
369 1510 602 1546 interpretationi
625 1509 756 1537 addimus
771 1509 987 1547 Prologum,
1011 1517 1097 1547 quem
1112 1509 1179 1536 Me-

189 1552 308 1580 lanthon
332 1553 359 1579 iu
386 1552 507 1579 eandem
531 1552 679 1589 Euripidis
707 1552 888 1589 tragoediam
917 1552 1040 1589 scripsit.
1091 1551 1178 1579 Illum

187 1594 345 1629 exhibent,
367 1601 398 1622 ut
421 1594 477 1621 iam
500 1603 588 1631 supra
610 1603 642 1631 p.
658 1593 721 1623 291
739 1604 784 1631 sq.
808 1594 951 1631 diximus,
980 1594 1010 1621 hi
1033 1595 1113 1622 libri:

253 1662 297 1681 ·a.
330 1653 456 1689 Farrago
478 1653 635 1681 Seceriana
657 1654 768 1690 aliquot
789 1654 1037 1691 Epigrammatum
1059 1653 1150 1689 Mel.;

270 1705 296 1731 b.
327 1703 521 1731 Melantlionis
544 1702 624 1741 Opp.
647 1703 735 1731 Basil.
759 1704 843 1732 Tum.
860 1704 892 1733 V.
916 1713 945 1741 p.
962 1702 1054 1739 331.;

271 1763 296 1781 c.
325 1754 443 1790 Prologi
465 1754 591 1791 aliquot,
616 1754 683 1781 olim
706 1754 828 1782 scenicis
841 1755 1000 1783 actionibus
1015 1755 1178 1792 praemissi,

313 1796 449 1823 exhibitis
471 1797 501 1823 iu
523 1796 678 1824 Academia
700 1797 908 1833 Yitebergensi
930 1797 982 1825 sol.
996 1799 1019 1824 A
1035 1797 1082 1831 S.;

269 1846 297 1874 d.
329 1846 480 1874 Grathusii
503 1847 636 1874 collectio
659 1847 838 1884 Epigramm.
861 1847 931 1876 Mel.
954 1847 1006 1876 sol.
1022 1846 1112 1883 K6.;

269 1906 297 1925 e.
327 1897 476 1924 Vincentii
499 1897 587 1924 editio
609 1897 788 1934 Epigramm.
811 1896 884 1926 Mel.
906 1897 958 1926 fol.
973 1898 1003 1926 K
1018 1894 1176 1934 lb—2³;

268 1945 291 1973 f.
322 1945 406 1973 liuius
429 1947 516 1983 Corp.
539 1946 671 1974 Reform.
696 1946 761 1974 Vol.
776 1945 811 1975 X.
835 1956 864 1984 p.
881 1946 953 1976 499.
977 1957 1023 1977 nr.
1038 1947 1089 1977 46.

260 2012 486 2059 Prologus
522 2013 565 2047 in
598 2012 818 2049 Hecubam
845 2013 1096 2062 Euripidis.

233 2081 373 2115 Salvcte
382 2081 411 2127 ¹)
431 2087 644 2125 spectatores
667 2082 931 2122 candidissimi,

235 2132 307 2177 Qui
322 2132 517 2165 litterariae
534 2132 588 2164 rei
604 2132 694 2165 bene
709 2132 836 2177 cupitis
847 2158 855 2172 ,

233 2183 280 2215 Hi
297 2195 353 2215 me
369 2183 513 2216 iuvenes
530 2183 651 2216 daturi
668 2181 774 2216 hodie
792 2184 1011 2227 tragoediam
1023 2212 1032 2226 ,

233 2233 348 2267 Orare
368 2245 508 2266 causam
526 2234 621 2278 apud
637 2245 699 2267 vos
716 2234 894 2268 iusserunt
908 2247 1020 2271 suam.

234 2283 317 2317 Ideo
333 2282 391 2316 hic
407 2284 444 2316 in
462 2284 538 2328 ipso
555 2284 697 2318 constiti
712 2285 899 2329 proscenio
912 2312 921 2326 ‚

230 2334 277 2368 Et
293 2335 366 2378 lege
382 2335 517 2367 scenica
537 2342 620 2379 peto
632 2362 640 2375 ‚
668 2342 708 2368 ut
726 2336 847 2382 aequis
866 2336 1021 2373 auribus.

233 2385 446 2418 Orationem
464 2386 643 2429 accipiatis
666 2389 802 2427 meam,
831 2393 864 2420 et
884 2400 981 2422 meos

233 2436 402 2480 Gregales
420 2436 590 2468 invidiam
611 2444 733 2470 contra
752 2438 935 2473 tueamini.

234 2487 393 2532 Quidam
411 2498 506 2519 novo
524 2488 595 2530 et‘-')
614 2487 759 2521 infando
780 2490 941 2534 exemplo
958 2490 1160 2531 clamitant,

223 2588 251 2620 1)
271 2586 395 2619 salvete]
415 2587 465 2611 Ed.
485 2586 579 2611 Gratti.
599 2593 695 2611 errore
713 2591 840 2620 typogr.:
867 2591 991 2614 Salvere.

217 2632 248 2659 2)
268 2632 310 2659 et]
332 2630 373 2653 sic
391 2630 459 2659 Opp.
478 2629 580 2660 Basti„
605 2629 733 2661 Prolog.,
759 2632 903 2662 Grathus.;

251 2665 309 2688 Bes.
330 2665 381 2689 X.:
407 2667 498 2694 atquc.

931 89 1042 124 MEL.
1076 89 1277 125 SCRIPTA
1311 91 1647 129 PHILOLOGICA.

870 180 908 207 tu
944 172 1033 207 mihi
1065 175 1193 210 dedisti

941 2633 1020 2658 Vinc.
1045 2634 1072 2657 et
1093 2632 1174 2664 Coi-p.
1200 2638 1203 2649 ¹

2161 101 2237 139 332

1295 179 1367 212 Pol.
1395 179 1622 219 Concludite;
1653 180 1785 214 dictum
1803 187 1856 215 est
1871 182 1979 217 enim.

1295 231 1416 272 Ayam.
1444 230 1500 262 An
1517 243 1590 263 non
1606 242 1714 276 quam
1734 232 1916 266 celerrime
1931 233 1977 280 ⁶⁹)

1246 279 1344 314 1285
1371 279 1569 314 Insularum
1598 283 1817 314 desertarum
1849 283 1963 327 ipsum
1981 285 2026 331 ⁶⁰)
2062 287 2233 322 abiicietis

1659 332 1696 364 in
1725 332 1900 378 aliquam,

1293 380 1475 424 Quoniam
1489 382 1538 415 sic
1555 388 1589 415 et
1606 382 1757 415 nimium
1774 383 1912 416 licentia
1929 385 2001 418 oris
2018 386 2202 421 abutitur?

1292 431 1435 465 Hecuba
1447 458 1457 471 ,
1486 438 1524 465 tu
1540 445 1624 466 vero
1642 445 1662 466 o
1681 433 1809 467 misera
1828 435 1987 478 geminos
2003 443 2162 472 mortuos

1291 482 1434 515 Vadens
1450 484 1609 527 sepelito.
1644 483 1884 518 Dominorum
1910 498 1994 519 vero
2011 500 2073 521 vos
2091 495 2233 532 oportet

1292 533 1464 566 Tentoria
1481 535 1665 575 accedere,
1692 535 1878 569 Troiades.
1929 536 2072 571 Etenim
2092 545 2216 574 ventos

1243 583 1342 618 1290
1369 584 1526 618 Domum
1541 598 1662 619 versus
1681 586 1752 618 iam
1770 584 1874 620 hosce
1891 588 2041 623 ferentes
2056 589 2172 624 video.

1292 634 1439 667 Utinam
1465 636 1554 669 bene
1583 636 1620 668 in
1650 638 1805 680 patriam
1825 638 2050 681 navigemus;
2093 641 2231 675 utInam

1649 699 1739 733 quae
1757 688 1855 721 domi
1876 695 1976 729 sunt,
2241 684 2248 693 ¹

1290 735 1386 769 Bene
1420 735 1551 770 habere
1584 738 1787 778 videamus,
1837 739 1881 771 ab
1914 737 1968 773 his
1998 741 2141 774 liberati
2179 743 2230 775 la-

1650 789 1807 823 boribus.

1289 838 1386 871 Gltor.
1414 836 1462 871 Ite
1480 840 1525 871 ad
1540 846 1665 883 portus
1681 846 1714 873 et
1730 840 1881 873 tentoria
1894 867 1904 880 ,

1287 887 1528 922 Dominarum
1556 897 1757 923 tentatur-ac

1933 852 1953 873 o
1970 841 2105 875 amicae
2116 868 2125 881 ‚

1206 936 1212 1030 ι
1238 937 1335 973 1295
1363 939 1533 974 Labores.
1587 940 1686 974 Dura
1711 941 1804 974 enim
1828 941 2026 975 necessitas.

1266 1092 1314 1123 59)
1335 1094 1396 1118 Pol.
1415 1093 1500 1117 Doles
1519 1105 1555 1110 -
1571 1093 1730 1122 celerrime]
1756 1093 1782 1117 hi
1807 1095 1924 1124 quatuor
1950 1099 1992 1117 νε.
2018 1094 2045 1117 in
2069 1093 2119 1117 Ed.
2138 1093 2224 1119 Bam.

1303 1127 1330 1150 in
1348 1127 1416 1151 duos
1434 1129 1499 1150 sunt
1517 1127 1664 1151 coniuncti.

1266 1192 1319 1250 6οὲ
1334 1193 1436 1223 ipsum]
1454 1193 1493 1217 sic
1512 1192 1558 1224 (=
1573 1194 1667 1223 Eurip.
1686 1190 1787 1220 αὐτὸν)
1807 1193 1891 1217 Editt.
1910 1196 2029 1224 recent&
2048 1193 2077 1218 in
2091 1194 2139 1219 Ed.
2148 1193 2226 1220 1562.

1322 1231 1389 1251 Cest-

1280 1507 1407 1541 Factos
1424 1508 1543 1552 aliquo
1553 1506 1583 1553 3)
1603 1514 1762 1550 tempore
1780 1507 1883 1539 ludos
1899 1506 2074 1546 scenicos,

1282 1557 1327 1591 Et
1343 1570 1418 1592 sera
1437 1556 1672 1591 Bacchanalia
1693 1569 1710 1589 a
1728 1557 1830 1589 nobis
1847 1556 1922 1600 agi,

1282 1608 1376 1641 Dum
1395 1607 1605 1642 Christianis
1623 1608 1845 1651 operandum
1867 1606 1975 1640 sacris
1991 1606 2069 1639 fuit.

1282 1659 1354 1693 Nec
1372 1659 1530 1703 publicos
1549 1671 1686 1699 mores,
1712 1670 1777 1690 nec
1793 1669 1892 1691 sacra
1908 1657 2048 1690 laedere

1281 1709 1375 1744 Ludi
1394 1717 1529 1756 queunt
1543 1709 1668 1743 nostri.
1719 1709 1811 1742 Nam
1829 1720 1904 1741 non
1922 1707 2147 1740 comoediam

1280 1760 1497 1802 Iocularem,
1525 1767 1586 1794 aut
1603 1759 1774 1793 iuveniles
1797 1771 1955 1799 amores,
1981 1759 2119 1792 furtave

1278 1812 1483 1845 Puellarum
1495 1839 1504 1852 ‚
1531 1818 1593 1844 aut
1608 1811 1848 1855 parasitorum
1866 1809 2028 1843 scurrilia

1279 1862 1358 1897 Huc
1373 1864 1583 1896 adferuntur
1591 1862 1622 1907 ⁴)
1640 1861 1731 1894 dicta
1743 1887 1752 1901 ‚
1780 1872 1871 1905 quae
1889 1860 2039 1893 infirmis
2055 1859 2170 1893 solent

1279 1914 1415 1948 Nocere
1435 1914 1630 1950 mentibus;
1657 1912 1719 1945 Sed
1736 1911 1857 1944 tetrica
1876 1911 2013 1950 fabula,

1279 1965 1541 2010 Sententiisque
1559 1964 1687 1996 referta
1706 1962 1922 2006 gravissimis
1940 1962 2067 2001 datur,

1276 2015 1318 2049 In
1335 2028 1403 2061 qua
1418 2018 1583 2049 fortunae
1600 2013 1717 2046 varias
1733 2024 1875 2046 cernere
1895 2019 1946 2046 est
1963 2011 2073 2051 vices,

1279 2068 1380 2111 Quae
1398 2066 1534 2110 magnis
1553 2064 1678 2109 opibus
1695 2064 1874 2104 invidens,
1903 2069 2080 2101 evertere,

1276 2118 1472 2162 Fastigium
1492 2118 1535 2149 ad
1553 2128 1732 2150 summum
1751 2126 1839 2160 quos
1855 2114 1988 2153 evexit,
2014 2113 2116 2146 solet.

1279 2169 1316 2202 Si
1334 2181 1438 2214 quem
1454 2169 1597 2201 fortuna
1618 2167 1708 2200 fovit
1725 2165 1868 2199 mollius
1878 2165 1909 2210 5)
1926 2163 2096 2197 hactenus
2107 2189 2117 2203 ‚

1277 2220 1513 2265 Regnumque
1529 2219 1557 2252 si
1575 2218 1630 2251 cui
1648 2229 1768 2261 gerere
1785 2214 2026 2261 precarium⁶)
2044 2214 2143 2247 dedit

1278 2269 1318 2303 In
1353 2271 1486 2315 populo
1506 2297 1515 2310 ,
1568 2267 1662 2303 hunc
1697 2273 1841 2301 nostrae
1876 2271 2107 2299 commonent
2147 2268 2219 2295 tra-

1639 2318 1785 2364 goediae

1260 2436 1291 2469 3)
1311 2435 1416 2467 aliquo]
1435 2435 1476 2460 sic
1494 2433 1829 2467 Opp.nasu,1³roiog.,
1848 2434 1961 2466 Grathq
1986 2435 2066 2460 Vino.
2087 2435 2115 2459 et
2133 2433 2217 2466 corp.
2330 2452 2332 2465 ,

1295 2472 1356 2495 ner.
1376 2470 1428 2494 X.:
1456 2470 1557 2494 alieno.
2330 2480 2333 2487 ,

1261 2515 1292 2542 4)
1309 2513 1488 2539 adferuntur]
1514 2510 1554 2535 sic
1574 2511 1641 2540 Opp
1660 2511 1762 2541 nasu,

1296 2547 1376 2577 Corp.
1396 2547 1455 2569 nef.
1474 2546 1525 2570 X.:
1551 2545 1687 2569 adferunt.

1789 2511 1900 2543 Prolog.
1908 2528 1918 2543 ,
1945 2511 2056 2541 Grath.‚
2088 2510 2171 2535 Vinc-
2191 2511 2219 2535 et

1261 2591 1292 2617 5)
1311 2587 1432 2620 mollius]
1452 2589 1532 2618 corp.
1556 2589 1616 2612 Res.
1636 2589 1671 2612 X.
1690 2594 1787 2612 errore
1805 2590 1932 2620 typogm
1956 2588 2095 2614 monibus.

1260 2631 1290 2663 6)
1311 2630 1479 2660 precarium]
1508 2630 1548 2654 sic
1573 2630 1641 2660 Opp.
1660 2630 1761 2660 Basst..
1787 2630 1916 2662 Prolog.,
1942 2631 2054 2661 Grath.;
2090 2630 2169 2656 vinc.
2190 2636 2217 2658 et

1296 2665 1378 2695 Con-p.
1398 2665 1458 2690 Res.
1478 2665 1529 2689 X.:
1554 2665 1735 2695 praeclarum.
