2373 2980
80 103 128 139 86
135 103 152 138 1
505 99 644 134 LXVII.

132 188 287 222 Tonitru
303 185 396 219 Iovis
415 185 559 231 reliquit
576 186 757 219 flammam
768 185 840 232 3⁸)3'

82 241 156 274 600
179 238 337 272 Evertite
355 239 398 270 ad
415 237 530 271 solum
548 239 736 271 tremulam
756 239 917 278 domum,

131 290 289 324 Evertite
302 317 311 330 ,
336 301 356 322 o
374 289 587 327 Maenades;

130 342 205 375 Rex
222 341 316 375 enim
337 341 490 380 accedit,
515 352 654 374 sursum
673 342 838 373 deorsum
857 351 994 384 ponens

132 393 234 426 Hanc
250 394 395 426 domum
408 419 417 431 ,
439 390 619 432 Bacchus,
642 390 734 425 Iovis
750 391 853 425 filius.

79 477 317 528 [Bacchus,
356 479 538 518 Chorus,
571 477 807 517 Pentheus,
840 472 1070 521 Nuntius]

130 550 212 583 Bac:=
241 547 425 580 Barbarae
450 545 637 585 mulieres,
662 546 799 579 adeone
822 549 1071 577 consternatae

496 603 606 637 metu,

80 650 154 686 605
171 651 226 685 Ad
244 649 359 684 solum
378 647 576 682 cecidistis?
594 647 735 691 gavisae
754 647 847 688 estis,
863 653 903 681 ut
918 646 1072 685 videtur,

490 697 632 733 Baccho

131 753 366 788 Concutiente
381 753 529 786 domum
547 748 719 789 Penthei;
745 750 805 783 sed
825 749 938 782 tollite

131 806 282 850 Corpus,
299 810 333 837 et
343 805 551 837 confirmate
563 802 737 841 membra,
755 800 887 834 omisso
905 807 1073 833 tremore.

131 858 228 893 Ultor.
280 855 313 889 Ο
356 856 478 889 lumen
521 853 625 887 nobis
668 852 865 885 maximum
906 848 1073 885 Bacchici

492 905 636 943 furoris,

129 959 180 993 Ut
202 959 317 992 libens
341 964 375 992 te
399 957 492 997 vidi,
525 968 604 989 cum
628 955 728 1000 prius
755 953 926 988 haberem
951 953 1074 987 solitu-

500 1007 632 1040 dinem.
966 1048 973 1052 ,

80 1063 154 1096 610
188 1063 272 1096 Bac.
305 1060 494 1093 Veneratis
518 1059 556 1091 in
581 1057 889 1102 desperationem,
929 1056 1075 1102 quando

493 1110 662 1143 mittebar

129 1164 321 1209 Tanquam
340 1174 486 1196 casurus
500 1162 539 1194 in
558 1168 676 1194 atrum
696 1172 871 1193 carcerem
890 1156 1054 1193 Penthei.

132 1216 230 1250 Ghor.
260 1214 455 1258 Quomodo
481 1211 604 1246 enim'?
628 1224 735 1244 nemo
761 1210 851 1244 mihi
876 1212 946 1245 dux
975 1216 1076 1249 esset,

493 1264 522 1297 si
537 1263 601 1296 tibi
619 1263 755 1309 aliquid
772 1263 858 1296 mali
877 1263 1062 1296 accideret.

132 1316 201 1350 Sed
229 1316 413 1362 quomodo
437 1315 607 1348 liberatus
635 1327 690 1354 es,
718 1315 755 1347 in
781 1315 899 1348 virum
924 1313 1074 1358 impium

499 1366 659 1399 incidens
672 1365 688 1398 ?

130 1420 213 1452 Bac.
234 1417 311 1461 Ipse
329 1430 385 1450 me
401 1418 515 1461 ipsum
535 1417 686 1449 liberavi
703 1417 804 1449 facile
822 1417 897 1450 sinc
915 1417 1049 1451 labore.

80 1467 154 1504 615
179 1470 276 1504 ΟῘιον.
304 1469 386 1503 Non
406 1468 528 1512 ligavit
546 1474 643 1501 tuam
663 1480 810 1501 manum
832 1468 868 1500 in
888 1468 1064 1502 vinculis?

131 1523 214 1556 Bac.
256 1519 296 1552 In
317 1518 372 1554 his
395 1520 502 1553 etiam
528 1519 615 1553 elusi
641 1531 743 1560 eum,
770 1520 853 1566 quia
881 1520 992 1564 ligare
1019 1533 1075 1553 me

495 1577 638 1615 putans,

132 1623 257 1668 Neque
281 1621 416 1666 attigit,
442 1634 558 1668 neque
580 1622 704 1656 nexuit
719 1634 804 1663 nos,
829 1623 888 1657 sed
908 1623 1076 1667 pasceba-

498 1680 557 1706 tur
573 1674 672 1706 inani
689 1686 761 1717 spe.

132 1724 320 1758 Inveniens
348 1730 490 1758 taurum
521 1726 565 1758 ad
594 1726 778 1770 praesepia
795 1751 804 1765 ,
849 1725 909 1758 ubi
936 1726 1076 1759 conclu-

497 1777 541 1810 sit
558 1788 635 1817 nos,

132 1827 224 1860 Huic
240 1827 361 1862 iniecit
377 1829 525 1874 laqueos
543 1830 587 1861 ad
605 1840 718 1872 genua
742 1834 776 1861 et
794 1828 914 1873 pedes,

82 1879 157 1915 6Ξο
188 1877 415 1913 Iracundiam
443 1880 602 1926 spirans,
635 1887 668 1914 et
694 1881 859 1914 sudorem
888 1893 905 1913 a
925 1892 1076 1925 corpore
1103 1900 1105 1908 ·

497 1932 646 1972 stillans,

133 1983 260 2017 Labris
277 1985 366 2018 dans
382 1984 523 2022 dentes;
551 1996 615 2028 ego
633 1996 745 2029 prope

133 2036 284 2081 Quietus
303 2037 428 2069 sedens
448 2036 604 2080 adspexi.
656 2035 793 2069 Interea
812 2034 984 2079 temporis

136 2087 323 2121 Concussit
338 2087 484 2122 veniens
493 2085 654 2121 Bacchus
671 2089 832 2127 domum,
849 2092 883 2119 et
900 2087 938 2119 in
952 2085 1077 2119 matris

511 2140 674 2184 sepulcro

134 2189 255 2235 Ignem
281 2191 479 2230 succendit;
504 2188 562 2224 hic
586 2203 691 2231 vero,
723 2196 763 2224 ut
790 2189 898 2229 vidit,
929 2190 1075 2223 domum

502 2244 626 2276 ardere
648 2248 791 2288 putans,

84 2290 159 2328 625
183 2293 323 2328 Saltans
342 2291 410 2327 huc
429 2300 464 2327 et
480 2294 583 2335 illuc,
605 2294 749 2328 famulis
767 2306 897 2340 aquam
914 2294 1007 2326 ferre

135 2343 253 2383 Iubet;
271 2357 396 2379 omnes
413 2353 516 2379 erant
534 2346 697 2391 occupati
711 2347 842 2380 frustra
859 2346 1076 2379 laborantes.

135 2396 314 2430 Omittens
344 2409 430 2430 vero
463 2395 559 2431 hunc
587 2399 747 2432 laborem
762 2424 771 2439 ‚
816 2404 988 2443 tanquam
1020 2409 1076 2430 me

496 2450 616 2494 elapso

134 2499 263 2533 Fertur
281 2500 438 2544 gladium
455 2506 571 2534 atrum
591 2499 734 2545 rapiens
751 2500 845 2534 intra
863 2501 1024 2534 domum.

134 2551 273 2585 Deinde
288 2552 457 2586 Bromius
475 2551 591 2598 (dico,
608 2559 647 2586 ut
664 2550 753 2585 mihi
768 2553 882 2586 visum
904 2552 971 2598 est)

118 2652 167 2680 38)
188 2654 274 2682 Quam
294 2652 357 2676 oiim
376 2664 411 2668 —
429 2652 563 2676 flammam
571 2648 598 2684 ἓ]
616 2651 655 2676 sic
674 2646 758 2676 mitt.
777 2652 863 2681 15³0..
885 2652 976 2681 15624
996 2652 1073 2676 Fix.:

155 2693 233 2717 quam
259 2688 312 2710 illa
338 2687 473 2716 quondam
499 2687 613 2711 fulmine
637 2692 769 2718 percussa
800 2687 911 2717 reliquit
940 2687 1073 2710 flammam

154 2722 187 2745 de
201 2721 275 2745 lovis
294 2718 426 2752 fulgure?

701 98 1100 134 INTERPRETATIO
1123 98 1424 134 BACCHARUM
1450 97 1700 132 EURIPIDIS.

2045 101 2119 137 862

1126 186 1200 221 630
1243 185 1341 220 Fecit
1367 191 1545 230 spectrum
1574 184 1612 217 in
1637 184 1737 225 aula,
1781 186 1825 218 ad
1850 185 1947 231 quod
1971 187 2120 220 tendens

1544 233 1727 270 Pentheus

1175 287 1353 328 Sahabat,
1373 294 1407 321 et
1424 288 1628 333 pugnabat,
1650 294 1829 332 spectrum
1847 301 1914 333 pro
1934 301 1991 322 me
2011 288 2120 322 inter-

1544 340 1712 373 fecturus.

1175 389 1323 423 Caetera
1341 388 1501 424 Bacchus
1519 390 1634 434 ipsum
1654 391 1775 431 laedit,

1176 441 1407 486 Domumque
1426 442 1470 473 ad
1487 442 1603 474 solum
1621 441 1742 482 diruit,
1760 449 1793 475 et
1809 448 1881 474 tota
1901 444 2052 476 contrita
2070 450 2121 477 est

1175 492 1323 526 Videnti
1340 504 1418 525 mea
1436 492 1578 525 vincula
1596 492 1663 536 ipsi
1679 494 1802 526 acerba
1817 507 1824 531 ;
1846 506 1931 538 prae
1949 495 2120 539 defatiga-

1543 543 1642 576 tione

1127 593 1202 630 635
1220 594 1398 628 Amittens
1416 594 1573 638 gladium
1592 594 1807 638 languescit;
1825 597 1992 631 adversus
2003 597 2121 631 Deum

1545 657 1639 678 enlm

1178 696 1218 730 In
1247 709 1405 742 pugnam
1435 697 1556 730 venire
1593 708 1698 729 ausus
1727 703 1814 730 erat.
1883 696 1958 741 Ego
1984 700 2121 743 placide

1542 745 1703 781 Bacchas
1721 748 1854 782 ducens
1872 760 1889 781 e

1178 800 1298 833 Domo
1310 827 1319 841 ,
1342 799 1448 833 venio
1467 801 1511 833 ad
1529 812 1592 833 vos
1604 826 1613 840 ‚
1637 797 1838 833 Pentheum
1859 812 1934 833 non
1950 813 2089 836 curans.

1179 851 1245 893 Et,
1270 857 1310 885 ut
1327 849 1418 884 mihi
1432 851 1594 891 videtur,
1622 851 1751 895 strepit
1770 852 1865 885 solea
1882 851 1919 884 in
1937 854 2065 885 domo:

1181 903 1261 937 Cito
1290 903 1327 936 in
1351 903 1566 937 vestibulum
1585 902 1714 936 veniet.
1769 903 1952 948 Quidnam
1975 910 2124 949 propter

1544 954 1611 987 ista
1628 952 1746 987 dicet?

1130 1005 1205 1040 640
1237 1005 1427 1039 Sustinebo
1452 1017 1534 1039 eum
1559 1005 1653 1038 facili
1677 1004 1820 1045 animo,
1856 1006 1994 1041 etiamsi
2021 1007 2123 1039 valde

1544 1056 1657 1090 iratus
1675 1057 1825 1090 venerit.

1182 1107 1392 1152 „Sapientis
1416 1107 1511 1141 enim
1532 1108 1601 1140 viri
1626 1114 1696 1147 est,
1721 1120 1882 1141 exercere
1899 1111 2123 1143 moderatam

1543 1159 1780 1193 iracundiam.

1183 1212 1265 1243 Pen.
1291 1209 1437 1242 Atrocia
1454 1211 1592 1254 patior;
1619 1211 1742 1254 effugit
1758 1208 1899 1255 hospes,

1182 1262 1253 1306 Qui
1270 1262 1379 1294 modo
1397 1261 1548 1296 vinculis
1566 1268 1641 1295 erat
1658 1263 1881 1296 constrictus.

1181 1313 1246 1346 Eia
1272 1311 1330 1346 hic
1355 1319 1407 1347 est
1429 1314 1495 1348 vir.
1550 1313 1647 1358 Quid
1673 1311 1741 1346 hoc
1759 1313 1810 1347 rei
1835 1313 1915 1347 est?
1941 1315 2126 1360 quomodo

1547 1371 1629 1398 ante
1649 1365 1864 1399 vestibulum

1132 1415 1206 1451 645
1233 1415 1458 1460 Conspiceris
1475 1427 1633 1460 egressus
1648 1429 1764 1449 meam
1783 1416 1958 1450 domum?

1182 1469 1264 1501 Bac.
1290 1467 1381 1501 Siste
1398 1467 1538 1511 pedem,
1557 1474 1591 1500 et
1607 1468 1766 1513 quietum
1785 1469 1911 1512 pedem
1929 1468 2003 1500 irae
2022 1479 2127 1512 pone.

1183 1521 1266 1552 Pen.
1294 1518 1400 1551 Unde
1420 1524 1458 1552 tu
1477 1519 1628 1553 excussis
1646 1519 1797 1553 vinculis
1814 1532 1972 1564 egressus
1991 1519 2050 1554 es?

1182 1574 1265 1605 Bac.
1289 1569 1420 1605 Nonne
1449 1570 1547 1603 dixi?
1571 1583 1693 1604 nonne
1721 1572 1907 1612 audivisti,
1924 1573 2021 1617 quod
2040 1578 2129 1606 esset

1547 1622 1729 1656 soluturus
1744 1635 1802 1656 me
1819 1623 1975 1669 aliquis?>

1182 1677 1265 1708 Pen.
1305 1672 1420 1719 Quis?
1459 1685 1600 1718 semper
1630 1674 1725 1707 enim
1759 1675 1875 1709 adfers
1906 1687 2020 1708 novos
2056 1685 2128 1708 ser-

1534 1737 1671 1759 mones.

1132 1775 1206 1811 650
1222 1778 1306 1811 Bae.
1331 1775 1403 1821 Qui
1421 1775 1533 1820 gignit
1548 1777 1761 1810 foecundam
1780 1777 1887 1810 vitem
1907 1775 2127 1811 hominibus.

1182 1830 1265 1863 Pen.
1293 1827 1352 1860 An
1370 1827 1497 1862 tribuis
1514 1826 1583 1862 hoc
1600 1835 1741 1862 tantum
1761 1829 1897 1862 bonum
1914 1827 2082 1863 Baccho?

1182 1882 1267 1914 Bac.
1291 1879 1466 1914 claudere
1482 1880 1588 1914 iubeo
1607 1892 1731 1914 omnes
1751 1886 1867 1915 turres
1885 1881 2128 1915 circumcirca.

1183 1935 1265 1966 Pen.
1289 1931 1346 1964 An
1365 1944 1440 1964 non
1456 1933 1715 1966 transcendunt
1731 1945 1854 1967 muros
1871 1932 1956 1966 Dii?

1182 1986 1265 2018 Bac.
1297 1983 1446 2028 Sapiens
1472 1985 1556 2019 satis
1581 1996 1637 2025 es,
1665 1991 1920 2031 praeterquam
1944 1984 1982 2017 in
2007 1984 2068 2025 iis,
2091 1984 2129 2017 in

1547 2036 1676 2082 quibus
1696 2038 1887 2081 oportebat
1904 2048 2043 2082 sapere.

1132 2086 1207 2122 655
1248 2090 1331 2122 Pen.
1372 2085 1414 2120 In
1449 2087 1578 2134 quibus
1614 2088 1770 2121 maxime
1807 2100 1897 2133 opus
1936 2094 1987 2122 est
2000 2114 2010 2128 ,
2049 2099 2127 2121 sum

1555 2139 1709 2184 sapiens.

1311 2189 1415 2226 Istius
1447 2203 1534 2225 vero
1568 2203 1751 2225 sermones
1784 2191 1934 2225 audiens
1967 2189 2127 2235 primum

1546 2243 1653 2283 disce,

1183 2294 1256 2339 Qui
1274 2306 1316 2328 ex
1331 2300 1455 2327 monte
1474 2295 1573 2328 adest
1591 2293 1729 2340 aliquid
1744 2294 1976 2327 nuntiaturus
1991 2292 2075 2332 tibi;

1181 2346 1256 2380 Nos
1273 2358 1360 2379 vero
1378 2343 1436 2378 hic
1452 2345 1698 2385 manebimus,
1723 2357 1790 2379 nec
1807 2345 1996 2390 fugiemus.

1182 2399 1275 2431 Nun.
1320 2395 1502 2439 Penthea,
1540 2397 1739 2442 imperator
1780 2395 1886 2432 huius
1931 2394 2126 2431 Thebanae

1539 2455 1669 2489 terrae,

1130 2500 1206 2534 660
1220 2499 1336 2533 Venio
1354 2500 1562 2546 relinquens
1579 2499 1847 2541 Cithaeronem,
1860 2500 1922 2534 ubi
1937 2511 2123 2545 nunquam

1179 2550 1399 2598 Liquescunt
1415 2552 1506 2586 sacri
1522 2552 1656 2586 cumuli
1673 2552 1846 2585 candidae
1863 2551 1967 2586 nivis.

1179 2605 1264 2637 Pen.
1294 2603 1389 2648 Quid
1410 2616 1494 2637 vero
1513 2604 1720 2638 nuntiatum
1742 2603 1895 2637 venisti?

1177 2656 1272 2689 Nun.
1290 2653 1380 2700 Ego,
1397 2656 1459 2701 qui
1478 2657 1645 2700 conspexi
1663 2653 1822 2689 Bacchas
1841 2656 2010 2694 furentes,
2032 2664 2124 2698 quae

1542 2719 1582 2740 ex
1598 2706 1663 2741 hac
1681 2715 1776 2741 terra

1182 2192 1263 2225 Bac.
