2373 2980
13 273 21 361 „222⁶

12 464 22 557 Wu—
14 455 16 458 <
20 441 22 448 s

10 807 23 1024 -22-002-2-1„
13 738 22 795 ‹ra-‚2
14 694 17 698 .

112 98 183 134 441
497 95 603 131 LVII.

159 184 292 217 Ferens
309 182 374 216 tria
394 189 539 215 cruenta
558 189 705 226 cognata
725 183 897 215 cadavera
911 209 920 221 ‚

164 236 316 268 Matrem
335 239 369 265 et
385 233 475 266 filios
488 260 497 271 ,
525 234 669 267 delicias
686 233 856 278 Erinnyis
869 232 898 252 ⁸⁷
907 232 964 279 ⁰)?

163 286 263 330 Quae
282 286 428 318 domum
447 284 577 329 Oedipi
593 296 740 329 prorsus
756 285 931 329 perdidit,

112 335 211 372 1510
238 336 394 380 Quando
412 347 538 369 saevae
557 342 590 369 et
610 336 798 380 perplexae

158 387 293 420 Subtile
309 399 454 420 carmen
472 386 644 420 intellexit
655 413 664 427 ‚

158 437 376 472 Interficiens
412 450 540 482 corpus
576 437 732 471 musicae
768 435 955 482 Sphingis,
1002 435 1107 484 (heu)

521 494 623 533 pater
631 487 678 535 s⁸)
691 502 697 521 ε

160 539 261 585 Quae
287 540 436 573 Graecia
448 538 541 586 88³²²),
580 539 659 584 quis
683 539 878 579 barbarus,
915 539 993 584 quis
1017 538 1107 572 alius

521 590 749 634 superiorum

157 640 340 675 Nobilium
352 667 361 681 ‚
387 641 555 675 sustinuit
571 648 624 674 tot
641 642 733 674 mala
746 668 755 681 ,

109 690 207 725 1515
235 692 305 725 Per
332 692 584 737 quotidianum
608 693 840 736 sanguinem,
881 694 968 727 tales
990 693 1104 726 luctus

519 743 727 776 manifestos
737 743 753 776 Ρ

157 793 191 826 O
208 792 336 826 misera
349 819 358 832 ,
386 792 475 826 sicut
493 792 649 836 ploratssss
658 794 689 838 ¹³)
707 793 882 839 quaedam
900 794 976 829 avis

156 843 196 877 In
213 843 361 877 summis
377 843 488 877 ramis
506 856 656 889 quercus
674 845 731 877 vel
747 844 872 878 abietis
884 872 894 885 ,

158 895 291 928 Sedens
308 894 446 938 privata
465 901 597 928 matre:

156 945 195 978 In
213 945 300 979 meis
319 945 507 979 eiulatibus
524 952 557 979 et
575 946 760 981 doloribus
777 947 941 981 similiter
956 960 1058 983 cano.

109 995 206 1033 1520
233 997 312 1030 Heu
336 997 374 1030 in
398 997 568 1038 luctibus,
605 1010 694 1043 quos
720 998 813 1032 eiulo
840 999 934 1032 inter
958 999 1023 1034 ista
1049 1012 1104 1033 ca-

516 1050 646 1082 davera
659 1076 668 1090 ‚

155 1099 303 1133 Deserta
321 1099 430 1132 vitam
449 1106 571 1134 actura
592 1113 753 1145 semper,

155 1151 303 1195 Semper
317 1150 533 1185 stillantibus
549 1149 741 1196 lachrymis
755 1153 903 1186 sonabo.

154 1204 210 1237 Ad
228 1215 333 1247 quem
353 1201 511 1245 primum
530 1214 548 1234 a
567 1203 785 1236 laceratione
805 1216 928 1236 comae

156 1253 337 1287 Primitias
355 1252 510 1286 iaciam?
538 1265 584 1286 an
602 1254 646 1286 ad
664 1255 805 1298 gemina
823 1255 949 1289 matris
965 1267 1064 1289 meae

107 1302 206 1340 1525
232 1304 352 1338 Ubera
372 1303 499 1338 lactis?
689 1303 691 1305 ’

153 1356 210 1389 An
228 1356 271 1388 ad
287 1361 513 1388 mortuorum
530 1356 679 1389 fratrum
697 1356 844 1390 vulnera
864 1357 1090 1401 perniciosa?

154 1407 252 1446 Heu,
279 1406 441 1451 relinque
465 1412 562 1439 tuam
582 1408 751 1447 domum,

151 1457 312 1491 Efferens
333 1469 475 1491 caecum
497 1458 659 1498 oculum,
687 1471 707 1491 o
726 1469 831 1492 senex
847 1458 965 1503 pater!

152 1509 329 1549 Ostende,
355 1521 375 1542 o
396 1509 552 1554 Oedipe,
580 1516 677 1542 tuam
696 1510 863 1543 miseram
880 1510 989 1543 vitam
1002 1536 1012 1550 ,
1040 1509 1101 1555 qui

519 1560 613 1594 intra
631 1562 778 1595 domum
790 1588 800 1601 ,

104 1610 203 1645 1550
242 1610 444 1644 Coniiciens
482 1610 694 1654 caliginosas
736 1612 899 1645 tenebras
942 1611 979 1645 in
1021 1617 1101 1645 tuos

516 1662 637 1696 oculos
649 1688 658 1703 ‚

152 1711 283 1747 Trahis
298 1713 442 1757 longam
462 1712 586 1748 vitam.

151 1764 284 1805 Audis,
313 1777 334 1797 ο
352 1776 476 1798 errans
494 1764 530 1797 in
548 1766 678 1805 domo,

150 1816 323 1850 Miserum
339 1817 467 1860 pedem
483 1816 630 1850 senilem
649 1817 686 1849 in
703 1815 810 1849 cubili
826 1815 1100 1850 circumferens?

153 1868 231 1901 Oea.
261 1867 382 1912 Quare
398 1880 475 1908 me,
503 1880 524 1900 o
543 1868 614 1901 filia
627 1896 636 1909 ,
663 1868 802 1902 incessu
817 1868 936 1901 baculi
954 1874 988 1902 et
1005 1868 1099 1901 caeci

103 1917 202 1953 1555
230 1918 355 1959 Pedis,
382 1919 560 1953 deduxisti
577 1921 621 1953 ad
639 1920 752 1953 lucem
764 1946 773 1960 ,

150 1969 360 2004 Manentem
377 1970 414 2001 in
431 1970 521 2001 lecto
534 1994 544 2008 ,
568 1981 610 2002 ex
628 1969 795 2003 thalamis
813 1970 1061 2010 tenebricosis,

148 2019 414 2054 Miserabilibus
430 2016 622 2065 lachrymis
630 2018 676 2066 ⁸⁹)

151 2072 289 2106 Canum
308 2069 461 2105 aetheris
477 2071 613 2104 idolum
633 2071 845 2112 evanidum,

131 2191 165 2216 &7
174 2191 197 2222 c)
217 2191 351 2222 Erinnyis
359 2189 385 2221 2]
397 2191 436 2216 sic
450 2190 498 2222 (=
508 2191 601 2222 Eurip.
614 2188 764 2223 Ἐριννύος)
773 2191 856 2216 Editt.
873 2192 993 2221 recent.;
1012 2191 1094 2215 Editt.

167 2227 258 2254 1558„
280 2226 355 2251 1562.
374 2224 549 2256 Erinnyum?

130 2269 179 2296 88)
201 2269 280 2296 (heu)
300 2269 394 2298 pater]
420 2268 461 2292 sic
479 2268 562 2292 Editt.
584 2269 675 2298 1558.,
702 2268 793 2297 1562.;
825 2268 917 2297 Eurip.
938 2268 987 2291 Ed.
1010 2269 1095 2292 Basil-

169 2303 243 2327 1551.
270 2305 297 2326 et
321 2303 380 2327 Fix.
406 2300 438 2326 Ιώ
463 2310 527 2334 μοι,
553 2300 656 2334 πάτερ,
687 2303 730 2326 hei
757 2302 837 2328 mihi,
869 2303 961 2332 pater!
1001 2305 1093 2334 Barth,

166 2338 271 2367 Musgr.
290 2334 322 2361 ἰώ
339 2345 406 2369 μοι,
424 2345 491 2369 μοι,
509 2335 596 2369 πάτερ
615 2338 667 2360 heu
686 2337 766 2368 mihi,
786 2337 866 2367 inihi,
888 2337 980 2367 pater!

131 2379 201 2411 88²)
223 2381 298 2410 Quae
317 2381 449 2409 Graecia]
470 2381 511 2404 sic
528 2381 611 2404 Editt.
627 2381 719 2411 1558„
741 2381 832 2409 1562.;
858 2381 952 2409 Barn.,
971 2382 1092 2409 nusgu:

168 2414 243 2442 Quae
263 2416 386 2444 (ἔτεκες
416 2416 491 2439 Fix.:
522 2415 588 2444 Quis
607 2415 732 2439 Graecus
750 2416 857 2445 (Eur-up.
878 2416 923 2441 Τίς
940 2413 1057 2443 Ἑλλάς).

132 2453 204 2486 881³)
223 2457 292 2480 sicut
311 2459 417 2487 plorat]
438 2458 478 2481 sic
498 2458 581 2480 Editt.
599 2458 685 2485 1553,
709 2458 783 2482 1562.
804 2457 851 2488 (Ξ
865 2457 959 2487 Eurip.
973 2459 1022 2483 Ed.
1040 2460 1092 2481 Ba-

167 2489 211 2513 sii.
232 2491 305 2516 1551.
325 2488 361 2519 ὡς
379 2491 516 2524 Uzitta„
537 2492 619 2517 Editt.
640 2494 758 2516 receut.z
778 2489 813 2519 ὠς
826 2490 948 2521 ἐλελίζω·
969 2494 998 2516 ut
1014 2494 1092 2523 ploro

166 2521 245 2555 [itin
271 2525 385 2558 defle0]!
796 2533 799 2535 “

131 2567 177 2598 89)
199 2567 401 2593 Miserabiiibus
421 2570 588 2600 lachrymis]
610 2570 651 2593 sic
670 2569 840 2593 emendanda
859 2576 923 2593 esse
942 2577 1090 2594 censemus

167 2601 253 2624 verba
270 2602 423 2627 Editionum
445 2605 534 2636 1553,
557 2605 647 2628 1562:
673 2604 884 2634 „Miser-abilis,
916 2603 1091 2635 1acr3-1inis’';

166 2635 314 2665 Euripides
337 2637 407 2661 enim
431 2639 526 2663 habet:
557 2636 756 2670 οἱκτροτάτοισι
780 2635 937 2669 δακρύοισι,
970 2645 1039 2669 quae
1065 2639 1090 2662 iu

166 2670 249 2693 Editt.
274 2671 372 2703 Barn.,
409 2674 513 2703 Musgr.
545 2674 586 2696 sic
611 2675 773 2696 vertuntur:
811 2673 929 2696 Maxime
953 2674 1090 2697 miserau-

165 2704 207 2727 dis
228 2705 376 2738 lacrymis,
397 2706 424 2729 in
445 2707 492 2730 Ed.
507 2707 582 2731 Fixa
607 2707 770 2731 miserrimis
790 2708 921 2732 lacrimis.
1044 2715 1047 2720 ¹

665 95 1065 132 INTERPRETATIO
1101 97 1479 134 PHOENISSARUM
1515 101 1765 138 EURIPIDIS.

2081 106 2157 143 442

1211 184 1283 216 Ant
1331 186 1483 218 cadaver
1531 188 1829 228 subterraneum,
1897 197 1958 224 aut
2013 192 2156 225 volatile

1576 239 1753 272 somnium
1765 239 1838 285 ⁹⁰)?

1162 282 1260 317 1540
1288 286 1371 317 Ant.
1399 285 1570 318 Miserum
1590 300 1790 322 sermonem
1808 293 1925 325 nuntii
1942 293 2043 327 seres.

1212 334 1245 366 Ο
1263 341 1385 377 pater,
1412 347 1486 367 nun
1505 338 1658 380 amplius
1678 340 1739 372 tibi
1758 341 1819 373 filii
1835 343 1959 375 vident

1211 384 1365 424 Lucem,
1393 397 1508 430 neque
1527 388 1701 429 coniunx,
1730 404 1820 435 quae
1839 394 1882 425 ad
1898 393 2063 427 baculum

1209 435 1341 468 Pedem
1362 442 1461 469 tuum
1480 449 1622 471 caecum
1640 439 1836 476 inserviens

1211 487 1359 530 Semper
1374 488 1541 528 curabat,
1569 496 1690 533 pater:
1715 489 1784 525 lieu
1802 492 1907 527 mihi!

1162 535 1260 571 1545
1290 539 1368 571 Oed.
1396 537 1498 571 Eheu
1518 553 1595 572 inea
1614 541 1725 574 mala!

1211 590 1320 621 Adest
1338 589 1432 622 enim
1452 602 1592 633 gemere
1604 618 1613 631 ,
1641 598 1675 625 et
1692 594 1791 626 adest
1809 606 1949 629 sonare.

1211 639 1300 673 Tres
1315 640 1474 680 animae,
1502 654 1573 686 quo
1591 643 1664 676 fato
1676 670 1685 683 ,

1210 690 1404 734 Quomodo
1422 692 1645 737 reliquerunt
1662 694 1798 728 vitam?
1834 708 1853 728 o
1871 696 1941 728 filia
1956 723 1965 737 ,
1992 698 2154 743 loquere!

1207 745 1290 775 Ant.
1308 742 1390 775 Non
1410 744 1533 787 probri
1551 757 1668 786 causa,
1687 758 1802 792 neque
1820 748 2011 792 voluptatis
2031 751 2156 793 gratia,

1161 790 1259 826 1550
1286 793 1353 826 Sed
1373 807 1516 838 gemens
1535 795 1635 837 dico,
1663 804 1743 831 tuus
1759 798 1882 841 genius
1901 799 2015 834 malus

1208 844 1336 878 Gravis
1352 846 1478 889 gladiis
1494 853 1527 879 et
1544 847 1623 891 igne
1639 855 1672 881 et
1688 849 1801 883 saevis
1819 850 1946 894 pugnis

1205 895 1314 929 Venit
1332 899 1376 929 ad
1395 904 1475 931 tuos
1492 898 1603 938 filios,
1632 912 1652 932 o
1671 907 1784 944 pater.

1211 949 1287 981 0011.
1316 947 1412 988 Heu,
1440 947 1526 982 heu!
1580 952 1664 984 Ant.
1693 951 1814 995 Quare
1831 951 1896 985 ista
1914 952 2046 996 gemis?

1211 1000 1287 1031 0011.
1317 999 1470 1043 Propter
1485 1000 1628 1034 liberos.
1681 1004 1765 1036 Ant.
1791 1001 1901 1036 Vadis
1917 1015 1981 1047 per
2001 1004 2154 1039 dolores.

1159 1047 1257 1083 1555
1285 1049 1321 1082 Si
1340 1063 1425 1084 vero
1442 1051 1565 1085 videns
1583 1064 1706 1086 currus
1721 1054 1952 1098 quadriiugos

1206 1101 1316 1141 Solis,
1345 1099 1431 1135 haec
1449 1114 1601 1147 corpora
1620 1111 1849 1138 mortuorum

1207 1153 1404 1186 Oculorum
1420 1160 1566 1187 tuorum
1584 1154 1662 1188 luce
1680 1155 1935 1190 considerares.

1209 1206 1287 1238 Oed.
1305 1204 1468 1238 Meorum
1486 1206 1682 1239 liberorum
1702 1208 1928 1241 manifestum
1946 1215 1996 1241 est
2008 1208 2155 1249 malum,

1208 1256 1276 1288 Sed
1297 1255 1424 1289 misera
1443 1257 1616 1297 coniunx,
1646 1259 1829 1302 quomodo
1846 1265 1897 1292 est
1913 1259 2081 1292 mortua?

1159 1305 1257 1340 1560
1286 1308 1369 1341 Ant.
1389 1306 1613 1353 Laclirymae
1630 1308 1796 1352 lugubres
1812 1311 2021 1344 manifestae
2039 1310 2154 1343 omni-

1573 1360 1638 1393 bus
1657 1361 1769 1394 sactae
1785 1367 1887 1401 sunt,

1206 1409 1304 1442 Filiis
1323 1409 1431 1443 ubera
1454 1411 1664 1443 ostendebat

1207 1460 1363 1503 Supplex
1381 1467 1514 1501 mater,
1536 1461 1774 1506 supplicantia
1793 1463 1938 1500 tollens;

1207 1510 1346 1544 Invenit
1362 1519 1479 1545 autem
1498 1513 1589 1546 filios
1606 1514 1649 1545 ad
1669 1519 1809 1557 portam
1827 1513 2007 1546 Electram

1205 1562 1243 1594 ln
1262 1569 1365 1606 prato
1379 1589 1387 1602 ‚
1416 1564 1478 1597 ubi
1493 1564 1650 1597 nascitur
1669 1565 1780 1605 lotus,
1807 1563 1917 1598 hastis
1939 1569 2137 1609 pugnantes

1158 1612 1255 1648 1565
1294 1612 1495 1657 Cognatum
1520 1614 1674 1647 Martem
1687 1641 1696 1654 ,
1738 1615 1829 1649 sicut
1859 1616 1980 1648 leones
2015 1621 2154 1648 consta—

1567 1666 1647 1698 bula
1654 1672 1730 1699 ntes
1741 1692 1750 1706 ,

1204 1716 1442 1750 Yulnerantes
1460 1729 1495 1750 se
1513 1716 1549 1749 in
1566 1717 1739 1760 sanguine
1752 1744 1760 1757 ‚

1205 1767 1277 1800 lam
1297 1780 1369 1801 esse
1385 1768 1551 1812 frigidam
1571 1766 1724 1802 hostiam
1737 1794 1746 1808 ,
1774 1778 1991 1812 purpuream
2004 1793 2013 1808 ‚
2044 1779 2151 1812 quam

1564 1826 1688 1853 nactus
1705 1825 1782 1852 erat
1797 1819 1903 1852 Pluto
1914 1845 1924 1859 ,

1203 1870 1424 1904 Praebuerat
1441 1883 1527 1904 vero
1544 1870 1655 1904 Mars.

1155 1920 1252 1957 1570
1279 1923 1440 1956 Aeneum
1463 1928 1581 1956 autem
1601 1921 1776 1967 accipiens
1793 1933 1811 1954 a
1829 1920 1981 1954 mortuis

1202 1973 1355 2014 Ensem,
1391 1973 1487 2007 misit
1511 1974 1547 2006 in
1573 1986 1677 2007 suum
1702 1985 1848 2018 corpus;
1882 1973 2007 2005 dolore
2032 1977 2149 2005 autem

1564 2025 1720 2057 filiorum
1738 2025 1863 2057 cecidit
1880 2023 1974 2056 inter
1990 2023 2093 2056 filios.

1201 2073 1336 2108 Omnes
1353 2072 1422 2107 hoc
1439 2075 1495 2108 dic
1515 2075 1765 2119 congregavit,
1794 2088 1814 2108 o
1833 2081 1956 2119 pater,

1152 2124 1249 2160 1575
1277 2125 1430 2160 Nostrae
1456 2127 1581 2160 donzui
1614 2127 1757 2161 dolores
1782 2126 1897 2167 Deus,
1941 2123 2033 2171 *qui
2063 2123 2149 2158 haec

1562 2178 1713 2223 perficit.

1200 2229 1299 2263 Ghor.
1327 2228 1441 2263 Multa
1460 2229 1554 2262 mala
1571 2229 1705 2274 incepit
1723 2229 1757 2261 in
1776 2227 1905 2272 Oedipi
1922 2228 2031 2260 domo

1198 2279 1295 2313 Haec
1312 2280 1404 2319 dies;
1432 2281 1476 2314 sit
1492 2286 1610 2314 autem
1628 2280 1732 2313 nobis
1747 2279 1875 2312 melior
1891 2285 2014 2312 status.

1199 2333 1272 2366 Cre.
1301 2331 1462 2365 Desinite
1480 2332 1551 2364 iam
1570 2343 1587 2363 a
1612 2331 1731 2370 luctu,
1759 2330 1841 2375 quia
1865 2335 2006 2374 tempus
2028 2333 2079 2361 est
2103 2328 2147 2361 de

1558 2381 1742 2426 sepultura

1197 2433 1419 2467 Mentionem
1435 2434 1563 2468 facere.
1610 2433 1678 2466 Sed
1694 2430 1794 2471 haec,
1823 2443 1843 2464 o
1861 2430 2011 2475 Oedipe,
2037 2429 2144 2463 verba

1147 2483 1246 2519 1580
1272 2485 1379 2519 Audi.
1422 2484 1670 2529 Principatuin
1685 2481 1790 2518 huius
1810 2489 1925 2516 terrae
1943 2483 2041 2516 dedit
2055 2480 2144 2515 mihi

1195 2535 1357 2570 Eteocles
1373 2536 1464 2569 filius
1482 2542 1575 2576 tuus,
1595 2535 1684 2570 dans
1700 2535 1819 2569 dotem
1838 2539 1987 2579 propter
2001 2533 2143 2578 nuptias

1178 2636 1225 2667 90)
1245 2637 1361 2660 volatile
1381 2636 1516 2660 somnium
1525 2632 1554 2665 ἓ]
1574 2636 1614 2659 sic
1634 2634 1733 2665 scripsi
1761 2637 1808 2664 (=
1828 2634 1919 2664 Eurip.
1938 2631 2047 2657 πτανὸν
2066 2629 2141 2656 ὄνει-

1213 2679 1279 2702 ρον;
1306 2671 1387 2694 Editt.
1406 2673 1524 2694 meeum
1545 2670 1657 2694 volucre
1670 2668 1834 2701 somnium);
1863 2668 2043 2697 Editt.1558.‚
2065 2668 2141 2691 ¹562.

1212 2705 1352 2730 volatilem
1371 2702 1516 2729 somnum'.e
