2373 2980
111 80 128 113 1
138 76 208 114 125
441 70 577 106 LXXII.

165 165 261 198 Thes.
290 161 373 196 Non
389 167 441 195 est
461 158 607 193 alterius
622 157 691 191 Dei
706 165 887 192 certamen
906 161 999 194 istud
1013 187 1021 201 ,

159 215 276 259 Quam
293 226 340 247 ux
355 213 411 245 ›ris
432 210 544 249 Iovis;
572 216 666 243 recte
686 210 721 244 id
739 211 858 244 sentis.
1134 217 1138 259 1

158 265 348 299 consolari
366 271 398 297 te
415 264 535 308 potius
554 262 685 302 debe0‚
714 274 820 307 quam
838 262 1043 302 concedere,
1070 269 1110 296 ut
1135 261 1136 266 ¹

523 314 671 346 adversa
690 313 851 357 patiaris.
1133 326 1135 348 i

158 367 304 407 „Nemo
323 365 529 399 mortalium
548 371 599 397 est
617 364 758 398 illaesus
775 377 793 397 a
810 366 967 404 fortuna,

108 417 205 453 1315
234 418 389 463 „Neque
407 416 586 455 Deorum,
612 415 638 449 si
659 415 802 460 quidem
818 429 893 449 non
909 422 991 449 sunt
1007 415 1105 455 falsa,

521 478 611 512 quae
631 467 753 501 dicunt
770 474 907 512 poetae.

157 522 243 561 „An
258 533 333 554 non
349 518 582 553 matrimonia
600 518 693 550 inter
711 531 766 559 se,
804 532 895 565 quae
923 529 996 550 non
1023 516 1104 549 licet
1129 540 1131 554 1

520 569 710 614 perleges,
1128 571 1131 616 f

157 621 481 664 „contraxerunffl
534 632 655 653 nonne
691 626 838 664 propter
874 619 1102 664 tyrannidem

514 672 664 705 vinculis
1126 665 1130 703 1

155 725 310 765 „Patres
334 723 534 768 ignominia
563 721 781 756 affecerunt?
824 728 857 754 et
888 727 1006 754 tamen
1039 718 1100 752 ha-
1126 709 1129 783 ²¹

519 774 636 808 bitant
1126 794 1128 798 -

1126 804 1128 814 s

149 825 220 866 „In
238 827 357 867 coelo,
381 833 415 860 et
431 827 677 860 toleraverunt
694 836 771 857 cum
791 835 872 857 suos
891 834 1002 862 casus,
1028 823 1099 856 fru-
1125 856 1127 869 Ι

517 877 619 911 strati
644 881 737 909 sunt.
1124 870 1127 917 J

103 930 199 965 1320
229 929 355 975 „Quid
372 929 486 968 dices,
514 941 593 961 cum
611 934 668 967 tu,
697 937 777 959 cum
794 924 839 958 sis
856 922 984 964 homo,

151 1007 172 1021 „
184 981 352 1014 Graviter
367 981 436 1013 fers
452 981 633 1012 fortunam
649 1005 657 1018 ‚
685 977 745 1009 Dii
766 989 850 1009 vero
871 988 943 1008 non
954 975 969 1008 ἐ’
1124 974 1125 1002 l

149 1031 326 1077 Relinque
345 1032 453 1075 igitur
471 1028 613 1063 Thebas
630 1035 776 1073 propter
793 1028 924 1071 legem,

149 1082 304 1128 Sequere
322 1089 439 1116 autem
458 1094 522 1115 nos
541 1082 584 1113 ad
604 1081 726 1114 urbem
745 1080 913 1112 Palladis.
1123 1081 1125 1104 ἱ

147 1132 199 1166 Ibi
211 1161 219 1174 ‚
245 1134 404 1178 purgatis
420 1133 489 1166 tuis
506 1132 672 1165 manibus
692 1144 709 1164 a
731 1131 872 1175 piaculo
884 1158 892 1171 ‚

99 1183 197 1221 1325
234 1185 336 1218 Dabo
361 1185 425 1218 tibi
448 1186 616 1223 domum,
660 1189 693 1216 et
718 1189 856 1227 partem
887 1181 1095 1214 facultatum
1123 1177 1124 1230 J

513 1247 675 1268 mearum
686 1248 694 1272 ;
1122 1241 1124 1274 ;

147 1288 297 1321 Munera
318 1301 423 1328 vero,
453 1300 544 1333 quae
565 1285 680 1319 habeo
708 1297 726 1318 a
758 1285 911 1325 civibus,
946 1283 1095 1318 servatis
1121 1290 1124 1325 ξ

510 1337 791 1371 ι·(10105(“001ἰ1»115
1121 1329 1124 1363 Ι

147 1390 207 1424 Bis
225 1398 378 1435 septem,
407 1390 592 1422 interfecto
612 1396 715 1422 tauro
733 1385 906 1425 Gnossio‚

1120 1375 1123 1406 1

145 1441 193 1475 Et
210 1441 274 1475 tibi
292 1442 402 1479 dabo3
431 1441 563 1486 ubique
582 1452 667 1473 vero
686 1437 774 1472 mihi
790 1439 827 1470 in
845 1444 940 1470 terra
1117 1439 1121 1567 Ι

146 1493 298 1527 Praedia
318 1499 400 1526 sunt
418 1493 627 1532 distributa,
656 1503 695 1524 ea
717 1488 969 1534 cognominata

97 1545 195 1579 1330
222 1546 254 1579 A
269 1551 302 1578 te
320 1545 485 1589 deinceps
501 1545 545 1577 ab
561 1541 768 1576 hominibus
786 1540 1010 1574 vocabuntur

143 1596 235 1629 Vivo
248 1596 312 1643 Μ);
341 1609 420 1629 cum
442 1608 526 1629 vero
545 1601 708 1628 mortuus
727 1595 771 1626 ad
789 1593 922 1625 inferos
940 1590 1090 1630 veneris,

145 1648 333 1681 sacrificiis
351 1654 384 1681 et
401 1647 550 1692 lapideis
569 1646 714 1680 tumulis
1117 1639 1120 1731 Ι

147 1699 241 1733 Tota
257 1698 530 1733 Atheniensium
550 1698 673 1731 civitas
690 1704 722 1730 te
740 1693 942 1729 celebrabit.

146 1749 373 1791 „Pulchrum
407 1752 499 1784 enim
535 1750 669 1783 civibus
702 1756 752 1782 est
784 1751 1035 1780 ornamentum
1072 1755 1091 1775 a
1117 1738 1120 1805 ι

511 1801 676 1841 Graecis,
1118 1809 1120 1849 ’ξ

99 1851 194 1888 1335
223 1854 416 1895 „Gloriam
436 1853 605 1899 consequi
624 1853 740 1885 virum
758 1851 894 1884 bonum
919 1850 1004 1882 dum
1033 1847 1092 1879 ad·
1118 1851 1120 1862 ¹

506 1907 642 1938 iuvant.

146 1954 193 1988 Et
210 1967 272 2000 ego
290 1957 354 1990 tibi
373 1958 523 2001 gratiam
545 1969 610 2001 pro
627 1967 705 1989 mea
724 1955 836 1988 salute

146 2006 247 2040 Hanc
265 2010 415 2042 reseram
430 2023 437 2047 ;
467 2020 562 2041 nunc
580 2008 675 2040 enim
692 2019 780 2050 opus
800 2003 907 2037 habes
925 2001 1059 2035 amicis.

149 2058 334 2102 „Quando
361 2067 477 2093 autem
505 2059 564 2092 Dii
588 2057 791 2097 honorant,
832 2067 906 2088 non
929 2066 1018 2098 opus
1042 2058 1093 2085 est

510 2111 644 2144 amicis.

148 2159 267 2200 „Dens
283 2161 377 2193 enim
395 2162 478 2196 satis
496 2169 547 2196 est
565 2164 608 2196 ud
624 2161 834 2199 iuvandum,
852 2170 932 2191 cum
950 2154 1091 2200 vult¹⁵).

199 2299 316 2321 sursum
334 2297 461 2320 deorsum
480 2299 610 2326 vertens;
636 2295 790 2319 huiusmodi
810 2294 883 2317 Deae

199 2331 268 2361 Quis
287 2332 353 2354 vota
371 2329 498 2355 faceret?
524 2338 592 2361 quae
612 2332 724 2361 propter
744 2330 887 2353 mulierem

198 2367 282 2390 Lecto
300 2365 427 2389 invidens
445 2366 536 2396 lovis,
562 2367 754 2389 benefactores

199 2399 333 2424 Graeciae
352 2400 485 2431 perdidit,
514 2401 641 2424 insontes
662 2400 825 2423 existentes.

1116 2111 1118 2134 l

1115 2139 1119 2183 1

1117 2185 1118 2196 l

1116 2297 1118 2312 1

1116 2343 1118 2356 l

134 2445 179 2471 14]
198 2444 232 2468 B.
250 2443 268 2466 1.
287 2442 313 2465 in
333 2442 382 2467 Ed.
405 2442 479 2465 1562.
505 2443 570 2466 nota
594 2448 696 2472 marg.:
730 2442 802 2465 Vide
821 2440 957 2464 Plutarch.
985 2438 1009 2460 in
1039 2438 1091 2461 fine
1115 2384 1118 2470 i

165 2477 272 2502 Thesei.
292 2477 378 2505 [Plut.
397 2477 454 2499 vita
473 2477 571 2500 Thesei
590 2483 614 2501 0.
630 2477 687 2506 35.]
1114 2473 1117 2527 1

133 2520 178 2552 15)
198 2521 277 2546 Thes.
297 2520 357 2543 Non
376 2520 419 2542 est
436 2531 470 2536 ——-
489 2526 550 2542 cum
568 2520 634 2543 vult.
661 2518 716 2551 (vs.
734 2517 957 2545 13¹1—1339.)]
983 2516 1022 2539 sic
1042 2516 1089 2540 Ed.
1114 2532 1117 2552 ι

168 2555 258 2584 1562.;
283 2555 331 2578 Ed.
349 2554 442 2577 1558:
1114 2554 1116 2559 ·

200 2590 279 2614 Thes.
298 2590 358 2613 Non
377 2590 419 2611 est
438 2588 555 2612 alterius
577 2588 626 2611 Dei
645 2590 782 2611 certamen
802 2587 868 2615 1100,
1113 2562 1117 2614 i

201 2625 287 2654 Quam
305 2623 378 2647 lovis
397 2623 504 2651 uxoris;
530 2624 597 2646 bene
616 2624 666 2646 hoc
686 2622 828 2652 intelligis.
1111 2615 1116 2653 1

201 2657 348 2682 consolari
367 2663 478 2687 possem
497 2658 599 2687 magis,
627 2663 706 2687 quam
724 2658 754 2679 ut
772 2656 886 2686 patiaris
908 2655 985 2678 male.
1110 2657 1113 2688 f

202 2693 325 2723 „Nullus
346 2692 417 2715 enim
432 2693 587 2715 mortalium
608 2691 727 2715 fortunis
747 2696 847 2720 expers
868 2691 927 2719 est,
1110 2698 1113 2715 ι

637 70 1035 108 INTERPRETATIO
1072 72 1311 109 EURIPIDIS
1345 73 1581 108 HERCULIS
1614 74 1642 107 F
1647 76 1864 115 URENTIS.

2076 89 2171 123 1126

1171 161 1268 196 1340
1303 163 1403 195 Herc.
1440 160 1518 194 Heu
1544 172 1619 200 me,
1662 162 1777 197 aliena
1807 173 1890 200 sunt
1916 166 2002 203 haec
2031 184 2049 204 a
2079 174 2165 208 meis

1584 212 1696 247 malis.

1215 263 1291 308 Ego
1307 276 1391 297 vero
1411 263 1526 301 Deos,
1556 274 1671 308 neque
1689 270 1866 302 connubia
1888 271 2070 314 illegitima

1214 316 1344 348 Amare
1362 321 1467 360 puto,
1502 326 1618 359 neque
1637 316 1777 352 vincula
1798 333 1814 352 a
1832 323 1997 356 manibus
2016 336 2160 368 suspen-

1577 367 1672 400 dere.

1210 415 1334 462 Neque
1349 417 1495 461 dignum
1513 416 1667 450 iudicavi
1681 431 1852 464 unquam,
1872 435 1985 469 neque
2003 426 2157 467 credam,

1208 466 1369 501 Alterum
1391 469 1536 501 alterius
1556 469 1742 503 dominum
1766 472 1881 506 fuisse.

1159 516 1256 552 1345
1285 519 1409 558 „Nam
1426 519 1539 559 Deus,
1577 520 1638 564 qui
1664 522 1806 566 quidem
1826 536 1863 557 re
1881 536 1961 557 vera
1979 525 2075 561 Deus
2100 529 2155 567 sit,

1569 571 1704 615 indiget

1440 621 1633 654 Poetarum
1660 636 1744 657 vero
1769 623 1804 657 hi
1832 626 1953 660 miseri
1975 634 2057 661 sunt
2082 641 2154 663 ser-

1565 685 1699 707 mones.

1205 721 1249 755 Et
1274 734 1494 769 quamquam
1524 723 1562 755 in
1587 724 1786 759 calamitate
1814 740 1910 769 sum,
1948 736 2066 763 tamen
2094 744 2150 764 co-

1569 774 1698 818 gitavi,

1203 824 1255 858 Ne
1278 825 1479 859 timiditatis
1505 825 1653 859 alicuius
1684 839 1845 868 accuser,
1887 831 1915 863 si
1949 832 2148 878 relinquam

1562 877 1690 911 lucem.

1203 953 1223 966 ,,
1235 927 1404 973 Quisquis
1422 928 1515 960 enim
1534 940 1607 960 non
1622 929 1770 962 sustinet
1787 930 1954 964 adversos
1971 944 2069 967 casus
2081 961 2089 974 ,

1155 977 1251 1012 1350
1280 978 1341 1019 „Is
1356 991 1400 1012 ne
1418 979 1486 1012 viri
1504 980 1646 1025 quidem
1667 981 1775 1013 telum
1794 982 1926 1025 poterit
1942 984 2125 1020 sustinere.

1200 1029 1404 1074 Expectabo
1424 1037 1597 1071 mortem,
1625 1031 1683 1064 ibo
1702 1032 1737 1064 in
1763 1033 1940 1066 civitatem

1202 1081 1317 1114 Tuam
1330 1109 1339 1123 ‚
1367 1089 1400 1115 et
1416 1083 1565 1125 gratiam
1586 1080 1699 1115 habeo
1717 1096 1783 1127 pro
1803 1084 1949 1119 infinitis
1967 1087 2081 1122 donis.

1202 1134 1248 1165 At
1264 1134 1401 1177 gustavi
1420 1134 1550 1167 multos
1567 1135 1725 1173 labores,

1199 1184 1363 1229 Quorum
1380 1182 1470 1217 nihil
1488 1186 1646 1220 recusavi
1659 1213 1667 1225 ,
1696 1197 1811 1231 neque
1831 1187 1875 1218 ab
1895 1187 2004 1221 oculis

1152 1235 1251 1270 1355
1278 1236 1415 1270 Stillavi
1431 1237 1565 1277 sontes,
1593 1250 1707 1282 neque
1726 1237 1849 1281 putavi
1866 1250 1922 1271 me
1938 1250 2096 1284 unquam

1200 1287 1254 1320 Eo
1280 1294 1556 1332 perventurum,
1597 1295 1636 1321 ut
1666 1288 1863 1321 emitterem
1893 1302 1933 1323 ex
1959 1291 2068 1325 oculis
2096 1293 2144 1325 la-

1555 1337 1731 1384 chrymas.

1198 1391 1321 1431 Nunc,
1349 1397 1387 1424 ut
1406 1397 1574 1435 apparet,
1602 1392 1767 1424 fortunae
1784 1390 2009 1425 serviendum
2029 1399 2090 1428 est.

1198 1441 1301 1475 Esto!
1332 1455 1352 1476 0
1369 1455 1494 1482 senex,
1523 1443 1621 1476 vides
1640 1454 1758 1475 meum
1777 1442 1939 1482 exilium,

1197 1493 1305 1527 Vides
1330 1507 1386 1527 me
1412 1493 1600 1538 proprium
1628 1494 1891 1526 interfectorem
1915 1506 2076 1528 meorum
2104 1496 2144 1528 li.-

1556 1545 1739 1578 berorum.

1149 1596 1245 1630 1360
1273 1596 1430 1641 Sepelias
1447 1594 1530 1637 hos,
1560 1604 1593 1630 et
1611 1602 1738 1629 ornato
1759 1595 1928 1627 cadavera

1196 1646 1406 1693 Lachrymis
1425 1645 1629 1688 honorans,
1656 1647 1727 1692 (lex
1746 1645 1839 1679 enim
1860 1658 1915 1678 me
1931 1658 2004 1679 non
2022 1647 2123 1692 sinit)

1196 1700 1403 1733 Admovens
1422 1701 1465 1733 ad
1482 1707 1602 1744 pectus
1624 1699 1767 1738 matris,
1797 1703 1829 1730 et
1848 1698 1935 1731 dans
1954 1697 1990 1730 in
2008 1699 2110 1733 ulnas

1208 647 1228 660 „
1237 620 1388 655 Nullius.

1250 1862 1370 1890 ..Neque
1389 1860 1525 1887 Deorum,
1550 1860 1691 1888 poetarum
1711 1858 1734 1880 si
1755 1857 1832 1880 modo
1853 1862 1905 1880 nou
1926 1856 1998 1880 falsa
2017 1857 2096 1883 dicta.

1251 1897 1320 1924 „An
1340 1900 1393 1917 nou
1413 1894 1500 1916 lectos
1520 1894 1592 1916 iuter
1611 1899 1641 1915 se
1661 1892 1803 1922 illegitime

1250 1925 1447 1955 ..Violarunt'ss
1474 1933 1507 1950 an
1529 1933 1581 1950 non
1602 1927 1720 1949 vinculis
1743 1926 1855 1955 propter
1872 1925 2046 1953 tyrannidem

1249 1964 1374 1990 „Patres
1394 1959 1631 1986 dehonestaruut‘?
1657 1962 1706 1984 sed
1724 1961 1847 1984 habitant
1865 1961 1955 1983 tamen

1248 2015 1266 2029 ‚,
1276 1999 1438 2028 Olympum,
1462 1999 1488 2019 et
1507 2002 1594 2025 aequo
1613 1995 1703 2018 auium
1723 1995 1862 2021 tulerunt,
1888 2000 1945 2017 cum
1965 1998 2118 2024 peccarent.

1247 2035 1348 2064 „sane
1367 2032 1429 2061 quid
1449 2031 1538 2057 dices,
1560 2030 1583 2052 si
1603 2032 1630 2052 tu
1651 2030 1756 2059 quidem
1775 2028 1900 2052 mortalis
1919 2029 2058 2055 existens,

1246 2068 1346 2093 ..Fers
1365 2066 1489 2097 graviter
1509 2066 1651 2091 fortunas,
1678 2065 1720 2087 ljn
1740 2070 1806 2086 vero
1827 2059 1901 2085 non?

1247 2103 1352 2125 Thebas
1369 2101 1460 2130 itaque
1481 2100 1604 2128 relinque
1624 2099 1765 2128 religionis
1785 2098 1892 2126 gratia,

1247 2139 1369 2165 Sequere
1387 2141 1453 2157 vero
1473 2134 1612 2156 nobiscum
1631 2133 1664 2155 att
1683 2133 1820 2155 civitatem
1842 2130 1980 2161 Pallam,

1246 2171 1304 2194 Illic
1324 2176 1418 2193 mauus
1438 2170 1499 2191 tuas
1518 2172 1640 2197 purgans
1659 2172 1675 2189 a
1694 2167 1800 2195 piaculo
1813 2182 1820 2195 ‚

1247 2206 1402 2234 lbomosque
1419 2203 1487 2226 dabo
1500 2218 1506 2227 ,
1531 2201 1744 2229 facultatumque
1764 2205 1885 2223 mearum
1905 2199 2018 2228 partem.

1248 2241 1324 2269 Quae
1342 2243 1410 2261 vero
1429 2243 1445 2260 a
1464 2236 1567 2259 civibus
1586 2236 1656 2257 (lona
1672 2235 1772 2261 haheo,
1799 2240 1857 2256 cum
1876 2234 1988 2256 servavi
2006 2240 2106 2263 pueros

1247 2274 1292 2298 nis
1310 2274 1428 2302 septem,
1455 2272 1563 2293 taurum
1583 2269 1742 2292 Cretensem
1762 2267 1944 2297 interfit-iens,

1246 2308 1304 2331 Tibi
1323 2313 1355 2331 ea
1374 2307 1452 2329 dabo.
1488 2304 1592 2328 Passim
1612 2309 1678 2326 vero
1701 2303 1761 2326 mihi
1780 2303 1806 2324 in
1823 2307 1892 2331 agro

1246 2342 1363 2365 Praedia
1380 2342 1443 2363 sunt
1461 2341 1606 2368 separata,
1634 2342 1666 2360 ea
1683 2337 1875 2364 cognominata

1246 2379 1269 2400 A
1289 2378 1315 2399 te
1335 2375 1446 2405 posthac
1466 2380 1480 2396 a
1500 2372 1660 2396 mortalibus
1680 2372 1862 2394 vocabuntur.

1246 2412 1314 2434 Dum
1334 2410 1422 2434 vivis:
1450 2409 1554 2431 mortuo
1573 2412 1639 2429 vero
1659 2407 1702 2433 te,
1722 2406 1828 2435 ‹luando
1842 2405 1875 2427 ad
1890 2404 2014 2428 Plutonis
2032 2405 2127 2432 iveris,

1246 2444 1411 2471 sacrificiis,
1436 2442 1602 2471 lapideisque
1622 2440 1732 2463 tumulis

1246 2480 1353 2503 Cultum
1372 2478 1505 2500 retribuet
1523 2478 1580 2499 tota
1602 2474 1776 2497 Atheniensis
1793 2473 1900 2497 civitas.

1247 2514 1418 2541 „Pulchrum
1438 2511 1509 2534 enim
1527 2510 1631 2533 civibus
1651 2509 1733 2531 (levus
1755 2514 1771 2532 a
1789 2508 1922 2532 Graecis,

1245 2548 1369 2577 „Virum
1387 2547 1486 2569 fortem
1505 2545 1565 2567 dum
1584 2544 1730 2569 adiuvant,
1757 2543 1885 2572 consequi
1905 2541 2028 2571 gloriam.

1245 2583 1280 2605 Et
1300 2587 1351 2612 ego
1370 2579 1527 2604 beneficium
1545 2578 1594 2601 tibi
1614 2583 1662 2608 pro
1682 2583 1741 2601 mea
1761 2578 1851 2600 salute

1245 2618 1303 2641 Hoc
1322 2615 1487 2641 retribuam:
1511 2619 1583 2636 nunc
1602 2613 1672 2636 euim
1691 2611 1799 2641 indiges
1817 2610 1917 2634 amicis.

1245 2651 1315 2682 „Dii
1333 2650 1403 2673 enim
1423 2655 1484 2672 cum
1503 2648 1611 2675 colunt,
1637 2646 1701 2670 nihil
1722 2652 1789 2676 opus
1809 2646 1851 2668 est
1871 2644 1981 2671 amicis;

1247 2685 1349 2715 „satis
1369 2683 1438 2707 enim
1457 2684 1515 2713 ipse
1535 2683 1623 2710 Deus,
1652 2681 1695 2711 qui
1715 2681 1805 2708 iuvat,
1830 2685 1888 2702 cum
1909 2679 1974 2701 vult.

1480 2716 1564 2750 71*
