2373 2980
188 86 261 121 815
761 85 880 120 rffll„
913 77 1258 126 Mffl.s‹:R11³TA
1292 92 1625 129 PfflLOLOfflcA.

246 172 407 206 Vestibus
426 170 574 204 involuti
590 175 672 203 sunt
683 194 693 209 ‚
718 170 778 203 sed
795 171 830 203 in
851 173 1036 217 peregrina
1053 181 1147 209 terra

245 223 372 257 lacent.
410 223 523 255 Porro
541 233 594 254 res
611 221 822 255 domesticae
838 220 891 256 his
906 224 1038 259 similes
1055 234 1156 269 sunt,

194 275 267 309 380
293 274 338 306 Et
357 274 481 305 viduae
500 271 720 311 moriuntur,
746 278 780 305 et
798 273 858 318 qui
878 275 956 308 orbi
973 283 1075 318 sunt,

248 325 406 359 :Uim-um
439 324 680 356 educaverunt
710 322 860 364 liberos,
910 338 1024 372 neque
1057 330 1103 362 ad
1130 342 1181 363 se-

603 371 790 417 pulchrum

244 426 303 459 list
321 425 509 470 quisquam
521 450 529 463 ‚
558 424 618 469 qui
636 425 843 468 sanguinem
862 432 977 460 terrae
1000 429 1069 463 det.

246 479 346 509 Anne
365 474 420 508 liic
438 474 609 508 exercitus
625 476 751 519 dignus
768 477 813 510 sit
828 477 931 511 laude
951 479 1095 525 aliqua?

2143 109 2219 136 010

1282 177 1327 211 Et
1341 184 1399 212 tua
1416 180 1557 225 quidem
1574 178 1665 224 (non
1679 179 1772 212 enim
1786 192 1907 214 sanam
1921 179 2029 215 habes
2045 186 2220 231 mentem)

1282 230 1495 274 Argivorum
1515 230 1672 263 convicia
1691 236 1725 263 et
1738 228 1921 276 Phrygum
1938 233 2060 268 laudes

1284 280 1406 314 Ventis
1422 282 1565 314 serenda
1586 282 1752 316 concedo,
1805 281 1961 327 Sequere
1979 295 2034 316 me

1235 328 1308 364 420
1334 332 1389 364 Ad
1408 343 1534 371 naves,
1569 330 1715 376 pulchra
1733 343 1861 376 sponsa
1881 333 1961 366 duci
1976 340 2112 369 nostro.

1286 382 1341 414 Tu
1361 388 1476 414 autem
1488 409 1496 422 ,
1525 384 1668 427 quando
1688 382 1829 428 Ulysses
1846 389 1879 415 te
1896 384 2053 429 requiret

1286 432 1487 473 Abducere,
1515 433 1582 467 eris
1600 433 1725 466 ancilla
1743 433 1891 478 pudicae

1286 483 1464 523 Mulieris,
1490 490 1529 517 ut
1544 484 1683 524 dicunt,
1709 485 1769 529 qui
1786 490 1961 517 venerunt
1976 485 2021 517 ad
2037 483 2152 518 ilium.

247 528 337 565 „Sed
356 534 471 559 tacere
489 526 613 560 melius
630 532 680 559 ⁰⁵1
695 527 826 571 turpia,
853 540 966 574 neque
976 530 1077 564 Musa
1095 529 1181 564 mihi
1288 536 1380 568 Cass.
1411 534 1512 568 Certe
1531 533 1589 568 hic
1604 535 1764 568 minister
1788 547 1886 573 acer;
1923 536 2136 580 „quodnam
2160 533 2223 568 ha-

197 579 269 613 385
294 578 378 617 „Sit
395 576 570 610 cantatrix
582 603 591 616 ‚
620 589 709 622 quae
727 578 846 612 laudet
863 581 979 624 turpia
990 580 1047 626 ²⁵).
1653 587 1738 618 bem
1761 598 1893 618 nomen

244 628 395 662 Troiani
412 640 496 660 vero
514 627 631 671 primo
652 628 760 673 (quae
781 630 893 673 gloria
912 644 1048 664 summa
1067 633 1134 676 est)
1238 633 1310 669 425
1338 635 1487 675 „Unum
1516 635 1733 680 praecones?
1786 636 1918 669 Odium
1947 635 2128 680 publicum
2161 633 2224 669 ho-

246 679 383 713 Mortui
398 685 480 713 sunt
498 691 562 723 pro
580 679 693 722 patria
708 705 716 718 ‚
745 693 834 724 quos
851 682 981 715 bellum
1000 683 1151 716 sustulit.
1652 687 1808 720 minibus
1831 693 2024 728 vocantur,

247 731 381 764 Mortui
400 731 547 763 domum
564 729 652 762 illati
670 731 713 762 ab
731 731 851 765 amicis
868 740 968 773 sunt,
1289 736 1359 780 Qui
1376 738 1467 781 apud
1488 737 1664 781 principes
1680 737 1815 784 estis‘27)
1832 744 1866 770 et
1883 738 1988 771 urbes
2002 737 2168 772 ministri.

248 782 286 815 ln
304 781 418 826 patria
434 778 660 825 sepulchrum
677 782 796 825 adepti
813 789 914 822 sunt,
1288 787 1391 820 Tune
1410 788 1460 821 ais
1479 800 1595 821 meam
1613 795 1763 821 matrem
1779 788 1816 820 in
1831 788 1965 832 Ulyssis

197 834 270 868 390
297 833 462 866 Manibus
480 832 639 875 cooperti
654 832 697 864 ab
715 832 776 872 iis,
804 844 822 865 a
841 833 968 877 quibus
985 836 1156 878 oportuit.
1289 837 1486 871 Venturam
1503 838 1676 872 domum?
1713 838 1780 872 Ubi
1798 845 1911 872 essent
1925 850 2107 873 sermones
2116 838 2225 883 Apol-

248 884 319 930 Qui
336 890 454 917 autem
470 895 543 915 non
558 882 690 915 mortui
707 889 789 915 sunt
804 883 841 915 in
858 896 976 927 pugna
990 911 999 924 ,
1643 889 1744 929 linis,

242 935 295 969 llli
310 946 450 978 semper
467 946 546 967 cum
566 933 714 976 coniuge
732 945 771 965 ac
788 933 907 967 liberis
1289 939 1360 983 Qui
1378 939 1500 973 dicunt
1516 941 1626 984 ipsam
1638 967 1647 981 ,
1675 952 1738 984 per
1754 952 1809 972 me
1826 939 1994 983 expositi,

247 986 525 1024 Habitaverunt,
553 995 643 1028 quae
660 983 824 1027 voluptas
840 985 963 1017 aberat
979 985 1136 1019 Graecis.
1241 988 1313 1023 430
1340 989 1406 1023 Hie
1424 991 1636 1024 morituram
1654 989 1752 1024 esse?
1805 990 1952 1023 Caetera
1968 1001 2053 1023 vero
2076 1001 2150 1022 non
2171 1001 2228 1023 ex-

246 1037 318 1070 lam
345 1035 506 1068 Hectoris
533 1046 606 1073 res,
648 1046 738 1078 quae
769 1034 833 1067 tibi
864 1034 1032 1069 videntur
1059 1036 1186 1075 tristes,
1647 1041 1840 1085 probrabo.

611 1084 714 1124 audi,
741 1090 780 1118 ut
796 1098 831 1119 se
848 1083 992 1120 habent.

1290 1089 1349 1123 Ille
1366 1090 1485 1123 infelix
1504 1091 1632 1131 nescit,
1660 1091 1778 1136 qualia
1797 1101 1876 1124 eum
1894 1096 2065 1123 maneant
2081 1090 2174 1123 mala
2186 1116 2195 1130 ,

196 1137 268 1173 395
298 1139 386 1172 Cum
405 1137 464 1170 illa
482 1137 586 1169 laude
602 1141 653 1168 est
670 1141 852 1176 mortuus,
882 1138 977 1181 quod
1003 1136 1110 1169 suerit
1133 1136 1187 1168 vir

1288 1140 1468 1184 Quoniam
1487 1153 1613 1175 aurum
1631 1142 1697 1185 ipsi
1715 1148 1748 1174 et
1761 1153 1839 1174 mea
1855 1139 2038 1185 Phrygum
2053 1141 2147 1173 mala

609 1187 942 1230 praestantissimus.
1292 1191 1517 1225 Videbuntur
1541 1192 1625 1225 olim
1654 1204 1743 1230 esse;
1783 1193 1902 1224 decem
1928 1191 2022 1224 enim
2053 1188 2230 1225 exhaustis

247 1241 293 1273 Et
307 1238 375 1272 hoc
392 1237 607 1282 Argivorum
631 1238 802 1271 adventus
818 1238 949 1270 effecit:
1652 1242 1755 1275 annis

249 1292 285 1325 Si
320 1288 584 1335 mansissent‘ffi)
613 1288 731 1327 domi,
770 1301 843 1321 non
869 1288 1090 1322 inclaruisset
1115 1286 1188 1320 eius
1293 1292 1407 1336 Supra
1426 1293 1530 1332 istos,
1566 1306 1654 1339 quos
1671 1291 1729 1326 hic
1744 1292 1832 1335 egit,
1867 1290 2054 1336 redibitw)
2077 1291 2172 1325 solus
2193 1291 2230 1323 in

604 1339 727 1372 virtus.
1654 1343 1820 1387 patriam.

247 1392 350 1427 Paris
364 1403 473 1436 porro
493 1390 592 1423 duxit
605 1389 697 1423 lovis
713 1390 840 1429 filiam
867 1391 895 1424 si
913 1402 986 1423 non
1001 1388 1167 1428 duxisset,
1243 1392 1315 1427 435
1342 1394 1442 1427 Ultra
1462 1393 1559 1426 illum
1584 1393 1699 1426 locum
1713 1419 1722 1433 ‚
1754 1393 1816 1426 ubi
1837 1393 1944 1427 situm
1967 1398 2018 1425 est
2042 1397 2231 1435 angustum

248 1444 446 1478 Obscuram
462 1440 642 1475 habuisset
664 1441 883 1475 affinitatem.
1649 1444 1784 1476 bivium
1796 1469 1806 1482 ,

199 1496 273 1531 400
301 1493 552 1537 „Fugiendum
569 1492 689 1537 itaque
705 1492 835 1525 bellum
859 1499 910 1526 est
925 1492 975 1531 ei,
1004 1490 1066 1535 qui
1082 1488 1189 1532 sapin
1294 1495 1394 1527 Ultra
1416 1491 1653 1538 Charybdim,
1680 1493 1741 1527 ubi
1759 1492 1967 1526 crudivorus
1982 1498 2175 1525 montanus

250 1546 417 1587 „sivero
434 1542 502 1577 huc
520 1549 664 1576 ventum
681 1543 804 1576 suerit:
841 1543 953 1587 gloria
980 1553 1051 1574 non
1078 1539 1190 1584 turpis
1215 1555 1217 1602 ἱ
1295 1546 1444 1590 Cyclops
1470 1551 1539 1584 est,
1565 1551 1598 1577 et
1624 1545 1685 1578 ubi
1711 1550 1761 1578 est
1784 1543 2016 1583 incantatrix,
2043 1542 2231 1576 formatrix

610 1593 747 1638 patriae
759 1620 768 1633 ‚
1647 1605 1839 1639 porcorum
1852 1619 1861 1633 ,

255 1646 441 1688 „Fortiter
459 1645 594 1689 perire;
625 1656 699 1677 non
716 1644 856 1677 sortiter
874 1656 979 1683 vero,
1007 1650 1109 1686 turpe
1129 1648 1189 1675 est.
1291 1647 1410 1685 Circe,
1439 1652 1471 1678 et
1489 1645 1547 1678 ubi
1566 1652 1648 1679 sunt
1664 1645 1749 1678 falsa
1766 1643 1951 1687 naufragia
1967 1643 2095 1683 maris,

252 1698 374 1744 Itaque
392 1708 465 1729 non
483 1696 649 1729 convenit
666 1701 698 1728 te
715 1695 905 1728 lamentari
922 1694 1073 1739 patriam
1086 1719 1095 1733 ‚
1293 1697 1336 1730 Et
1354 1697 1417 1729 loti
1435 1708 1573 1729 amores
1585 1722 1594 1736 ‚
1621 1696 1783 1740 Solisque
1799 1706 1918 1728 sacrae
1934 1694 2060 1733 boves,

253 1749 325 1783 Aut
340 1760 435 1781 meas
454 1747 613 1791 nuptias;
641 1746 902 1780 inimicissimos
921 1745 1014 1778 enim
1038 1742 1126 1777 mihi
1247 1747 1318 1782 440
1347 1748 1447 1792 Quae
1474 1758 1615 1780 carnem
1625 1746 1669 1792 ¹²09)
1693 1747 1898 1791 loquentem
1923 1742 2139 1790 emittentw)
2170 1742 2234 1777 ali-

202 1799 275 1836 405
302 1799 349 1833 Et
364 1799 427 1832 tibi
442 1797 496 1832 his
512 1797 646 1842 nuptiis
663 1798 823 1841 perdam.
1653 1797 1797 1842 quando

256 1852 351 1886 Char.
379 1850 495 1894 Quam
513 1848 668 1882 suaviter
682 1847 776 1881 rides
794 1854 853 1880 tua
872 1847 986 1885 mala,
1295 1849 1467 1883 Acerbam
1486 1847 1602 1892 Ulyssi
1622 1859 1757 1881 vocem.
1810 1847 1858 1879 Ut
1872 1845 2027 1879 breviter
2042 1845 2174 1878 dicam:

256 1901 303 1935 Et
327 1901 440 1940 canis,
483 1912 572 1944 quae
598 1904 744 1931 cantans
767 1910 841 1931 non
865 1904 982 1930 tamen
1010 1908 1092 1929 vera
1122 1908 1193 1929 esse
1294 1899 1405 1932 Vivus
1433 1898 1498 1931 ibit
1521 1899 1564 1931 ad
1588 1899 1739 1937 inferos,
1771 1904 1805 1930 et
1829 1897 1998 1941 effugiens
2022 1907 2152 1942 aquam
2175 1907 2236 1939 pa-

621 1949 787 1983 ostendis.
1662 1948 1754 1982 ludis
1764 1974 1773 1988 ‚

262 2003 372 2037 Talth.
399 2000 476 2036 Nisi
491 1999 620 2045 Apollo
637 2006 670 2032 te
690 2000 827 2034 fecisset
845 2005 1021 2032 amentem
1034 2024 1043 2037 ‚
1299 2000 1393 2033 Mala
1412 2000 1448 2032 in
1468 1999 1538 2033 suis
1556 2000 1702 2033 aedibus
1720 1998 1877 2032 inveniet
1894 1997 2096 2031 innumera.

258 2054 340 2088 Non
358 2053 502 2096 impune
519 2064 616 2084 meos
634 2051 738 2084 duces
1301 2051 1368 2084 Sed
1387 2051 1470 2096 quid
1489 2050 1623 2095 Ulyssis
1643 2050 1753 2083 recito
1770 2048 1934 2083 labores?

209 2105 282 2140 410
318 2103 531 2137 Huiusmodi
565 2101 721 2135 infamiis
757 2099 1022 2145 prosequereris
1058 2111 1097 2131 ex
1132 2096 1197 2130 hac
1251 2101 1325 2136 445
1352 2102 1471 2142 Vade,
1498 2108 1536 2134 ut
1555 2101 1737 2134 celerrime
1752 2112 1882 2144 sponso
1901 2099 1995 2143 apud
2020 2098 2152 2130 inferos
2175 2109 2239 2129 nu-

614 2159 721 2185 terra.
1660 2153 1796 2184 bamus.

262 2204 361 2246 „Sed
378 2210 607 2249 praestantes,
626 2209 659 2236 et
674 2201 723 2243 hi,
751 2201 811 2248 qui
829 2200 995 2234 Videntur
1012 2198 1199 2244 sapientes,
1303 2203 1405 2236 Certe
1441 2203 1554 2236 malus
1591 2203 1682 2234 male
1716 2201 1894 2245 sepelieris
1920 2205 2047 2237 noctu,
2087 2209 2160 2230 non
2187 2197 2241 2228 in-

264 2254 414 2296 „Nihilo
432 2261 513 2289 sunt
530 2254 687 2299 potiores
705 2253 794 2294 illis,
822 2250 882 2298 qui
900 2250 990 2286 nihil
1006 2257 1098 2286 sunt.
1665 2253 1793 2291 terdiu,

262 2307 356 2341 Nam
374 2318 559 2350 supremus
577 2307 648 2339 dux
665 2303 855 2344 exercitus,
1226 2297 1230 2348 ὶ
1259 2333 1364 2337 -Μῌ

263 2358 362 2391 Atrei
379 2357 489 2397 filius’
516 2355 622 2390 baius
640 2367 798 2389 amorem
817 2365 901 2398 prae
916 2351 993 2385 aliis
1011 2352 1159 2385 eleetum
1289 2380 1337 2408 27)
1356 2380 1489 2402 vocantur
1509 2398 1515 2404 .
1537 2396 1542 2401 .
1563 2395 1568 2401 .
1589 2376 1671 2405 estis]
1704 2377 1742 2399 sic
1773 2375 1855 2399 Editt.
1878 2373 1950 2398 1553.
1963 2390 1970 2401 ,
2005 2371 2101 2401 1562.;
2145 2372 2241 2395 Bam:

215 2406 289 2443 415
316 2408 463 2442 FUI'iOSC
478 2408 641 2445 SllS'tissetss
675 2414 708 2440 et
725 2417 860 2451 pauper
875 2404 1018 2450 quidem
1033 2415 1109 2438 sum
1126 2414 1203 2446 ego,
1324 2415 1394 2438 estis
1414 2431 1419 2436 .
1440 2431 1446 2436 .
1466 2431 1472 2437 .
1493 2413 1578 2441 estis3
1604 2412 1631 2435 in
1651 2412 1726 2434 textu
1745 2416 1787 2440 gr.
1807 2410 1932 2432 neutrum
1952 2408 2064 2431 verbum
2082 2406 2192 2436 iegitur.

265 2460 335 2492 Sed
353 2459 569 2492 connubium
588 2457 693 2492 huius
709 2469 783 2490 non
799 2467 988 2490 curassem.
1289 2466 1338 2493 28)
1357 2464 1470 2492 redibit]
1488 2463 1527 2486 sic
1546 2462 1592 2493 (ε
1610 2463 1676 2485 text.
1696 2460 1752 2492 gr.)
1772 2460 1854 2484 Editt.
1877 2459 1950 2483 1558.
1977 2459 2004 2481 et
2028 2458 2159 2487 recena.;
2195 2456 2242 2480 Ed.

1328 2499 1401 2523 1562.
1421 2500 1447 2522 et
1466 2497 1573 2521 redibit.

1291 2550 1339 2577 29)
1357 2549 1481 2576 carnem]
1499 2548 1538 2571 sic
1558 2550 1603 2576 (z
1619 2545 1712 2576 Exn-ip.
1732 2543 1836 2577 σάρκα)
1852 2544 1934 2568 Editt.
1951 2543 2035 2573 1558„
2054 2542 2150 2572 Bai-n„
2170 2541 2245 2569 Fam

1326 2584 1374 2607 Ed.
1393 2583 1465 2606 1562.
1485 2588 1605 2605 carmen.

1292 2635 1340 2662 30)
1359 2634 1495 2661 emittent]
1514 2633 1555 2656 sic
1573 2635 1670 2660 Bam,
1698 2630 1803 2660 Musgr.
1830 2631 1875 2657 (ε
1895 2628 1988 2657 Eun-ip.
2006 2623 2136 2657 ἧσουσιν;
2173 2625 2243 2651 mm:

1329 2669 1441 2697 edent);
1470 2666 1661 2691 Editt.1558..
1683 2664 1756 2688 1562.
1778 2663 1859 2688 male:
1887 2662 2020 2686 amittent.

250 2566 296 2598 25)
317 2568 348 2590 Η.
369 2567 386 2591 l.
406 2567 432 2589 in
454 2567 535 2591 Editt.
553 2566 642 2596 1558„
665 2565 738 2589 ¹562.
762 2566 827 2587 nota
845 2568 949 2592 marg:
977 2561 1076 2590 Turpia
1095 2560 1205 2591 indigna

286 2602 365 2625 dictu.

250 2642 296 2674 26)
316 2642 498 2669 mansissent]
527 2641 569 2664 sic
589 2643 636 2668 (=
655 2640 749 2668 Eurip.
777 2633 860 2669 ἦσαν)
894 2638 976 2662 Editt.
999 2637 1071 2660 ¹558.
1104 2638 1130 2660 et
1161 2642 1206 2660 re-

285 2679 385 2707 centt.;
410 2676 459 2700 Ed.
485 2675 557 2698 1562.
584 2675 743 2698 mansisset.
