2373 2980
126 67 195 101 110
202 69 218 101 1
438 68 575 105 LXXII.

475 154 676 204 [strophe
700 159 747 203 1.]

172 221 282 258 Chori
298 228 332 257 et
347 224 509 258 convivia
529 238 633 260 curae
649 233 730 261 sunt
748 224 1006 263 Thebanorum

169 275 240 309 Per
257 287 397 309 sacrum
418 276 603 321 oppidum.

120 324 192 360 765
218 326 437 361 Mutationes
454 327 549 361 enim
564 326 844 374 lachrymarum,

169 376 387 412 Mutationes
403 378 568 412 fortunae

167 427 389 474 Pepererunt
410 436 544 464 cantus.

167 480 266 513 Abiit
282 480 434 526 inclytus
455 493 532 520 rex,

168 531 236 564 Sed
252 531 435 577 antiquior

117 580 190 615 770
212 581 354 627 Regnat
370 583 500 617 reiecto
518 589 625 628 portu
643 581 866 617 Acherontis.

165 631 272 666 Venit
288 645 366 677 spes
383 641 526 678 praeter
545 634 764 679 opinionem.

402 717 722 766 [Antistrophe
754 715 812 763 1.]

164 783 224 816 Dii
242 785 356 818 solent
372 785 504 820 iniusta

163 833 209 868 Et
223 835 315 869 iusta
335 838 474 870 audire:

161 885 300 919 Aurum
315 893 349 920 et
364 899 421 921 res
438 888 610 921 secundae

112 933 186 969 775
203 936 236 969 A
251 937 402 971 sanitate
419 939 548 971 mentis
563 936 743 980 depellunt
759 933 940 973 homines3

158 985 329 1021 Iniustam
348 989 545 1032 potentiam

159 1037 351 1072 Attrahens
368 1039 462 1071 enim
475 1066 484 1079 ,
508 1045 670 1082 tempore
687 1036 853 1070 sustinuit

158 1087 290 1122 Iterum
307 1090 440 1129 videre,

158 1138 295 1173 Relicta
313 1141 408 1184 lege,
431 1140 586 1174 iustitiae
605 1140 692 1172 dans
709 1138 873 1183 gratiam,

108 1188 183 1223 780
203 1189 389 1225 Concussit
397 1190 443 1236 ⁷⁰)
457 1192 599 1235 nigrum
619 1202 762 1223 currum
780 1189 986 1222 divitiarum
998 1186 1054 1233 τι).

209 1340 328 1365 Carmen
346 1340 410 1364 mihi
427 1340 522 1364 auditu

209 1375 325 1399 Gratum
345 1374 372 1398 in
390 1375 522 1398 domibuS.

207 1409 284 1431 Mors
305 1414 360 1431 non
380 1409 495 1438 procu13
515 1408 612 1437 clama,

207 1441 302 1466 Clama
320 1442 501 1472 ingemiscens
522 1440 705 1471 prooemium,
726 1446 790 1469 rent,
810 1440 910 1464 caedis.

207 1477 273 1505 Lyc.
295 1476 317 1500 Ο
337 1477 396 1499 tota
415 1475 509 1500 Cadmi
528 1477 622 1502 terra,
642 1480 726 1504 pereo
746 1475 817 1498 dolo.

208 1508 294 1535 chor.
316 1509 407 1533 Etiam
425 1509 587 1539 perdidisti3
607 1509 737 1532 talionem
756 1515 823 1532 vero
843 1509 1020 1538 persolvens,

207 1544 336 1573 Sustine,
357 1544 425 1567 dans
445 1544 479 1567 ob
499 1544 610 1573 patrata
628 1548 753 1573 poenam.

207 1578 367 1610 „Quisnam
384 1578 458 1601 Deos
478 1578 622 1607 iniquitate
641 1577 767 1606 polluens
787 1577 914 1600 mortalis
933 1577 1067 1607 existens,

207 1612 353 1643 „stultum
372 1617 529 1635 sermonem
547 1612 645 1635 contra
663 1611 777 1634 coelites
798 1612 893 1634 beatos

205 1646 385 1678 „Eloquutus
411 1647 470 1676 est,
502 1646 571 1675 quod
597 1645 690 1674 utique
720 1645 796 1668 nulla
820 1645 942 1674 potentia
975 1645 1089 1675 praediti

518 1679 574 1702 sint
594 1679 638 1702 Dii
649 1675 662 1702 ’.ἒ

206 1714 228 1739 Ο
248 1720 349 1741 senex,
372 1720 426 1737 non
445 1713 564 1743 amplius
583 1713 653 1736 vivit
671 1712 770 1742 impius
790 1713 840 1736 vir.

207 1748 299 1772 Silens
320 1750 403 1779 [ln-o:
424 1749 527 1776 silent]
546 1747 634 1777 atria,
653 1747 687 1771 ad
706 1747 804 1770 choros
822 1749 971 1772 vertamur.

204 1783 291 1806 Amici
310 1782 383 1806 enim
402 1782 499 1805 felices
519 1782 599 1808 sunt,
620 1787 688 1811 quos
709 1787 759 1811 ego
780 1781 867 1811 cupio.

134 1834 183 1862 70)
211 1834 235 1857 Α
270 1833 391 1857 sanitate
415 1833 514 1856 mentis
533 1845 567 1850 —-
585 1831 734 1856 Concussit
757 1830 823 1862 etc.]
856 1832 897 1855 sic
928 1833 975 1856 Ed.
998 1833 1090 1864 1562.;

169 1867 229 1892 Fix.
250 1868 320 1891 hunc
338 1868 425 1891 locum
448 1867 488 1890 sic
507 1866 606 1890 vertit:
627 1866 735 1895 Abripit
753 1872 769 1889 a
789 1867 913 1890 modesta
932 1870 1022 1891 mente
1040 1869 1090 1891 ho-

948 1902 1089 1931 Temporis

169 1936 240 1960 enim
265 1942 344 1959 nemo
369 1936 488 1959 sustinet
508 1935 725 1958 Vicissitudines
753 1934 911 1963 respicere,
942 1936 991 1964 Qui
1014 1937 1089 1967 leges

169 1902 277 1933 mines,
306 1902 440 1925 Iniustam
465 1901 616 1931 potentiam
647 1906 739 1923 secum
769 1901 891 1924 trahens.

168 1970 329 2001 contemsit,
347 1970 397 1993 sed
416 1969 553 1999 iniquitati
573 1975 653 1999 quum
672 1969 803 1993 indulsit.
824 1968 919 1998 Fregit
939 1972 989 1992 etc.

133 2021 182 2049 71)
200 2020 283 2045 chori
303 2022 330 2044 et
349 2034 382 2038 —
401 2019 567 2043 divitiarum.
588 2019 644 2050 (vs.
664 2017 852 2049 763—730.)]
875 2019 916 2041 sic
933 2020 980 2044 Ed.
998 2022 1088 2048 15⁶2*

203 2089 288 2113 Certe
304 2089 438 2118 choreae,
458 2090 485 2112 et
505 2087 624 2117 tripudia
642 2092 726 2111 curae
746 2088 800 2110 sint
821 2088 1009 2113 Thebanorum

203 2124 317 2148 Sacrum
336 2129 384 2153 per
406 2123 540 2152 oppidum.

201 2157 435 2182 commutationes
453 2157 524 2180 enim
542 2157 758 2187 lachrymarum,

202 2191 437 2217 commutationes
456 2192 585 2215 fortunae

203 2227 361 2251 Effecerunt
379 2226 509 2249 carmina.

202 2261 276 2285 Abiit
293 2267 342 2284 rex
360 2260 407 2283 ille
427 2260 549 2290 inclytus
564 2268 571 2290 3

204 2295 258 2319 sed
276 2294 414 2324 antiquior

202 2329 302 2353 Victor
320 2330 379 2359 est,
398 2330 542 2358 postquam
561 2330 668 2359 portum
687 2329 797 2359 reliquit
816 2330 1033 2356 Acheronticum.

204 2363 365 2393 Opinionem
388 2364 498 2392 praeter
517 2364 611 2387 evenit
630 2370 704 2393 spes.

202 2398 271 2430 „Dii
291 2397 344 2428 ipsi
362 2397 459 2426 impios
478 2399 642 2422 cunctantur
661 2399 687 2421 et

204 2433 294 2463 „Pius
313 2431 418 2456 audire.

202 2483 221 2497 „
231 2465 300 2497 (Sed
323 2472 419 2490 aurum
438 2466 465 2488 et
483 2465 604 2489 felicitas

201 2501 270 2533 „Ad
289 2500 443 2531 superbiam
461 2500 585 2524 homines
605 2500 687 2532 ducit,

202 2553 220 2567 „
231 2536 295 2559 Vim
313 2535 432 2565 iniquam

199 2570 404 2601 ‚,Attral1e11s;)
425 2567 532 2592 tandem
551 2568 623 2592 enim
641 2569 714 2593 dedit

201 2603 427 2628 vicissitudinem
447 2599 520 2633 (vel,
536 2603 682 2632 pristinum
701 2606 819 2632 statum)
837 2605 981 2635 adspicere

200 2639 302 2670 Legem
320 2638 490 2667 concedenS,
509 2637 641 2667 aequitati
659 2638 831 2670 gratificam,

200 2673 297 2704 Fregit
315 2672 470 2696 divitiarum
494 2671 604 2702 nigrum
621 2678 739 2696 currum.

630 69 1023 106 INTERPRETATIO
1049 67 1287 105 EURIPIDIS
1315 68 1551 105 HERCULIS
1577 67 1828 104 FURENTIS.

1508 159 1713 202 [strophe
1740 158 1792 201 2.]

1207 225 1347 261 Ismeno
1366 227 1565 268 coronatio,

1206 277 1253 311 Et
1268 277 1366 312 urbis
1382 284 1516 323 septem
1535 285 1656 323 portas
1673 275 1834 311 habentis
1853 272 1969 307 ornati

1208 328 1306 368 Vici,
1325 329 1449 362 saltate
1464 343 1472 368 ;

1204 377 1251 412 Et
1268 377 1374 413 Dirce
1393 378 1539 424 pulchre
1561 380 1686 419 fluens,

1156 427 1229 463 785
1253 428 1300 463 Et
1314 442 1385 464 una
1402 432 1539 475 puellae
1553 431 1741 476 Asopicae,

1204 478 1253 512 Ite
1270 481 1381 524 patris
1401 494 1494 527 aqua

1203 530 1340 563 Relicta
1359 532 1575 565 celebrantes

1203 579 1392 625 Nymphae
1410 582 1571 616 Herculis

1201 631 1442 665 Victoriosum
1461 639 1651 666 certamen.
1704 632 1737 665 O

1152 680 1227 715 790
1255 680 1378 727 Pythii
1394 695 1584 716 nemorosa
1600 695 1717 727 rupes,

1199 731 1246 765 Et
1261 733 1389 767 domus
1407 733 1594 767 Musarum
1610 733 1915 771 Heliconidarum,

1199 782 1326 817 Venite
1344 784 1438 817 laeto
1449 783 1496 830 72)
1519 790 1625 817 cantu

1199 832 1239 867 In
1255 847 1374 868 meam
1393 836 1516 869 urbem
1529 861 1538 875 ‚
1563 841 1596 868 et
1613 847 1711 868 meos
1729 846 1863 873 muros,

1201 885 1269 919 Ubi
1284 893 1487 930 spartorum
1505 898 1614 930 genus
1625 886 1672 932 ⁷3)
1691 884 1857 930 apparuit

1150 934 1222 969 795
1250 936 1389 980 Agmen
1409 943 1630 970 armatorum
1643 963 1651 977 ‚
1676 937 1772 982 quod
1789 943 1920 968 terram

1198 985 1413 1021 Liberorum
1429 988 1550 1021 liberis
1568 994 1758 1032 permutat,

1198 1037 1345 1071 Sacrum
1366 1039 1488 1072 lumen
1506 1037 1640 1073 Thebis
1650 1038 1707 1084 τί).

1439 1139 1752 1188 [antistrophe
1780 1139 1835 1187 2]

1197 1207 1231 1240 O
1244 1207 1417 1241 lectorum
1438 1209 1509 1241 duo
1527 1214 1676 1251 cognata

1198 1258 1335 1291 Cubilia
1348 1285 1357 1298 ‚
1380 1259 1541 1292 mortalis
1558 1259 1689 1292 scillcet
1706 1256 1979 1303 Amphitryonis

1147 1309 1221 1342 800
1244 1308 1288 1341 Et
1307 1308 1426 1350 Iovis,⁴
1445 1311 1507 1355 qui
1524 1311 1620 1343 venit
1636 1312 1677 1343 ad
1697 1310 1810 1343 cubile

1194 1358 1383 1404 Nymphae
1401 1361 1578 1395 Perseidis
1594 1388 1602 1401 ,
1634 1368 1668 1393 et
1685 1360 1862 1394 credibilis

1195 1409 1286 1442 Mihi
1302 1411 1372 1443 iam
1391 1418 1491 1445 vetus

1196 1460 1413 1495 Concubitus
1434 1469 1534 1502 tuus,
1563 1474 1583 1494 o
1601 1461 1745 1506 Iupiter,

1194 1511 1341 1545 Praeter
1357 1525 1454 1556 spem
1473 1513 1651 1557 apparuit.

1145 1560 1218 1597 805
1245 1563 1403 1608 Tempus
1420 1577 1505 1597 vero
1525 1564 1679 1597 ostendit
1696 1563 1918 1608 splendidam

1194 1613 1393 1647 Victoriam
1412 1615 1586 1655 Herculis,

1194 1664 1265 1709 Qui
1284 1677 1325 1698 ex
1342 1667 1582 1710 penetralibus
1603 1672 1717 1699 terrae
1734 1666 1850 1703 rediit,

1192 1715 1327 1749 Relicta
1347 1718 1455 1750 domo
1475 1717 1641 1750 infernali
1657 1717 1832 1750 Plutonis.

1194 1766 1323 1800 Melior
1341 1770 1507 1802 (lominus
1527 1767 1612 1801 mihi
1632 1769 1742 1801 factus
1759 1781 1805 1808 es,

1177 1928 1223 1960 72)
1244 1928 1330 1961 laeto]
1351 1930 1399 1953 Ed.
1422 1931 1494 1954 1562.
1514 1932 1610 1955 mendo
1630 1934 1756 1962 typogr.:
1778 1933 1862 1955 laeco.

2050 68 2145 102 1102

1174 1979 1221 2011 73)
1249 1983 1405 2010 spanorum
1431 1980 1532 2013 genus]
1564 1982 1605 2005 his
1630 1982 1657 2005 in
1685 1989 1771 2010 mar-g.
1791 1984 1839 2007 Ed.
1863 1983 1934 2007 1562.
1960 1983 2065 2006 adiecta
2089 1986 2130 2005 est

1209 2015 1368 2038 annotatio:
1389 2016 1434 2045 qui
1454 2022 1485 2039 ex
1505 2016 1630 2040 dentibus
1649 2023 1666 2040 a
1684 2017 1785 2041 Cadmo
1805 2018 1875 2041 satis
1896 2017 1949 2040 orti
1969 2021 2040 2040 sunt.

1175 2064 1221 2096 74)
1242 2067 1350 2090 Ismeno
1370 2079 1402 2082 —
1422 2067 1526 2090 Thebis.
1547 2068 1603 2098 (vs,
1621 2068 1806 2099 wn-ruzn
1831 2069 1869 2091 sic·
1891 2070 1939 2093 Ed.
1961 2069 2035 2093 1562.

1210 2101 1302 2124 1558:

1243 2134 1350 2157 Ismeno
1370 2135 1414 2157 est
1432 2135 1552 2164 gestatio
1573 2142 1747 2163 coronarum,

1244 2168 1403 2198 Politaeque
1423 2170 1528 2197 septem
1547 2172 1642 2199 portas
1661 2171 1785 2194 habentis
1805 2171 1927 2194 civitatis

1244 2203 1353 2226 saltate
1373 2203 1497 2232 plateae3

1244 2237 1379 2266 Dirceque
1403 2237 1514 2266 pulchre
1532 2237 1629 2263 finem,

1243 2271 1356 2300 Unaque
1376 2271 1509 2300 Asopieae
1528 2273 1637 2301 puellae

1240 2305 1334 2328 Patris
1352 2310 1451 2334 aquam
1469 2305 1506 2328 ite

1242 2339 1440 2368 Relinqueutes
1459 2340 1647 2363 concentrices

1240 2373 1382 2402 Nymphae
1400 2373 1528 2396 Herculis

1241 2407 1428 2430 victoriosum
1447 2410 1602 2438 certamem
1624 2414 1638 2432 ο

1238 2440 1374 2470 Apollinis
1391 2441 1547 2465 arborifera
1565 2448 1648 2472 rupes

1238 2476 1433 2504 Musarumque
1451 2476 1675 2501 Heliconidarum
1693 2479 1798 2509 «lomus,

1238 2508 1339 2532 Venite
1358 2509 1432 2533 laeto
1451 2512 1533 2534 cantu

1237 2542 1279 2566 Ad
1297 2548 1384 2567 meam
1404 2544 1513 2574 urbem,
1533 2551 1648 2575 meaque
1667 2548 1783 2579 moenia,

1236 2578 1400 2606 Spartorum
1418 2578 1464 2602 ubi
1480 2585 1567 2607 genus
1587 2580 1724 2611 apparuit,

1236 2612 1411 2635 Armatorum
1431 2612 1553 2636 virorum
1571 2619 1686 2647 agmen,
1706 2617 1775 2645 quod
1796 2619 1897 2641 terram

1236 2645 1361 2669 Posteris
1380 2646 1478 2670 incolit
1496 2653 1545 2677 per
1564 2648 1649 2678 vices,

1239 2680 1337 2704 Thebis
1357 2685 1466 2706 sacrum
1484 2681 1585 2707 lumen.

2046 2077 2052 2095 ς
2081 2069 2127 2092 Ed.
