2373 2980
105 111 181 150 165
290 113 364 149 LII.
401 113 698 155 PRAEFATIO,
724 114 1097 150 PROLEGOMENA
1124 115 1189 150 ET
1215 116 1596 153 ENARRATIONES
1623 118 1670 154 IN
1698 119 1963 157 HESIODUM.
2070 124 2145 159 166

271 200 324 229 nis
348 198 377 229 Ι.
398 197 437 229 F.
460 198 620 236 Posselii,
645 197 795 229 Graecae
818 198 980 238 Linguae
1002 201 1040 228 in
1061 198 1252 230 Academia
1266 200 1505 233 Rostochz’ensi
1525 203 1752 244 Professorz's.
1808 205 1908 245 (Infra
1929 207 2004 236 haec
2025 208 2145 247 Insigne

273 249 409 281 typogr.:
432 242 533 281 Equus
555 242 679 282 alatus.)
725 241 822 272 Anno
844 241 893 272 M.
908 241 978 273 DC.
996 241 1078 273 XV.
1087 244 1114 281 *)

226 300 258 332 2.
281 301 337 329 hae
359 302 614 330 Declamationum
645 307 676 331 et
697 302 916 331 Praefationum
938 302 1137 332 Melanthonis
1168 303 1376 341 collectiones,
1409 314 1484 342 quae
1507 306 1583 335 solas
1609 308 1672 335 eius
1705 307 1906 345 praefationes
1929 309 1960 337 in
1985 309 2146 339 Hesiodum

273 342 352 384 (sine
376 345 581 382 enarratione,
605 350 635 374 et
658 350 743 374 textu
767 344 889 386 graeco)
913 346 1082 374 continent:

269 412 296 432 a.
320 401 424 433 Liber
448 403 646 433 selectarum
668 403 945 434 declamationum
968 403 1127 444 Philippi
1138 403 1368 435 Melanthonis
1392 412 1450 435 etc.
1475 404 1703 444 Argentorate*
1716 406 1762 438 M.
1771 407 1816 438 D.
1825 408 1926 440 XLI.
1949 410 1980 440 4.
2000 411 2144 450 (accura-

305 447 362 476 tius
384 457 401 475 a
423 456 470 475 me
493 448 524 475 in
547 447 632 475 liuius
655 447 745 484 Corp.
769 447 902 477 Reform.
933 448 1000 478 Vol.
1023 448 1117 477 XVII.
1146 458 1177 487 p.
1191 447 1253 478 641
1271 459 1314 486 sq.
1344 448 1543 487 descriptus),
1572 451 1620 478 ubi
1650 461 1680 488 p.
1701 450 1898 482 613-633,
1922 454 1998 482 duae
2022 456 2145 493 praefa-

305 491 401 518 tiones
424 491 454 518 in
476 489 637 517 Hesiodum
659 489 859 518 inveniuntur.

271 550 301 579 b.
324 547 485 587 Philippi
504 545 730 577 Melanthonis
754 557 828 577 cum
847 546 1127 586 praefationum,
1155 553 1225 578 tum
1247 550 1438 579 orationum
1461 556 1518 578 etc.
1541 551 1651 578 'somus
1674 551 1821 579 secundus
1841 561 1857 579 a
1873 552 2013 581 Gerbelio
2036 557 2146 595 septies

304 591 538 629 Argentorati
560 590 671 628 1544„
703 590 815 627 1546„
850 589 962 627 1555„
998 588 1109 627 1558„
1140 590 1253 629 1559.‚
1284 591 1399 630 1564.‚
1427 591 1520 622 1569.
1545 599 1575 621 et
1605 594 1697 622 semel
1720 591 1899 622 Serve-stae
1924 594 2018 625 1587.
2049 599 2145 628 editus

305 634 351 674 (in
374 634 460 661 huius
483 634 572 671 Corp.
595 633 664 663 Ref.
689 634 754 663 Vol.
776 633 870 661 XVII.
895 643 924 671 p.
948 631 1010 661 641
1035 642 1079 670 sq.
1103 641 1120 660 a
1142 642 1189 660 me
1212 634 1403 674 descriptus).
1448 635 1494 663 Ex
1517 635 1560 663 his
1582 636 1674 664 Editt.
1698 637 1792 674 prima
1816 635 1857 676 (a.
1882 635 2013 676 1544),
2043 642 2145 678 quinta

307 676 352 715 (a.
377 674 490 715 1559.)
516 682 546 704 et
570 681 670 704 octava
693 676 736 715 (a.
765 674 876 715 1587.)
899 685 929 713 p.
954 673 1100 710 1—30.;
1123 680 1208 704 sexta
1233 676 1276 713 (a.
1294 675 1401 714 1564.)
1424 687 1453 714 p.
1468 676 1601 707 7—35.
1624 679 1695 707 duas
1726 680 1792 707 illas
1815 680 1844 707 in
1868 679 2030 709 Hesiodum
2052 692 2144 721 prae-

302 719 429 747 sationes
458 728 523 746 cum
546 719 663 747 scholiis
686 719 896 756 marginalibus
919 717 1073 746 exhibent.

269 790 295 809 c.
318 776 610 808 Declamationum
640 776 686 808 D.
717 775 876 817 Philippi
902 775 1128 807 Melanthom's
1153 784 1210 806 etc.
1241 787 1258 805 a
1289 777 1447 805 Richardio
1478 775 1703 815 Argentoraci
1732 777 1825 809 1570.
1858 781 2004 810 editarum
2034 784 2144 812 Tomus

302 822 415 860 primus
448 821 491 860 (in
515 821 601 849 huius
624 822 713 860 Corp.
736 821 805 849 Res.
832 821 899 851 Vol.
914 821 1008 850 XVII.
1032 830 1061 859 p.
1076 819 1140 850 689
1154 831 1196 859 sq.
1221 819 1420 858 descriptus),
1454 821 1502 848 ubi
1532 821 1587 849 hae
1617 821 1692 849 duae
1724 822 1920 859 praefationes
1950 834 2013 852 cum
2038 825 2143 855 scholl.

303 864 427 901 margin.
450 873 480 901 p.
496 862 692 893 205-226.
717 864 867 901 leguntur.

99 927 259 956 Praeterea
280 922 470 951 memoranda
493 928 538 951 est
560 922 635 950 haec
662 922 770 951 editio:

226 982 486 1014 Commentarius
510 982 546 1010 in
569 979 716 1010 Hesiodi
738 979 884 1010 Ascraei
905 979 982 1021 ἔργα
1006 981 1060 1010 καὶ
1084 976 1216 1020 ἧμέρας,
1250 990 1374 1019 magno
1398 980 1511 1010 studio
1536 985 1568 1009 et
1590 978 1703 1010 labore
1726 980 1901 1019 collectus,
1931 987 1964 1011 et
1987 983 2024 1012 in
2046 993 2144 1013 usum

269 1025 441 1056 studiosae
454 1023 649 1064 juventutis
673 1034 763 1053 nunc
785 1022 934 1063 primam
956 1022 1084 1062 editus,
1114 1022 1158 1052 A.
1181 1022 1230 1053 Μ.
1254 1022 1429 1062 Stephano
1451 1022 1582 1053 Riccio.
1638 1022 1866 1053 Accesserant
1892 1023 1991 1064 Ulpii
2013 1026 2144 1056 Franc-

270 1067 418 1098 kerensis
447 1066 556 1097 frisii
577 1073 615 1103 ⁴et
645 1066 786 1097 Nicolai
818 1067 937 1098 Vallae
974 1067 1230 1103 translationes,
1272 1072 1309 1095 ut
1336 1069 1410 1106 quis
1439 1076 1514 1095 cum
1545 1064 1671 1096 Graeco
1708 1072 1810 1095 textu
1839 1067 2001 1106 conferre
2031 1075 2142 1108 queat.

271 1111 313 1142 16
332 1111 370 1141 11
396 1111 456 1149 (his
473 1112 604 1139 numeris
628 1112 833 1148 interpositum
857 1116 901 1138 est
924 1111 1042 1147 Insigne
1066 1114 1199 1147 typogr.:
1222 1110 1340 1138 Iacobus
1356 1120 1421 1139 cum
1436 1110 1542 1147 angelo
1558 1109 1688 1149 luctans)
1706 1107 1845 1148 Lipsiae
1858 1110 1970 1149 Apud
1982 1110 2144 1142 Iacobum

267 1153 436 1192 Apelium.
459 1171 501 1175 —
527 1155 571 1188 (In
596 1153 685 1191 finex)
709 1151 925 1192 Erphordiac
949 1149 1170 1190 Imprimebat
1191 1150 1364 1181 Martinus
1392 1150 1574 1187 thelius,
1598 1150 1764 1190 Impensis
1787 1151 1904 1182 Iacobi
1925 1153 2057 1192 Apelii.
2111 1156 2143 1187 8.

268 1197 312 1226 50
334 1198 433 1235 plagg.
457 1198 512 1224 litt.
536 1197 660 1233 A—Z,
690 1206 799 1232 a—z,
830 1195 978 1223 Aa—Dd
1001 1196 1091 1232 sign.,
1123 1194 1164 1223 12
1186 1195 1250 1224 foll.
1275 1205 1333 1223 non
1359 1206 1458 1232 num.,
1489 1194 1553 1225 776
1575 1204 1680 1232 pagg„
1703 1196 1756 1223 ult.
1780 1196 1834 1226 fol.
1856 1198 1954 1225 album
1977 1197 2044 1236 (sol.
2068 1198 2145 1228 Α2ει

266 1240 340 1267 —B
353 1238 391 1268 3³
414 1239 519 1276 Steph.
542 1239 632 1266 Riccii
656 1239 741 1275 epist.
763 1238 891 1266 dedicat.
914 1238 950 1266 ad
974 1238 1156 1265 Fridericum
1180 1238 1383 1267 Guilhelmum
1407 1244 1437 1266 et
1460 1238 1599 1266 loannem
1622 1239 1670 1266 Fr.
1694 1238 1791 1266 Duces
1814 1239 1976 1274 Saxoniae;
1996 1241 2050 1270 fol.
2074 1239 2143 1271 B3b

267 1278 356 1310 —4b
379 1290 498 1310 carmen
521 1282 551 1308 in
574 1282 748 1316 Hesiodum;
779 1291 809 1319 p.
836 1279 986 1310 1—373.
1009 1280 1127 1308 Hesiodi
1151 1278 1251 1319 ἔργων
1274 1282 1327 1311 καὶ
1352 1277 1476 1320 ἧμερῶν
1508 1281 1558 1308 lib.
1579 1280 1602 1308 Ι.
1637 1289 1743 1318 graece
1775 1291 1840 1309 cum
1870 1282 1978 1320 triplici
2007 1285 2143 1313 versione

266 1326 335 1361 lat„
372 1324 560 1361 dispositione
598 1324 709 1352 rhetor.
740 1329 771 1352 et
801 1324 1017 1361 explicatione,
1048 1324 1215 1360 praemissis
1244 1324 1481 1362 Prolegomenis5
1512 1333 1543 1361 p.
1563 1321 1637 1352 374.
1668 1332 1745 1356 vac.;
1775 1333 1805 1361 p.
1827 1322 2025 1354 375-726.
2056 1326 2142 1355 huius

265 1377 354 1395 carm.
385 1367 433 1395 lib.
457 1367 493 1394 11.
523 1375 568 1403 gr.
593 1372 623 1394 et
647 1367 718 1399 lat.,
749 1375 774 1393 c.
798 1366 920 1403 dispos.‚
949 1366 1089 1402 explicat.
1112 1371 1143 1393 et
1166 1366 1316 1403 Prolegg.;
1346 1377 1374 1404 p.
1394 1364 1590 1396 727-774.
1620 1366 1713 1394 eiusd.
1744 1375 1831 1395 carm.
1863 1368 1910 1396 lib.
1932 1367 1980 1396 111.
2007 1364 2144 1408 Ἡμέραι

268 1409 416 1446 inscriptis
447 1419 490 1445 gr.
515 1413 545 1435 et
576 1408 626 1436 lat.
650 1417 715 1435 cum
746 1408 855 1445 dispos.
880 1413 911 1435 et
940 1407 1098 1445 explicat.,
1128 1408 1311 1445 praefatione
1341 1408 1539 1437 Melanthonis
1568 1409 1597 1435 in
1628 1409 1732 1436 librum
1762 1409 1882 1438 Hesiodi
1906 1410 1943 1438 de
1974 1411 2142 1440 discrimine

264 1451 379 1479 dierum
405 1449 519 1486 1535„
539 1450 663 1487 aliisque
686 1451 799 1478 duabus
820 1451 869 1478 Fr.
889 1450 1045 1488 Burggrati
1067 1455 1097 1477 et
1115 1450 1156 1478 Io.
1173 1451 1288 1488 Stigelii
1312 1457 1401 1488 atque
1425 1451 1534 1488 duplici
1558 1450 1762 1478 distributione
1787 1451 1901 1480 dierum
1924 1455 2031 1482 mensis
2052 1463 2142 1492 prae-

264 1494 374 1528 missis;
405 1503 435 1531 p.
458 1492 655 1522 775-776.
691 1494 751 1522 Ge.
774 1493 955 1521 Turschalae
985 1492 1166 1530 epigramma
1196 1493 1226 1520 in
1256 1493 1300 1522 St.
1329 1493 1421 1522 Riccii
1450 1493 1679 1530 explicationem
1708 1493 1843 1530 Hesiodi,
1872 1495 1972 1523 addita
2002 1496 2142 1525 Clausula

263 1541 399 1574 typogr.;
423 1536 467 1564 ult
492 1536 544 1563 fol.
571 1534 715 1575 vac.)**).

220 1597 368 1626 Praefatio
392 1597 483 1634 Mel.,
511 1606 586 1635 quae
609 1598 638 1625 in
661 1597 716 1626 hac
738 1597 798 1629 Ed.
822 1596 996 1633 exhibetur,
1025 1605 1043 1623 a
1065 1600 1229 1623 ceterarum
1251 1596 1342 1625 Editt.
1366 1595 1597 1634 praefationibus
1630 1596 1748 1624 diversa
1770 1601 1883 1624 tantum
1906 1596 1942 1625 ad
1967 1606 2032 1626 eam
2054 1597 2141 1627 huius

95 1641 238 1680 poematis
259 1639 397 1668 Hesiodei
419 1646 533 1677 partem
558 1640 705 1678 pertinet,
728 1649 804 1678 quae
827 1640 966 1678 inscripta
990 1644 1050 1667 est:
1068 1634 1214 1678 εΗμέροιι.

221 1701 268 1729 Ex
290 1701 348 1728 illis
376 1700 568 1736 editionibus,
600 1709 675 1738 quae
695 1700 895 1728 Melanthonis
929 1700 1146 1728 enarrationem
1176 1698 1450 1737 praefationemque
1480 1708 1545 1726 cum
1575 1703 1658 1726 textu
1688 1699 1856 1735 continent,
1885 1699 1973 1727 hasce
2003 1700 2140 1729 undecim

93 1745 124 1773 in
140 1744 273 1772 manibus
286 1742 441 1771 habemus:
466 1742 498 1781 1)
515 1743 570 1770 Ed.
584 1740 725 1779 Hagan.
744 1741 848 1780 1532„
871 1742 907 1781 2)
923 1743 980 1772 Ed.
994 1741 1159 1780 Francos.
1179 1741 1282 1778 1541„
1300 1740 1337 1779 3)
1362 1742 1416 1770 Ed.
1433 1739 1597 1778 Francos.
1623 1739 1730 1778 1557„
1752 1741 1787 1779 4)
1809 1741 1864 1769 Ed.
1890 1739 2008 1779 Tigur.
2035 1741 2141 1781 1562„

91 1785 130 1825 5)
153 1787 210 1815 Ed.
233 1785 329 1821 Lips.
356 1784 467 1821 1564„
500 1784 537 1825 6)
559 1786 613 1814 Ed.
638 1783 790 1815 Mulhus.
814 1785 926 1823 1569„
949 1785 985 1825 7)
1009 1786 1065 1815 Ed.
1088 1785 1186 1823 Lips.
1209 1783 1324 1821 1581„
1345 1783 1381 1823 8)
1405 1784 1460 1812 Ed.
1485 1782 1584 1822 Lips.
1610 1782 1720 1820 1591.,
1743 1783 1777 1821 9)
1802 1784 1861 1814 Ed.
1893 1782 2010 1814 Witeb.
2031 1784 2139 1823 1601.‚

93 1828 150 1867 10)
176 1829 232 1858 Ed.
261 1825 374 1858 W‘teb.
399 1827 513 1866 1623„
537 1827 592 1867 11)
615 1829 670 1857 Ed.
699 1826 812 1858 Witeb.
838 1827 947 1866 1662„
970 1829 1074 1867 quibus
1097 1828 1212 1856 accedit
1236 1826 1292 1864 12)
1320 1827 1376 1856 Ed.
1400 1825 1510 1855 Basil.
1535 1826 1614 1864 Opp.
1637 1826 1708 1856 Mel.
1734 1825 1845 1863 1541„
1869 1828 2085 1858 enarrationem
2109 1834 2141 1857 et

92 1871 292 1910 praefationes
314 1872 376 1900 sine
399 1877 483 1900 textu
507 1873 675 1902 continens.

218 1922 267 1949 Ex
289 1922 323 1949 iis
346 1927 461 1959 autem,
483 1931 558 1960 quae
582 1922 780 1950 Melanthonis
803 1922 1018 1961 praefationem
1040 1922 1069 1949 in
1093 1921 1272 1955 Hesiodum,
1296 1922 1360 1949 sine
1383 1921 1586 1957 enarratione,
1612 1920 1775 1956 exhibent,
1798 1922 1849 1950 has
1865 1922 1968 1951 decem
1991 1923 2021 1950 in
2044 1923 2139 1951 mani-

92 1965 144 1993 bus
166 1970 318 1992 tenemus:
343 1963 377 2001 1)
400 1964 455 1993 Ed.
479 1963 609 2004 (Lips.)
633 1976 656 1994 s.
681 1966 701 1994 l.
725 1971 755 1993 et
777 1975 820 2002 a.,
844 1962 881 2004 2)
905 1965 959 1993 Ed.
983 1962 1129 2001 Argent.
1153 1963 1267 2001 1541„
1288 1962 1327 2003 3)
1350 1964 1408 1994 Ed.
1430 1962 1573 2003 Aryent.
1597 1962 1710 2001 1544„
1732 1962 1767 2003 4)
1791 1964 1847 1993 Ed.
1864 1964 2013 2003 Argent.
2034 1965 2140 2003 1559.,

91 2006 128 2045 5)
151 2007 208 2035 Ed.
233 2004 376 2044 Argent.
401 2006 514 2043 1564„
562 2007 600 2044 6)
622 2008 678 2037 Ed.
702 2006 845 2045 Arg-ent.
869 2006 985 2044 1570„
1024 2007 1060 2047 7)
1084 2008 1140 2036 Ed.
1163 2006 1262 2046 Lips.
1288 2005 1401 2044 1585„
1446 2005 1483 2047 8)
1507 2005 1562 2035 Ed.
1584 2003 1729 2036 Servest.
1754 2006 1862 2044 1587„
1902 2007 1938 2046 9)
1961 2008 2016 2038 Ed.
2041 2006 2138 2047 Lips-

90 2048 184 2079 1611.
199 2070 208 2087 ,
231 2049 287 2088 10)
312 2050 367 2078 Ed.
390 2048 487 2086 Lips.
516 2049 611 2079 1615.

217 2100 265 2127 Ex
288 2099 331 2126 bis
354 2099 447 2127 Editt.
470 2099 567 2136 illam,
596 2100 641 2127 cui
661 2109 755 2127 annus
783 2108 883 2138 neque
905 2101 935 2128 in
965 2101 1049 2128 titulo
1073 2109 1172 2138 neque
1194 2101 1224 2128 in
1248 2100 1308 2128 fine
1331 2105 1377 2128 est
1405 2100 1588 2140 adscriptus,
1622 2099 1688 2131 Ed.
1711 2110 1738 2130 s.
1761 2109 1808 2138 a.,
1837 2107 1951 2130 ceteras
1975 2111 2044 2130 vero
2067 2102 2136 2130 solis

90 2151 231 2171 annorum
256 2142 385 2170 numeris
408 2142 647 2180 significabimus,
676 2147 736 2170 tres
759 2147 857 2170 autem
879 2143 949 2170 anni
972 2141 1066 2172 1541.
1090 2143 1196 2170 additis
1222 2143 1327 2171 litteris
1350 2143 1511 2171 initialibus
1534 2142 1582 2172 A.
1608 2143 1841 2183 (Argentorat.),
1870 2143 1914 2174 Β.
1937 2145 2072 2184 (Basil.),
2094 2142 2135 2174 F.

90 2184 280 2224 (Francofl),
309 2190 339 2212 et
362 2185 433 2213 duas
456 2185 525 2213 anni
546 2183 639 2214 1564.
663 2185 769 2213 litteris
793 2183 834 2214 A.
860 2184 1037 2225 (Argent.),
1066 2184 1109 2215 L.
1133 2182 1262 2225 (LiPS.),
1286 2186 1334 2214 ubi
1365 2185 1481 2214 diversa
1503 2187 1665 2224 praebent,
1694 2187 1722 2214 in
1753 2186 1807 2215 hac
1829 2192 1929 2215 nostra
1951 2187 2006 2215 Ed.
2030 2187 2135 2216 distin-

89 2236 222 2267 guemus.

219 2278 339 2306 Hesiodi
363 2287 468 2317 poema
491 2279 520 2307 in
546 2279 590 2308 his
612 2279 702 2309 Editt.
729 2280 779 2317 (iis
796 2280 944 2317 exceptis,
967 2289 1044 2317 quae
1066 2280 1158 2308 solam
1180 2278 1398 2318 praefationem
1413 2280 1612 2310 Melanthonis
1634 2282 1698 2310 sine
1720 2287 1801 2310 textu
1825 2282 1994 2321 continent)
2017 2283 2048 2310 in
2063 2282 2135 2313 duas

93 2326 193 2359 partes
216 2326 260 2349 est
282 2321 471 2355 distinctum,
500 2331 623 2360 quarum
646 2323 743 2351 altera
764 2323 793 2350 in
817 2322 911 2352 Editt.
936 2320 1048 2360 1532„
1075 2320 1185 2359 1541„
1210 2321 1321 2360 1557„
1345 2322 1459 2360 1562.,
1484 2323 1593 2362 1564.,
1618 2323 1730 2362 1569.,
1753 2322 1864 2362 1581.,
1888 2323 2002 2363 1585.,
2026 2324 2133 2363 1591.,

93 2363 205 2400 1611.,
232 2362 324 2392 1615.
348 2369 377 2392 et
400 2364 456 2393 Ed.
479 2374 503 2393 s.
526 2375 552 2394 a.
576 2363 653 2404 ἔργα
683 2366 736 2395 καὶ
769 2361 902 2404 ἡμέραι,
931 2365 960 2393 in
990 2366 1083 2395 Editt.
1108 2363 1220 2402 1601.‚
1252 2364 1363 2404 1623„
1388 2365 1482 2396 1662.
1506 2364 1583 2406 ἔργα
1607 2366 1642 2406 (i.
1666 2376 1694 2396 e.
1718 2367 1794 2395 vitae
1816 2368 2008 2406 praecepta);
2037 2369 2133 2397 altera

93 2412 207 2443 autem,
229 2415 247 2434 a
273 2415 358 2434 versu
382 2406 446 2436 765
471 2406 525 2445 (al.
547 2407 633 2446 763„
655 2410 683 2436 in
706 2408 762 2438 Ed.
785 2408 915 2436 Brunck.
938 2407 1028 2448 710.)
1053 2408 1211 2446 incipiens,
1234 2408 1263 2436 in
1287 2408 1331 2437 his
1353 2410 1484 2438 omnibus
1507 2406 1621 2450 ἧμέραι
1645 2408 1682 2449 (i.
1706 2418 1732 2438 e.
1756 2410 1820 2439 dies
1842 2410 1951 2439 homini
1974 2419 2131 2440 oeconomo

94 2448 281 2486 observandi)
304 2455 348 2477 est
372 2450 524 2488 inscripta.
574 2452 658 2480 Prior
686 2461 754 2490 pars
783 2452 812 2479 in
842 2451 943 2480 iisdem
973 2453 1081 2481 iterum
1103 2453 1131 2479 in
1157 2451 1228 2479 duos
1252 2451 1341 2481 libros
1364 2457 1409 2480 est
1432 2452 1542 2489 divisa,
1572 2462 1695 2491 quorum
1724 2452 1802 2481 alter
1831 2462 1848 2481 a
1877 2461 1964 2481 versu
1985 2451 2052 2484 383
2075 2452 2129 2493 (al.

128 2582 157 2614 *J
177 2585 280 2608 uarum
299 2585 380 2609 trium
399 2587 547 2611 editionum
565 2587 653 2618 prima
672 2593 696 2611 a.
712 2587 805 2620 1585„
826 2594 895 2619 quae
918 2587 947 2611 in
967 2587 1091 2611 Biblioth.
1103 2588 1180 2612 acad.
1193 2587 1308 2612 Halensi
1327 2589 1387 2619 est,
1406 2587 1560 2612 Fabricium
1581 2588 1608 2612 et
1626 2588 1818 2614 Hoffmannum
1835 2588 1922 2620 fugit3
1941 2591 2039 2614 neuter
2056 2589 2129 2615 enim

161 2619 281 2649 Operum
306 2621 423 2644 omnium
443 2623 507 2647 Hes.
528 2622 674 2646 editionem
699 2622 779 2646 huius
804 2622 869 2647 anni
888 2623 1040 2653 memorat,
1065 2622 1113 2645 sed
1131 2623 1318 2646 tantummodo
1338 2623 1484 2653 „operum
1503 2623 1531 2646 et
1548 2622 1696 2654 Dierum”;
1723 2624 1815 2648 altera
1837 2625 1929 2649 autem
1948 2625 1975 2647 et
1994 2623 2076 2648 tertia
2093 2625 2128 2649 ab

160 2656 277 2684 utroque
298 2653 460 2687 afferuntur,
479 2662 496 2680 a
515 2657 594 2681 Fabr.
614 2664 638 2687 p.
652 2657 704 2680 603
717 2663 759 2687 sq.
780 2658 807 2680 et
825 2658 859 2681 ab
877 2657 976 2682 Hoffm.
996 2663 1023 2687 p.
1036 2656 1088 2680 389
1101 2663 1145 2688 sq.
1165 2657 1284 2682 Tertiam
1303 2662 1328 2682 a.
1351 2657 1426 2682 1615.
1445 2663 1478 2682 ex
1490 2657 1616 2683 Biblioth.
1636 2659 1725 2684 senat.
1745 2658 1822 2690 ffli‘s·
1839 2658 1868 2683 in
1885 2658 2010 2683 manibus
2028 2659 2128 2684 habeo.

126 2706 178 2737 **)
199 2707 273 2731 llaec
290 2706 340 2731 Ed.
361 2706 388 2731 in
407 2707 531 2732 Biblioth.
551 2708 626 2732 acad.
645 2708 762 2733 Halensi
781 2709 831 2733 est.

1631 2742 1709 2778 11*
