2373 2980
12 294 24 366 ’ἑῇ

138 108 212 145 178
525 105 600 142 LII.

137 192 310 240 principis
335 192 381 225 ad
405 191 572 225 eximiam
590 193 759 227 virtutem
776 192 1006 233 instituendi,
1032 192 1134 237 fingit

137 245 345 280 Evandrum
363 243 558 288 adiungere
577 245 836 279 adolescentem
855 245 967 278 filium
977 243 1133 284 Aeneae,

139 303 174 331 et
203 294 406 340 praecipere
439 301 569 338 gnato,
599 302 638 329 ut
666 296 751 330 inde
783 308 801 329 a
826 296 943 341 prima
978 295 1132 340 pueritia

137 348 295 381 Aeneam
322 346 488 390 effingere
514 352 549 379 et
573 346 709 380 imitari
737 347 902 381 studeat?
955 347 1012 381 Sic
1037 347 1132 380 enim

137 399 183 432 ad
204 399 364 432 Aeneam
390 397 459 438 ait,
486 410 566 431 cum
591 397 643 430 illi
670 410 821 442 puerum
846 399 1094 432 commendat:

523 454 584 483 Sub
607 460 638 483 te
661 455 791 484 tolerare
814 457 967 496 magistro*

179 506 315 535 Militiam
340 511 370 535 et
392 514 482 544 grave
504 506 608 535 Martis
632 515 721 544 opus,
748 511 798 534 tua
821 515 946 535 cernere
967 508 1047 537 facta

179 558 358 595 Adsuescat,
380 558 482 596 primis
505 562 536 585 et
559 562 590 585 te
609 557 734 585 miretur
755 557 791 586 ab
814 557 899 586 annis
908 555 965 596 28).

137 609 256 644 Sensit
278 609 372 642 enim
391 615 498 652 poeta
518 615 631 641 artem
654 609 753 641 illam
772 608 997 653 imperandi,
1024 619 1135 641 unam

138 660 302 694 omnium
320 659 424 702 longe
446 660 792 702 praestantissimam
805 687 813 700 ,
844 660 1025 693 neminem
1044 670 1136 692 asse-

139 711 200 757 qui
225 722 348 754 posse,
374 709 443 743 nisi
467 722 503 743 se
527 711 572 743 ad
596 711 745 745 alicuius
770 711 903 745 summi
923 711 993 744 viri
1018 710 1137 743 imita-

138 762 275 795 tionem
293 767 408 794 totum
425 768 640 805 componat,
671 762 770 796 cuius
786 762 878 795 dicta
891 789 900 802 ,
916 763 1007 795 facta
1019 789 1028 802 ‚
1054 773 1136 794 con-

138 813 290 858 siliaque
316 813 435 845 omnia
463 813 508 845 ob
526 813 648 847 oculos
665 814 780 857 posita
806 812 957 854 habeat,
983 814 1028 847 ad
1045 824 1136 858 quae

139 877 245 899 suum
278 863 353 908 ipse
383 876 525 898 cursum
558 865 700 909 dirigat.
754 865 986 910 Quamquam
1015 871 1134 898 autem

139 914 207 949 hae
231 922 376 949 nostrae
394 922 488 949 artes
506 916 680 960 dignitate
703 916 810 961 longe
835 916 928 950 infra
953 917 1044 949 bene
1070 916 1137 948 im-

139 967 292 1012 perandi
315 967 500 1000 scientiam
528 968 666 1012 positae
689 980 763 1001 esse
790 968 1057 1008 existimentur,
1084 973 1136 999 ta-

139 1030 224 1052 men
257 1018 461 1052 difficultate
493 1018 544 1051 illi
577 1031 682 1063 pares
723 1031 795 1053 esse
831 1032 939 1053 nemo
971 1019 1136 1052 dubitare

140 1069 313 1115 potestffi)
325 1096 334 1110 ,
358 1070 387 1103 si
402 1071 512 1103 modo
532 1071 761 1116 expenderit,
786 1072 913 1116 quanti
931 1070 1066 1115 negotii
1081 1069 1138 1109 sit,

142 1127 216 1154 tam
237 1121 432 1154 multarum
449 1134 570 1155 rerum
588 1122 845 1166 cognitionem,
862 1129 1046 1167 praeterea
1065 1133 1138 1154 me-

142 1172 302 1205 diocrem
335 1174 518 1218 quandam
549 1174 754 1207 facultatem
793 1174 936 1207 dicendi
964 1180 999 1207 et
1031 1185 1138 1217 expo-

141 1224 272 1263 nendi,
298 1236 389 1269 quae
415 1230 511 1257 recta
537 1237 610 1258 esse
634 1225 1041 1269 perspexeris‚·parare.
1076 1223 1139 1257 Est

143 1275 240 1307 enim
256 1275 416 1318 profecto
434 1288 506 1308 una
529 1277 571 1309 de
598 1275 816 1309 difficillimis
833 1276 969 1310 artibus
992 1276 1048 1309 vel
1065 1288 1139 1308 me-

143 1325 275 1359 diocris
303 1326 520 1371 eloquentia.
576 1327 698 1371 Quare
721 1327 749 1360 si
772 1327 809 1359 in
833 1327 1029 1361 levioribus
1055 1327 1140 1359 arti-

142 1377 209 1410 bus
231 1377 307 1410 sine
342 1377 544 1410 imitatione
570 1377 660 1410 effici
685 1376 777 1410 nihil
799 1384 934 1421 potest,
966 1379 1141 1423 eloquen-

142 1427 278 1460 tiamne
310 1428 516 1471 putabimus
558 1440 624 1461 nos
646 1428 720 1461 sine
755 1428 816 1461 illo
835 1428 882 1473 ²⁵)
918 1429 1138 1462 adminiculo

143 1478 316 1524 consequi
347 1478 475 1523 posse?
528 1479 695 1513 Ciceroni
727 1492 802 1513 non
836 1480 990 1514 videtur.
1044 1480 1137 1514 Nam

143 1530 240 1574 apud
266 1528 361 1563 hunc
377 1530 557 1564 Antonius
569 1531 615 1578 26)
642 1538 724 1565 ante
742 1531 862 1565 omnia
878 1531 1074 1577 praecipit,
1101 1538 1141 1565 ut

144 1581 318 1625 eligamus
350 1582 527 1627 aliquem,
559 1583 659 1617 cuius
682 1596 748 1617 nos
781 1583 914 1617 similes
946 1596 1020 1617 esse
1053 1583 1140 1616 veli—

143 1645 244 1672 mus,
275 1639 310 1666 et
335 1646 474 1667 summa
513 1634 742 1668 contentione
777 1635 891 1668 animi
917 1636 1140 1679 effingamus,

144 1690 252 1729 atque
274 1684 459 1718 imitemur
483 1685 521 1718 in
544 1686 606 1719 illo
629 1698 690 1726 ea,
724 1698 816 1732 quae
843 1687 999 1720 maxime
1028 1687 1139 1720 excel-

143 1735 234 1769 lunt.

236 1786 344 1831 Quod
376 1787 405 1820 si
439 1787 548 1831 igitur
582 1788 736 1821 imitatio
766 1794 953 1833 tantopere
982 1801 1141 1823 necessa-

127 1838 197 1871 ‘ria
221 1844 294 1878 est,
319 1850 384 1871 nec
408 1838 543 1872 imitari
564 1852 783 1885 quemquam
808 1841 1006 1884 possimus,
1032 1853 1139 1886 quem

141 1901 218 1922 non
241 1890 383 1934 penitus
407 1897 538 1924 notum
564 1889 782 1931 habeamus,
816 1904 891 1925 non
923 1892 1141 1938 relinquitur

142 1941 314 1981 dubium,
347 1942 435 1987 quin
470 1942 531 1975 diu
564 1943 705 1987 legendi
739 1943 811 1977 sint
844 1943 982 1989 aliquot
1012 1943 1141 1988 optimi

143 1992 323 2039 libelli27).
381 1993 428 2026 Ut
452 1995 546 2027 enim
572 1995 634 2040 qui
660 1995 769 2029 semel
794 1995 968 2040 oppidum
992 1995 1142 2041 aliquod

143 2050 410 2088 praetervectus
436 2052 506 2084 est,
539 2058 614 2079 non
637 2059 760 2079 omnes
796 2047 895 2080 urbis
920 2046 1037 2087 vicos,
1067 2058 1141 2079 non

143 2094 297 2127 civitatis
320 2106 457 2134 mores,
486 2107 560 2127 non
585 2093 774 2129 hominum
800 2096 870 2129 loci
895 2096 969 2129 eius
995 2098 1140 2140 ingenia

143 2145 264 2180 statim
282 2145 422 2178 didicit:
449 2145 496 2179 ita
523 2147 670 2181 consilia
690 2160 731 2180 ac
753 2147 967 2187 sententias,
991 2155 1053 2181 aut
1069 2160 1141 2181 ser—

143 2197 262 2230 monis
295 2198 594 2242 compositionem
628 2199 666 2231 in
708 2205 855 2239 autore,
893 2211 1000 2244 quem
1033 2200 1143 2233 semel

143 2249 372 2293 percurristi,
406 2262 480 2282 non
510 2250 631 2284 statim
664 2251 949 2284 animadvertere
981 2251 1142 2295 potuisti,

179 2376 227 2408 23)
247 2376 350 2407 virgil.
370 2376 438 2401 Aen.
460 2376 539 2406 vul,
559 2375 717 2400 515—517.

178 2420 227 2448 24)
249 2420 316 2443 Huic
341 2421 401 2443 loco
423 2420 449 2442 in
468 2419 551 2444 Editt.
573 2419 665 2446 1559..
694 2419 770 2443 1564.
791 2420 840 2445 A..
868 2419 961 2447 1570..

217 2455 320 2483 scripta
340 2456 381 2477 est
400 2456 465 2477 nota
488 2454 595 2483 margin
615 2461 620 2477 :
642 2454 796 2477 Difficultas
817 2454 978 2483 eloquendi.

181 2496 229 2523 25)
249 2496 312 2525 illo]
331 2497 371 2519 sic
392 2497 474 2519 Editt.
497 2496 584 2525 1532,
608 2497 681 2520 154¹.
703 2497 1141 2527 Α..1544.1559.,1564,Α.,

217 2530 308 2561 1570„
332 2531 421 2559 l5‘57.;
447 2531 530 2555 Editt.
554 2531 628 2554 1541.
649 2531 694 2561 B.,
721 2532 795 2554 1541.
815 2532 845 2556 F.
892 2531 1141 2561 l557.15<i4.[2.,

221 2565 312 2591 1569..
336 2565 426 2595 1531„
448 2566 521 2590 1591.
544 2566 609 2591 ullo.

181 2606 228 2638 26)
250 2607 328 2630 Couf.
349 2608 403 2632 civ.
425 2608 456 2631 tle
476 2609 552 2633 Orat.
573 2609 607 2640 li,
626 2609 671 2638 22.
690 2610 731 2632 90.

181 2649 228 2680 27)
259 2651 324 2673 lluu:
350 2651 409 2673 loco
436 2651 460 2673 in
487 2652 569 2674 Editt.
597 2652 690 2682 1559.,
725 2652 798 2677 1564.
820 2653 867 2676 A..
897 2652 987 2680 1570„
1014 2652 1088 2675 15547.
1115 2652 1141 2674 in

218 2685 342 2712 margine
366 2685 506 2715 adscripta
525 2688 589 2710 sunt
610 2688 709 2710 verba:
740 2687 769 2709 ln
789 2687 899 2716 optimis
920 2687 1018 2709 libellis
1044 2687 1140 2710 innuo—

218 2720 338 2743 randum.

623 131 671 152 ›a-
705 106 1075 142 PRAEFATIONES
1101 106 1150 142 IN
1176 106 1370 142 HESIODI
1395 107 1559 143 OPERA
1584 107 1649 143 ΕΤ
1676 107 1795 145 DIES.

989 2419 1064 2445 1587.
1090 2420 1142 2443 ad-
1166 2430 1168 2435 ·

1165 2687 1168 2706 ί

1160 2712 1168 2733 J

2108 112 2181 148 174

1187 194 1248 226 sed
1273 193 1335 226 diu
1363 193 1400 226 in
1422 206 1464 227 eo
1489 196 1788 228 commorandum
1814 201 1886 235 est,
1907 195 1937 229 si
1953 197 2051 230 voles
2075 198 2180 232 altius

1186 243 1433 288 introspicere.
1484 244 1558 279 Iam
1577 253 1618 280 ut
1634 246 1708 280 eius
1728 246 1888 292 aliquam
1907 247 2181 282 similitudinem

1187 296 1407 341 assequaris,
1431 303 1471 329 ut
1494 298 1600 330 verba
1619 296 1768 345 illiusw)
1793 298 1831 330 in
1848 306 2021 344 promptu
2036 297 2182 341 habeas,

1188 358 1267 380 cum
1294 358 1384 390 opus
1409 353 1478 387 est,
1509 354 1549 380 ut
1576 350 1752 382 sermonis
1785 349 2000 394 compositio
2030 362 2106 383 non
2137 351 2183 385 sit

1187 397 1240 430 illi
1272 397 1465 438 absimilis,
1495 396 1564 431 hoc
1595 411 1681 432 vero
1713 400 1788 433 sine
1821 407 1993 445 perpetua
2027 401 2182 435 lectione

1188 449 1278 482 effici
1293 461 1367 482 non
1384 455 1512 493 potest.
1565 449 1622 482 An
1637 462 1712 482 non
1728 451 1890 485 videmus
1908 453 2082 497 pictores,
2101 465 2182 486 cum

1188 501 1328 534 vultum
1360 500 1509 534 alicuius
1541 501 1759 545 depingunt,
1792 514 1899 546 quam
1933 516 2039 548 saepe
2071 503 2184 549 respi-

1190 551 1286 584 ciant
1308 552 1353 584 ad
1380 552 1579 596 exemplar,
1606 565 1713 598 quam
1736 554 1913 587 contentis
1931 555 2041 588 oculis
2060 567 2183 589 omnes

1189 603 1301 637 lineas
1325 603 1638 647 contemplentur?
1691 602 1743 637 Ita
1762 604 1867 639 nohis
1891 617 2077 651 nunquam
2096 607 2184 640 deii-

1191 651 1308 685 ciendi
1326 654 1417 685 oculi
1442 662 1547 688 erunt
1564 656 1608 688 ab
1627 667 1668 688 eo
1686 662 1811 689 autore
1824 682 1833 696 ,
1857 669 1963 702 quem
1983 658 2185 701 perdiscen-

1190 704 1276 736 dum
1300 703 1337 736 in
1359 715 1486 737 manus
1510 706 1728 749 accepimus,
1761 720 1941 753 quemque
1969 708 2184 742 imitandum

1191 767 1265 788 esse
1291 755 1412 801 aliquo
1439 757 1549 789 modo
1575 757 1752 792 duximus.
1806 758 1889 792 Non
1923 759 2066 803 disputo
2090 772 2186 793 nunc

1190 807 1233 839 de
1262 812 1337 839 tota
1363 806 1529 840 imitandi
1559 808 1718 849 ratione,
1749 810 1811 843 sed
1835 807 1904 843 hoc
1929 823 2077 844 monere
2108 818 2187 844 tan·

1190 864 1267 891 tum
1283 857 1403 898 volui,
1430 866 1597 903 oportere
1614 872 1680 894 nos
1697 861 1735 893 in
1752 861 1877 895 studiis
1894 862 2026 896 nostris
2052 860 2185 896 habere

1191 915 1304 943 certas
1327 911 1501 955 quasdam
1524 912 1719 945 sententias
1739 925 1881 957 semper
1906 914 1951 946 oh
1977 914 2119 953 oculos,
2145 926 2186 947 ex

1191 960 1322 1006 quibus
1345 961 1402 994 vel
1423 962 1467 995 de
1491 962 1671 1003 moribus,
1702 964 1758 996 vel
1783 965 1826 996 de
1859 965 1965 998 rebus
1993 965 2071 999 aliis
2095 965 2187 998 iudi-

1191 1013 1285 1045 cium
1310 1012 1504 1054 faciamus,
1537 1020 1572 1046 et
1596 1015 1640 1047 ad
1665 1027 1754 1060 quas
1769 1016 1965 1050 referamus
1988 1028 2074 1057 nos,
2100 1028 2187 1063 qua-

1191 1075 1331 1109 cunque
1359 1064 1403 1096 de
1427 1076 1465 1097 re
1494 1064 1767 1109 disputabimus.

1294 1114 1433 1148 Deinde
1470 1118 1648 1161 quaedam
1675 1119 1867 1151 struendae
1898 1120 2188 1163 componendae-

1193 1179 1261 1212 que
1281 1166 1456 1201 orationis
1472 1169 1624 1202 tenenda
1649 1169 1766 1202 forma
1792 1176 1844 1204 est
1868 1176 1902 1203 et
1920 1168 2117 1211 character,
2144 1171 2190 1204 si-

1192 1218 1287 1252 milis
1317 1218 1429 1251 veteri
1458 1225 1493 1252 et
1525 1232 1615 1264 pure
1646 1219 1778 1253 Latino
1813 1222 1994 1262 sermoni,
2032 1234 2188 1267 quorum

1192 1276 1387 1315 utrumque
1411 1270 1508 1304 deest
1531 1271 1625 1311 istis,
1651 1271 1714 1316 qui
1729 1284 1841 1305 unum
1859 1270 1928 1305 hoc
1951 1274 2109 1307 studium
2127 1271 2192 1306 ha-

1193 1322 1279 1353 bent
1310 1333 1375 1365 per
1409 1334 1533 1356 omnes
1569 1329 1713 1357 autores
1741 1323 1938 1367 grassandi.
1991 1324 2085 1358 Nam
2109 1337 2190 1358 cum

1194 1372 1270 1405 sine
1303 1373 1441 1406 delectu
1478 1385 1601 1407 omnes
1632 1375 1828 1409 sententias
1862 1382 2077 1419 congerant,
2115 1388 2191 1409 non

1193 1430 1311 1467 potest
1336 1423 1433 1463 fieri,
1464 1431 1504 1457 ut
1525 1423 1683 1458 habeant
1710 1433 1822 1460 certas
1848 1427 2070 1471 propositas,
2103 1439 2192 1473 quas

1194 1475 1232 1507 in
1258 1474 1452 1508 iudicando
1476 1483 1685 1521 sequantur.
1738 1476 1879 1510 Deinde
1910 1478 2014 1511 citius
2035 1484 2110 1511 tota
2137 1490 2192 1512 re·-

1193 1538 1275 1560 rum
1297 1533 1426 1559 natura
1448 1527 1668 1568 mutabitur,
1696 1540 1805 1573 quam
1828 1530 1908 1569 fiet,
1934 1536 1975 1563 ut
1995 1529 2087 1563 iusta
2113 1542 2192 1563 ora-

1195 1577 1303 1612 tionis
1326 1584 1503 1612 structura
1532 1585 1681 1613 utantur
1706 1577 1762 1620 hi,
1795 1580 1858 1625 qui
1883 1592 1958 1614 non
1983 1581 2027 1614 ad
2053 1581 2192 1626 aliquo-

1195 1642 1277 1663 rum
1294 1642 1336 1663 ex
1352 1630 1532 1665 veteribus
1549 1631 1789 1664 imitationem
1809 1644 1884 1666 sese
1908 1632 2194 1679 contulerintffl).

1194 1680 1319 1726 Itaque
1347 1681 1510 1716 videmus
1542 1695 1668 1716 eorum
1698 1684 1922 1724 orationem,
1953 1683 2036 1729 qui,
2068 1696 2194 1729 quam-

1197 1745 1306 1779 quam
1322 1733 1434 1767 multa
1454 1734 1625 1778 legerint,
1650 1740 1770 1768 tamen
1787 1736 1825 1767 in
1845 1736 2096 1779 componenda
2114 1747 2193 1768 ora-

1196 1786 1317 1825 tione,
1350 1797 1430 1818 cum
1453 1786 1590 1819 nullam
1615 1792 1771 1819 veterem
1802 1787 1957 1819 formam
1992 1786 2194 1827 imitantur,

1195 1835 1415 1881 persimilem
1447 1849 1519 1871 esse
1552 1837 1707 1870 mendici
1720 1837 1767 1885 30)
1796 1838 1928 1882 pallio,
1968 1839 2026 1871 cui
2060 1838 2192 1883 passim

1195 1888 1374 1928 laceratO,
1416 1889 1532 1922 omnis
1566 1890 1705 1934 generis
1738 1889 1923 1934 panniculi
1962 1890 2071 1924 assuti
2101 1896 2194 1924 sunt.

1196 1939 1290 1974 Nam
1315 1946 1391 1973 tota
1415 1940 1567 1974 istorum
1594 1942 1710 1974 oratio
1730 1953 1772 1974 ex
1794 1941 2042 1976 dissimillimis
2065 1948 2100 1975 et
2114 1953 2194 1974 ver-

1194 1991 1248 2025 bis
1274 1998 1308 2024 et
1332 1993 1516 2026 sententiis
1543 1999 1729 2037 congesta,
1752 1993 1840 2027 alias
1861 1994 1987 2037 longas
2003 1992 2113 2026 habet
2128 1993 2195 2026 cir-

1197 2043 1485 2084 cumductiones,
1511 2044 1598 2077 alias
1624 2045 1776 2088 abrupta
1802 2046 1978 2089 quaedam
2008 2051 2043 2078 et
2066 2044 2193 2077 mutila

1196 2095 1376 2134 membra,
1411 2095 1499 2128 alias
1532 2095 1709 2129 obsoletas
1740 2102 1775 2128 et
1800 2096 1844 2128 ab
1878 2096 2005 2128 ultima
2039 2095 2195 2140 antiqui-

1196 2151 1268 2178 tate
1292 2146 1422 2190 petitas
1446 2147 1595 2190 figuras,
1622 2159 1709 2192 quas
1727 2159 1801 2180 non
1825 2147 2020 2191 intelligat,
2049 2147 2077 2180 si
2102 2146 2194 2179 revi-

1198 2197 1319 2237 viscat,
1336 2197 1410 2241 ipsa
1422 2197 1584 2231 Evandri
1600 2204 1716 2231 mater
1725 2197 1784 2246 ³¹),
1800 2199 1886 2233 alias
1903 2198 2076 2231 vocabula
2096 2210 2190 2231 nova

1197 2255 1230 2281 ct
1258 2248 1293 2280 in
1319 2249 1435 2281 inedia
1458 2250 1621 2282 barbaric
1646 2257 1739 2283 nata.

1230 2384 1278 2415 28)
1299 2386 1385 2408 verba
1404 2385 1494 2413 illius]
1514 2385 1553 2408 sic
1574 2384 1658 2408 Editt.

1268 2420 1353 2444 1559..
1376 2419 1462 2446 1562..
1485 2420 1550 2443 1554

1681 2384 1765 2411 1532..
1789 2384 1860 2407 1541,
1881 2385 1925 2409 A..
1948 2384 2023 2407 154¹.
2043 2385 2083 2412 B.,
2106 2384 2191 2408 1544..

1555 2438 1560 2443 .
1574 2421 1616 2443 A..
1639 2419 1722 2447 1570,
1744 2419 1835 2445 1587.·,
1854 2419 1938 2441 Editt.
1955 2419 2030 2442 1511.
2046 2419 2190 2450 1⁴¹.,1557.,

1267 2455 1341 2477 1564.
1363 2455 1409 2483 L..
1432 2455 1522 2483 1569.7
1545 2454 1636 2481 158³..
1660 2454 1732 2476 1591.
1754 2454 1811 2475 eius
1832 2454 1926 2476 verba.

1230 2496 1276 2527 29)
1302 2497 1369 2519 Huic
1390 2497 1448 2519 loco
1469 2497 1495 2518 iu
1515 2496 1598 2518 Editt.
1619 2495 1707 2522 1559..
1729 2495 1802 2518 1564.
1818 2497 1868 2521 A..
1891 2495 1964 2519 1570.
1978 2514 1984 2524 .,
2008 2496 2084 2520 1587.
2104 2502 2190 2526 appo-

1266 2532 1320 2554 sita
1340 2534 1384 2553 est
1404 2533 1467 2553 nota
1487 2530 1617 2559 margin:
1651 2530 1746 2553 oratio
1767 2530 1849 2552 studii
1869 2531 2049 2553 tumultuarii.

1229 2574 1276 2605 30)
1296 2574 1426 2602 mendici]
1456 2573 1495 2595 si‹¹
1518 2579 1611 2596 omncs
1638 2573 1702 2596 illac
1722 2573 1823 2604 Editt.‚
1861 2575 1982 2604 exceptis
2000 2575 2082 2598 Editt.
2105 2575 2191 2599 1557..

1266 2609 1339 2632 1564.
1356 2610 1402 2635 11...
1426 2609 1516 2635 1569..
1536 2608 1562 2631 in
1583 2608 1679 2638 quibus
1700 2609 1816 2639 legitur:
1843 2610 1973 2632 mendaci.

1227 2650 1275 2681 31)
1297 2650 1417 2674 Evandri
1437 2650 1489 2673 iam
1509 2656 1592 2680 supra
1612 2658 1635 2680 ι).
1654 2651 1709 2675 173.
1726 2652 1830 2674 laudati
1845 2653 1932 2674 mater
1949 2652 1981 2674 ab
1997 2651 2059 2674 aliis
2071 2652 2188 2679 Themis.

1263 2687 1295 2709 ah
1311 2686 1373 2708 aliis
1386 2684 1536 2708 Carmenta
1546 2686 1765 2713 velCai'nicntiS,
1781 2688 1813 2709 ab
1828 2686 1890 2708 aliis
1901 2686 2070 2712 Nicostrata.
2085 2687 2188 2708 abaiiis

1265 2720 1593 2749 Timandraappellatum
1614 2721 1685 2744 conf.
1701 2721 1817 2744 Pausan.
1832 2720 1956 2748 Vtinam}e
1967 2721 1989 2743 2.
2002 2721 2118 2749 Dionys,
2133 2721 2188 2743 tla—
