2373 2980
133 90 207 127 745
436 89 558 125 LXIV.

184 179 273 224 Quis
289 177 398 222 igitur

133 229 209 265 895
232 230 392 263 Deorum
409 234 470 262 aut
490 225 680 262 hominum

183 283 255 316 Aut
277 279 448 326 quicquid
464 292 586 314 rerum
605 280 868 324 insperatarum

184 332 285 365 Hanc
302 331 439 364 inviam
457 331 552 364 viam
573 331 840 366 conficientibus

181 382 293 418 Nobis
308 383 448 417 duobus

182 433 358 468 Ostendet
372 435 480 468 finem
496 434 676 467 malorum
685 433 730 478 ⁵3)
739 433 755 466 ?

131 485 207 520 900
240 487 339 522 ΟΙιον.
366 485 406 519 In
430 484 499 520 hoc
521 484 735 519 admirando
760 496 860 525 casu,
891 486 952 531 qui
978 498 1120 520 omnem

543 548 745 570 sermonem
768 543 924 581 superat,

183 587 235 621 Ea
247 615 257 629 ‚
280 600 370 634 quae
387 587 461 621 vidi
478 594 513 621 et
528 587 670 628 audivi,
692 587 815 622 recito.

181 639 327 673 Amicos
342 639 526 673 venientes
541 639 579 672 in
596 645 825 683 conspectum
843 639 1055 679 amicorum,

182 690 310 725 Oresta
323 717 332 731 ‚
354 697 491 725 rectum
511 696 562 724 est
578 690 766 735 complecti
783 702 818 724 se
837 697 982 728 mutum

178 742 249 775 Sed
264 742 366 775 finito
385 743 483 776 luctu
497 742 604 775 etiarn
622 754 664 775 eo
681 742 837 775 eundum
855 748 918 782 est,

130 791 205 826 905
230 793 312 838 Quo
331 793 505 839 inclytum
520 805 654 826 nomen
667 792 790 826 salutis

180 844 403 888 Accipientes
415 871 425 886 ‚
452 844 674 879 discedamus
689 841 784 877 hinc.

180 894 389 940 „Sapientis
422 895 517 929 enim
548 895 617 927 viri
650 902 701 928 est
732 907 807 928 non
839 894 1017 938 negligere
1049 895 1120 927 for—

544 952 681 986 tunam,

181 997 302 1037 „Cum
319 999 453 1043 ceperit
475 997 717 1039 occasionem,
740 1009 814 1031 non
831 997 935 1040 debet
956 997 1033 1030 aliis
1058 1010 1119 1030 vo-

543 1049 741 1093 luptatibus
757 1049 953 1093 indulgere.

180 1102 238 1135 Or.
259 1099 370 1134 Recte
385 1100 524 1140 dixisti,
545 1100 712 1134 fortunae
728 1111 835 1134 curae
855 1100 922 1133 erit

128 1150 202 1185 910
233 1151 329 1186 Haec
352 1164 408 1187 res
426 1151 634 1190 nobiscum3
675 1152 705 1185 si
730 1152 809 1197 quis
832 1151 907 1196 ipse
932 1155 1120 1194 promptus

545 1202 666 1242 fuerit,

180 1252 470 1286 Consentaneum
486 1258 538 1286 est
554 1253 633 1297 plus
648 1252 763 1286 Deum
785 1254 933 1286 efficere.

179 1305 252 1346 Iph.
282 1302 382 1338 Nihil
406 1316 463 1337 me
488 1310 714 1344 remoratur,
748 1316 864 1349 neque
895 1304 1045 1336 abducet
1075 1303 1119 1335 al»

538 1352 605 1388 hac
621 1355 797 1395 oratione,

178 1405 276 1450 Quin
318 1406 477 1451 primum
513 1405 731 1450 interrogem
743 1433 753 1446 ‚

540 1455 695 1498 Electra,

801 1418 908 1451 quom
915 1407 984 1439 odo
1022 1405 1119 1437 vivat

157 1605 205 1637 5³)
230 1606 291 1637 1111».
316 1606 431 1630 Ati-ocia
455 1617 488 1622 —
512 1604 670 1631 malorum?
703 1606 758 1639 (νε.
777 1606 964 1638 869-899.)]
997 1608 1037 1631 sic
1068 1608 1116 1631 Ed.

193 1641 289 1671 1562.;
308 1641 358 1665 Ed.
381 1639 473 1665 1558.:

227 1675 290 1706 lph.
309 1675 437 1698 Scelesta
454 1675 630 1705 pati-assem,
649 1675 748 1707 gravia
765 1676 930 1707 pati-assem,

226 1710 248 1733 Ο
267 1710 303 1733 mi
322 1709 418 1732 frater.

224 1744 337 1768 Minimo
357 1744 492 1767 momento
513 1742 637 1774 effugisti

227 1778 347 1803 Caedem
366 1777 493 1808 impiam,
513 1783 547 1801 ex
565 1777 635 1801 meis

226 1813 342 1838 Occisus
361 1812 494 1836 manibus,
533 1811 586 1835 sed

224 1848 346 1872 Istorum
365 1847 489 1877 quisnam
508 1844 594 1870 finis?

227 1883 304 1912 Quae
322 1881 435 1905 fortuna
451 1880 516 1904 mihi
535 1878 688 1905 concedet?

227 1917 314 1946 Quam
332 1915 382 1939 tibi
403 1915 476 1939 viam
495 1915 668 1946 excogitans,

225 1951 327 1974 lterum
345 1951 378 1973 ab
396 1950 446 1973 hac
464 1949 588 1980 civitate,

225 1986 266 2009 ΑΙ)
284 1985 334 2007 hac
351 1984 435 2007 caede
451 1984 558 2007 mittam

224 2019 256 2043 lu
275 2018 392 2048 patriam
408 2019 552 2049 Argivam,

223 2054 377 2083 Antequam
395 2053 488 2083 gladio

224 2088 280 2111 'suo
299 2087 433 2118 sanguine
449 2083 561 2110 lucter?

221 2123 281 2146 Hoc
299 2122 349 2145 hoc
366 2123 457 2151 tuum,
478 2127 494 2145 o
514 2121 598 2145 miser
616 2120 706 2145 anime
726 2121 770 2151 mi,

224 2156 349 2181 Officium
369 2156 538 2186 excogitare,

221 2191 355 2214 Utrumne
372 2196 422 2220 per
440 2192 562 2221 terram,
581 2196 669 2220 neque
688 2190 762 2220 navi,

222 2225 277 2248 Sed
295 2225 392 2255 pedum
411 2224 513 2254 impetu

219 2259 304 2283 Morti
325 2259 558 2290 appropinquans,

220 2293 274 2317 Per
292 2294 426 2317 barbaras
445 2294 543 2324 gentes

217 2328 254 2351 Et
271 2327 362 2351 invios
380 2328 516 2351 transitus
534 2328 588 2351 iter
606 2327 723 2356 faciens,

218 2361 272 2384 Per
293 2361 425 2392 Cyaneas

217 2396 273 2419 lmo
288 2398 424 2427 angustas

217 2430 332 2461 Petras,
352 2431 437 2461 longa
454 2429 556 2454 itinera

216 2464 369 2488 Navalibus
389 2464 525 2489 cursibus.

215 2499 337 2529 Misera,
355 2498 474 2523 misera!

216 2533 286 2563 Quis
304 2533 389 2564 igitur
402 2534 482 2563 haee,

215 2569 272 2593 Aut
289 2567 380 2598 Deus,
398 2568 445 2591 aut
462 2567 554 2598 homo,

214 2603 271 2626 Aut
287 2602 391 2632 aliquid
413 2609 446 2626 ex
464 2601 624 2633 inopinatis,

213 2636 297 2660 Viam
316 2636 473 2667 impeditam
492 2636 639 2666 expediens

212 2671 324 2695 Duobus
342 2670 411 2695 solis
430 2670 535 2694 Atridis

214 2705 350 2730 Ostendet
368 2705 502 2730 malorum
520 2702 707 2730 solutionem?

612 90 1011 128 INTERPRETATIO
1039 94 1278 130 EURIPIDIS
1304 93 1582 131 IPHIGENIAE
1609 94 1657 130 IN
1687 95 1872 130 TAURIS.

2096 98 2170 132 746

1232 183 1333 227 Quae
1350 188 1401 216 est
1418 179 1508 215 mihi
1525 179 1744 217 charissima.

1180 233 1253 268 915
1283 236 1340 268 Or.
1365 232 1432 267 Iste
1450 240 1521 274 est,
1539 234 1594 267 cui
1612 245 1652 266 ea
1675 234 1814 279 nupsit,
1837 246 1877 267 ac
1893 234 1994 268 beate
2012 234 2099 268 vivit
2109 235 2167 281 ⁵³).

1230 286 1301 327 Iph.
1333 285 1435 317 Unde
1454 292 1504 319 est
1526 284 1608 325 iste,
1634 291 1667 318 et
1684 286 1781 320 cuins
1796 285 1914 319 filius?

1231 337 1289 370 Or.
1313 334 1475 379 Strophii
1489 333 1682 370 Phocensis
1699 337 1869 379 estssfilius.

1231 387 1303 429 lph.
1328 385 1393 420 Est
1410 387 1500 420 filius
1515 386 1607 419 filiae
1623 386 1742 430 Atrei,
1768 387 1857 422 mihi
1875 387 2071 433 cognatus?

1230 439 1287 471 Or.
1315 436 1380 471 Est
1403 444 1525 472 noster
1543 439 1796 481 consobrinus,
1819 440 1914 474 solus
1931 438 2020 473 mihi
2046 440 2168 473 firmus

1588 500 1734 525 amicus.

1177 539 1251 574 920
1276 541 1349 582 [pla.
1373 538 1543 574 Nondum
1562 546 1658 581 erat,
1682 542 1828 586 quando
1844 549 1946 586 pater
1961 555 2018 575 me
2034 548 2167 575 macta-

1591 590 1668 623 vit?

1228 644 1286 675 Or.
1317 641 1400 676 Non
1425 648 1514 680 erat;
1550 641 1773 687 aliquamdiu
1788 642 1977 690 Strophius
2003 644 2068 677 fuit
2093 644 2166 677 sine

1584 693 1717 728 liberis.

1226 746 1298 788 [ph.
1323 744 1447 785 Salve,
1473 744 1601 779 marite
1618 757 1718 779 meae
1737 747 1883 781 sororis.

1228 798 1285 830 Or.
1325 795 1371 829 Et
1405 809 1505 830 meus
1538 803 1700 831 servator
1735 804 1806 838 est,
1849 810 1923 831 non
1969 796 2164 842 tantum⁵⁵)

1587 855 1770 893 cognatus.

1226 900 1298 941 lph.
1323 898 1519 944 Quomodo
1543 899 1742 934 sustinuisti
1766 901 1829 935 ista
1857 900 1991 933 atrocia
2016 899 2106 932 facta
2125 899 2166 931 de

1588 951 1729 985 matre?

1175 999 1248 1035 925
1282 1003 1338 1035 Or.
1371 1000 1571 1036 Taceamus
1603 1003 1646 1036 de
1671 1003 1758 1041 illis;
1795 1003 1878 1043 feci,
1913 1009 1952 1035 ut
1979 1001 2167 1035 ulciscerer

1590 1066 1712 1087 necem
1733 1055 1856 1099 patris.

1182 1136 1194 1151 ι
1226 1104 1298 1145 ka.
1324 1103 1426 1147 Quae
1443 1103 1510 1137 fuit
1529 1115 1656 1145 causa,
1682 1107 1778 1151 qnod
1799 1105 1928 1138 occidit
1943 1105 2112 1138 maritum
2124 1103 2139 1135 ζ)

1227 1157 1284 1188 Or.
1333 1154 1499 1189 Sinamus
1528 1153 1633 1194 haec;
1680 1168 1754 1190 non
1789 1163 1839 1191 est
1876 1156 1940 1189 tibi
1973 1155 2162 1190 honestum

1586 1207 1723 1242 audire.

1506 1257 1601 1292 Num
1618 1259 1734 1303 Argos
1749 1260 1785 1292 in
1802 1266 1835 1293 te
1852 1258 2020 1304 respicit?

1941 1323 2006 1344 nos
2043 1320 2163 1343 sumus

1224 1258 1295 1299 ka.
1322 1256 1452 1291 Taceo.

1225 1311 1283 1342 Or.
1324 1308 1508 1343 Menelaus
1544 1315 1641 1343 tenet
1680 1311 1892 1356 imperium;

1587 1362 1716 1397 exules.

1173 1410 1247 1443 930
1281 1411 1354 1453 tph.
1388 1410 1482 1445 Num
1504 1419 1652 1456 patruus
1684 1414 1816 1448 iniuria
1840 1414 1957 1448 affecit
1988 1411 2162 1450 familiam

1589 1465 1780 1500 afflictam?

1223 1515 1281 1546 Or.
1309 1512 1408 1552 Nom
1435 1516 1495 1548 sed
1513 1521 1629 1548 terror
1644 1515 1844 1563 Erinnynm
1866 1516 2029 1550 exturbat
2046 1526 2102 1547 me
2121 1526 2162 1546 ex

1581 1573 1687 1601 terra.

1223 1617 1295 1658 ΙμΙι.
1325 1614 1416 1648 Illud
1435 1622 1504 1657 est,
1533 1620 1629 1664 quod
1646 1619 1683 1652 in
1707 1619 1827 1653 littore
1849 1618 1995 1656 accidit;
2027 1628 2110 1650 nam
2130 1622 2165 1649 et

1566 1669 1636 1702 illic
1651 1672 1855 1704 nuntiatum
1874 1677 1925 1704 est
1941 1677 1974 1703 te
1991 1667 2160 1701 insanire.

1222 1720 1280 1751 Or.
1304 1717 1433 1753 Sumus
1450 1721 1628 1765 conspecti
1650 1734 1725 1755 non
1742 1735 1836 1756 nune
1857 1723 2014 1767 primum
2040 1719 2076 1752 in
2095 1717 2161 1751 hac

1583 1785 1738 1807 mlseria.

1221 1821 1292 1861 Isth.
1318 1818 1501 1865 Intelligo‚
1525 1830 1673 1867 propter
1699 1831 1852 1857 matrem
1879 1824 2104 1868 agitaverunt
2127 1826 2159 1852 te

1577 1874 1766 1921 Erinnyes.

1236 2022 1284 2046 rid.
1306 2023 1398 2046 1558:

1272 2057 1358 2081 Cher.
1378 2057 1454 2081 Inter
1472 2058 1612 2085 miranda.
1633 2062 1660 2084 et
1679 2061 1753 2084 ultra
1773 2068 1851 2092 quam
1873 2061 1925 2085 dici
1945 2059 2045 2091 possit,

1271 2091 1345 2114 Haec
1364 2097 1416 2122 ego
1435 2092 1495 2121 ipsa
1513 2094 1586 2121 vidi,
1606 2097 1632 2118 et
1651 2096 1767 2119 audiens
1787 2097 1881 2120 nuntio

1269 2125 1346 2152 Hoc.
1366 2126 1469 2149 amicos
1488 2129 1601 2152 venisse
1621 2130 1647 2152 in
1667 2133 1845 2160 conspectum
1864 2130 2024 2155 amicorum-

1268 2159 1290 2183 0
1311 2159 1442 2192 orestes,
1462 2167 1589 2186 manuum
1609 2165 1785 2194 complexus,
1805 2168 1835 2188 ut
1855 2166 1949 2195 det-et,
1970 2162 2119 2192 accepisse.

1268 2193 1307 2217 Te
1333 2200 1401 2218 vero
1431 2195 1603 2221 desinentem
1634 2203 1650 2221 a
1674 2199 1853 2223 miseratione
1865 2216 1872 2228 ‚
1904 2199 1937 2222 ad
1970 2197 2041 2221 istud
2074 2197 2154 2220 etiam

1581 2232 1679 2256 venire
1696 2239 1809 2257 necesse
1828 2235 1881 2264 est,

1268 2261 1304 2285 Ut
1321 2261 1455 2293 inclytum
1475 2270 1574 2288 nomen
1593 2267 1694 2290 salutis

1266 2296 1362 2327 Nacti,
1382 2304 1415 2320 ex
1435 2299 1511 2322 terra
1530 2299 1702 2323 discedamus
1717 2301 1842 2325 barbara.

1266 2332 1461 2361 „sapientium
1482 2333 1552 2356 enim
1570 2334 1693 2358 virorum
1711 2336 1792 2360 haec:
1819 2341 1873 2360 non
1899 2335 2073 2366 egredientes
2094 2336 2153 2358 t'or-

1577 2369 1670 2391 tunam

1265 2415 1284 2428 ‚.
1294 2399 1448 2423 Occasione
1468 2402 1565 2432 capta,
1584 2403 1743 2432 voluptates
1763 2404 1834 2428 alias
1854 2411 1960 2436 capere.

1264 2434 1314 2458 Or.
1334 2434 1419 2457 Recte
1439 2434 1548 2466 dixisti,
1567 2435 1696 2461 fortunae
1717 2440 1807 2462 tamen
1826 2441 1950 2464 arbitror
1969 2444 2051 2464 curae
2070 2440 2130 2462 fore

1262 2468 1350 2498 „Hoc
1368 2468 1524 2499 nobiscum3
1544 2469 1569 2492 si
1587 2477 1655 2495 vero
1675 2473 1809 2497 benevola
1827 2476 1856 2498 tu
1877 2482 1918 2504 es,

1263 2502 1404 2540 „Valere¹
1414 2502 1501 2532 ipsum
1521 2510 1619 2528 numen
1639 2506 1701 2536 plus
1721 2510 1937 2533 consentaneum
1957 2512 2009 2533 est.

1262 2535 1324 2574 Ipli.
1344 2536 1416 2575 Nini
1435 2543 1478 2560 me
1496 2539 1657 2572 continebo,
1676 2547 1765 2571 neque
1783 2545 1892 2567 avertet
1911 2549 1928 2567 a
1947 2548 2085 2567 sermone.

1262 2571 1336 2608 ριιιι]ι
1351 2576 1466 2600 primum
1485 2571 1671 2605 interrogem,
1691 2577 1825 2605 quodnam
1844 2578 1956 2602 Electra
1973 2578 2059 2601 fatum

1261 2605 1423 2643 sortita-sit
1440 2606 1531 2635 vitae;
1551 2608 1715 2633 charissima
1735 2611 1805 2635 enlm
1825 2614 1906 2636 erunt
1925 2612 2015 2636 omnia
2034 2610 2105 2634 lnihi.

1258 2639 1307 2663 Or.
1326 2639 1396 2663 Huic
1413 2640 1572 2673 cohabitat,
1591 2643 1692 2667 victum
1713 2645 1817 2669 habens
1837 2647 2009 2677 locupletem.

1126 2688 1130 2731 Ι
1189 2670 1237 2702 55)
1257 2671 1375 2704 tantum]
1402 2673 1443 2698 sic
1468 2673 1515 2706 (=
1532 2677 1627 2707 Eurip.
1644 2675 1750 2710 μόνον)
1768 2680 1853 2704 Editt.
1874 2681 1949 2705 1558.
1967 2682 1994 2704 et
2012 2682 2147 2711 recentt.;

1223 2706 1272 2731 Ed.
1292 2707 1366 2732 1562.
1387 2714 1484 2734 errore
1502 2712 1630 2742 typogr.:
1649 2713 1733 2737 tuum.

1140 1728 1146 1900 l

1139 1901 1144 1980 t

1136 1982 1143 2129 Ι
1201 1985 1247 2013 ω)
1269 1987 1354 2012 onor.
1375 1987 1404 2011 ln
1423 1988 1474 2012 hoc
1491 2000 1525 2006 -
1545 1990 1624 2016 vivit.
1645 1990 1701 2023 (vs.
1721 1991 1906 2024 900—915.)]
1934 1992 1975 2015 sic
1996 1991 2043 2015 Ed.
2066 1988 2157 2015 1562.;

1132 2131 1142 2393 l
