2373 2980
54 123 104 160 13

53 215 173 257 partes
190 206 351 252 aliquae,
379 210 523 249 turgent
540 215 579 237 ea
600 208 797 243 crescente,
832 207 866 234 et
890 207 1055 234 arescunt

59 274 99 296 ea
126 261 359 294 decrescente.

160 310 300 344 Deinde
316 308 449 348 stellae,
467 313 541 340 tum
558 307 648 339 fixae
665 310 740 337 tum
759 309 929 342 errantes,
948 301 1056 346 signi-

56 365 166 398 ficant
181 363 218 394 in
238 373 318 394 aere
337 360 393 393 vel
414 365 548 398 aestus,
576 356 631 390 vel
650 355 767 394 nives;
801 355 898 388 unde
924 360 958 386 et
981 365 1057 386 cae-

59 421 136 448 tera
152 420 293 446 terrena
314 412 539 444 adficiuntur.
591 407 692 452 Ipsae
708 419 792 440 vero
811 406 905 439 inter
918 417 954 438 se
974 416 1058 437 con-

60 477 200 510 gressae
216 464 365 498 miscent
381 467 606 506 potestatem,
623 465 657 492 et
672 459 788 492 varias
806 457 963 491 efficiunt
979 468 1057 489 mu-

60 517 234 554 tationes;
266 515 306 547 in
331 513 459 560 quibus
482 512 547 545 etsi
570 511 747 543 antecellit
769 510 821 544 vis
843 508 954 548 Solis,
990 519 1057 551 pro

63 567 220 613 generali
253 564 525 602 constitutione,
566 569 687 594 tamen
711 562 870 607 reliquae
902 565 964 592 aut
996 559 1059 591 ad·

62 620 189 653 iiciunt
213 623 275 650 aut
295 616 501 649 diminuunt
525 613 672 658 aliquid.

164 670 216 703 Ac
238 667 363 701 Lunae
388 666 532 712 quidem
564 665 707 698 effectus
737 661 997 696 manifestiores
1027 666 1061 693 et

63 720 260 754 crebriores
284 724 382 753 sunt:
424 723 464 750 ut
483 716 521 749 in
548 715 820 755 coniunctione,
850 711 1060 759 quadranti-

60 773 126 806 bus
142 778 177 805 et
194 769 399 816 pleniluniis
418 774 578 814 apparet.
630 767 805 812 Reliquae
828 777 914 798 vero
939 764 1060 798 stellae

61 823 227 867 longiora
261 821 449 855 intervalla
485 817 636 859 habent,
682 825 716 852 et
754 817 977 851 obscuriores
1014 815 1061 848 ef-

59 875 252 914 fectiones,
280 875 365 907 dum
383 872 470 906 alias
485 877 680 915 apparent,
711 870 797 902 alias
823 868 1061 907 occultantur,

61 927 149 960 alias
168 927 211 959 ad
229 924 454 958 latitudinem
472 923 629 968 aliquam
647 921 844 955 discedunt.
905 919 1008 964 Quae
1034 918 1062 952 si

64 978 143 1024 quis
160 976 419 1016 considerabit,
448 974 643 1019 comperiet
666 986 740 1007 non
763 973 878 1006 solum
897 982 1062 1015 corpora,

62 1036 255 1075 postquam
274 1034 357 1061 nata
378 1033 411 1060 et
429 1026 589 1060 absoluta
608 1032 708 1066 sunt,
743 1024 844 1057 adfici
864 1029 965 1056 motu
985 1034 1063 1055 coe-

63 1080 225 1121 lestium,
254 1080 312 1113 sed
332 1079 439 1113 etiam
459 1077 594 1111 semina
620 1077 695 1122 ipsa
721 1076 824 1109 initio
850 1076 1005 1108 sormam
1030 1079 1064 1106 et

62 1132 284 1165 incrementa
312 1143 379 1176 pro
406 1130 577 1176 qualitate
600 1129 689 1162 coeli
711 1127 882 1171 accipere.
942 1125 1063 1170 Quare

66 1184 242 1228 agricolae
286 1189 320 1215 et
362 1188 522 1226 pastores
561 1193 647 1224 prae
683 1179 830 1212 caeteris
865 1177 1064 1221 diligentes,

66 1248 147 1269 cum
163 1234 316 1278 pecudes
332 1234 377 1265 ad
396 1232 529 1265 coitum
548 1231 761 1269 admittunt,
787 1236 848 1263 aut
872 1234 1065 1262 conserunt

58 1298 192 1330 agros,
220 1297 261 1318 ex
284 1283 552 1328 tempestatibus
575 1282 797 1315 coniecturas
820 1282 862 1314 de
881 1279 1065 1314 eventibus

67 1337 214 1370 faciunt.
274 1335 439 1380 Denique
458 1334 642 1378 praecipui
666 1334 808 1366 effectus
833 1338 867 1365 et
891 1331 1065 1375 significa-

67 1387 183 1421 tiones
215 1386 426 1419 illustriores
461 1385 552 1418 Solis
591 1391 625 1417 et
655 1383 779 1417 Lunae
816 1390 850 1416 et
881 1383 1063 1417 stellarum

65 1439 156 1472 adeo
188 1444 304 1470 certae
335 1443 436 1477 sunt,
478 1442 517 1469 ut
543 1435 649 1468 etiam
674 1436 719 1468 ab
746 1434 880 1479 ignaris
902 1432 1065 1480 physices

65 1490 141 1525 sola
175 1489 425 1522 observatione
456 1485 784 1532 deprehendantur.
858 1485 905 1519 Et
938 1486 976 1518 in
1010 1483 1066 1518 his

68 1541 243 1587 quosdam
269 1540 432 1580 effectus,
475 1546 573 1572 ortos
600 1552 617 1571 a
642 1539 846 1583 potentiore
871 1550 996 1578 causa,
1033 1543 1067 1570 et

67 1591 286 1637 simpliciore
312 1598 462 1625 naturae
488 1591 634 1631 ordine,
670 1591 776 1623 etiam
801 1590 955 1630 indocti,
992 1589 1065 1621 imo

68 1650 103 1677 et
118 1645 223 1677 bruta
241 1644 416 1688 quaedam
435 1642 630 1675 animantia
649 1641 912 1686 praesentiunt:
940 1647 980 1674 ut
998 1646 1067 1674 sta-

69 1702 123 1728 tas
138 1694 232 1727 vices
249 1694 354 1734 anni,
383 1700 443 1727 aut
469 1700 719 1738 tempestatum
745 1693 969 1731 discrimina3
1003 1690 1066 1725 has

70 1746 167 1780 enim
187 1745 248 1779 Sol
264 1745 454 1790 praecipue
472 1746 658 1789 gubernat.

172 1797 241 1830 Sed
272 1797 415 1831 effectus
441 1803 539 1830 ortos
562 1808 580 1828 a
606 1796 838 1830 debilioribus
863 1795 975 1830 causis
1002 1808 1068 1828 no-

67 1855 154 1883 runt
168 1846 225 1889 hi,
255 1861 344 1894 quos
360 1848 548 1882 necessitas
567 1849 610 1880 ad
630 1848 916 1881 observationem
933 1847 1066 1892 adegit:

68 1907 109 1934 ut
126 1906 256 1933 nautae
283 1900 615 1933 animadverterunt
638 1899 870 1944 particulares
893 1899 1067 1943 significa-

68 1952 185 1985 tiones
200 1951 405 1996 pluviarum
422 1958 456 1984 et
472 1958 661 1984 ventorum
674 1978 682 1991 ,
716 1963 807 1996 quae
833 1951 935 1984 certis
958 1951 1067 1984 inter-

69 2003 173 2036 vallis
192 2004 361 2043 redeunt,
387 2009 536 2048 propter
552 2003 675 2037 Lunae
692 2009 752 2035 aut
776 2003 957 2036 stellarum
984 2003 1068 2035 fixa-

68 2067 151 2088 rum
170 2055 468 2099 configurationes
485 2056 528 2087 ad
546 2055 683 2093 Solem;
720 2055 780 2100 qui
809 2060 948 2094 tamen,
983 2053 1065 2099 quia

68 2112 219 2150 propter
236 2106 411 2139 inscitiam
432 2118 496 2139 nec
520 2113 681 2151 tempora
704 2118 769 2139 nec
794 2106 870 2138 loca
894 2112 977 2138 nota
1005 2103 1067 2138 ha-

67 2155 168 2197 hent,
193 2170 258 2191 nec
275 2158 498 2202 planetarum
517 2158 702 2197 circuitus,
730 2157 792 2203 qui
809 2169 976 2201 magnam
994 2157 1065 2189 vim

69 2206 223 2250 habent,
249 2216 403 2250 norunt,
429 2221 534 2254 saepe
552 2210 736 2243 falluntur.

176 2260 272 2305 Quid
291 2267 409 2294 autem
428 2261 593 2301 obstabit,
618 2273 712 2301 eum,
731 2260 793 2306 qui
811 2259 971 2293 omnium
988 2259 1067 2292 stel-

70 2311 188 2344 larum
208 2318 242 2344 et
257 2312 349 2347 Solis
368 2319 402 2346 et
417 2311 542 2346 Lunae
568 2319 706 2352 motus,
743 2319 904 2356 tempora
931 2318 965 2345 et
989 2310 1064 2343 loca

68 2362 192 2403 novit,
219 2369 253 2396 et
275 2376 317 2397 ex
337 2371 508 2409 perpetua
532 2364 642 2397 veteri
669 2363 918 2397 observatione
943 2374 1065 2396 earum

69 2420 219 2448 naturas
245 2415 387 2456 didicit,
420 2428 493 2449 non
517 2416 638 2461 quales
662 2415 698 2448 in
721 2416 797 2460 ipso
819 2415 918 2448 coelo
945 2414 1067 2461 sint2)‚

69 2466 132 2499 sed
155 2467 277 2511 quales
299 2465 455 2500 habeant
476 2467 681 2507 facultates,
722 2473 756 2500 et
789 2479 878 2513 quos
905 2467 1065 2499 effectus:

69 2522 111 2550 ut
126 2518 223 2562 quod
241 2518 302 2551 Sol
321 2518 496 2559 calefacit,
525 2518 628 2552 Luna
655 2517 853 2557 humectat;
894 2516 989 2552 hunc
1014 2517 1067 2549 in-

71 2579 198 2612 quam,
228 2569 313 2615 quid
331 2576 427 2603 vetat
443 2568 590 2616 physica
608 2570 892 2604 consideratione
917 2576 950 2603 et
973 2575 1066 2613 apte,

70 2629 113 2651 ex
128 2619 317 2655 collatione
338 2621 520 2664 omnium,
547 2628 621 2656 tum
650 2622 838 2668 qualitates
862 2628 1064 2666 temporum

101 2737 132 2769 2)
153 2738 222 2767 sint]
242 2738 290 2763 Ed.
310 2738 383 2764 1553.
405 2741 476 2763 suut.

240 117 379 154 XLVII.
427 113 825 153 INTERPRETATIO
851 114 1023 149 OPERIS
1051 112 1436 160 QUADRIPARTITI
1462 111 1746 147 PTOLEMAEI
1778 111 1867 148 LIB.
1890 111 1915 147 Ι.

2056 113 2102 147 14

1109 200 1204 233 iuxta
1228 200 1364 244 positus
1389 199 1569 234 stellarum
1597 198 1821 243 praedicere,
1865 199 1961 244 quod
1986 199 2103 232 sutura

1108 251 1179 285 sint
1205 251 1376 284 calidiora
1408 257 1469 284 aut
1491 248 1717 290 humidiora,
1753 256 1827 283 tum
1852 250 1894 283 de
1917 247 2105 283 bominum

1109 303 1401 346 temperamentis
1421 315 1461 335 ex
1480 301 1567 333 coeli
1585 301 1754 347 qualitate
1774 300 1958 334 iudicare?
1998 301 2106 334 veluti

1111 366 1238 398 corpus
1257 353 1405 386 alicuius
1423 365 1495 386 esse
1512 353 1602 392 tale,
1630 359 1663 385 et
1678 365 1796 386 mores
1815 352 1925 385 animi
1942 352 2048 391 tales,
2074 358 2106 384 et

1111 411 1294 438 secuturos
1319 416 1392 438 esse
1417 404 1503 436 tales
1529 409 1693 444 eventus,
1731 404 1815 449 quia
1841 403 1929 436 coeli
1955 403 2107 449 qualitas

1111 461 1395 501 temperamento
1412 454 1626 487 conveniens
1643 461 1676 487 et
1693 455 1821 488 idonea
1840 455 1884 488 sit
1901 455 1945 488 ad
1971 456 2106 487 bonum

1111 506 1290 546 habitum;
1317 513 1379 540 aut
1394 506 1438 540 sit
1457 505 1635 538 contraria
1656 511 1688 538 et
1705 506 1916 539 detrimenta
1935 507 2082 539 adferat.

1214 558 1264 591 Ac
1294 559 1382 591 tales
1417 558 1560 590 effectus
1587 557 1733 590 existere
1757 564 1790 589 et
1813 570 1895 590 vera
1924 563 1999 590 arte
2026 569 2108 601 pro-

1113 610 1199 655 spici
1218 622 1257 642 ac
1274 609 1431 654 praedici
1451 621 1553 653 posse
1566 635 1574 647 ,
1603 620 1644 640 ex
1668 606 1722 641 his
1746 614 1780 640 et
1798 608 1971 642 similibus
1986 609 2109 654 liquet.

1216 661 1324 706 Quod
1339 667 1456 694 autem
1475 659 1586 705 aliqui
1605 659 1869 693 calumniantur
1895 666 2007 692 artem
2033 666 2110 692 tan-

1114 725 1222 758 quam
1259 712 1537 757 impossibilem,
1583 711 1647 744 etsi
1682 722 1808 744 causae
1842 717 2111 756 praetexuntur,

1114 771 1234 798 tamen
1258 762 1322 798 has
1346 764 1471 797 inanes
1498 775 1571 796 esse
1590 762 1638 796 sic
1662 762 1812 806 intelligi
1837 762 1980 807 poterit.
2032 762 2111 795 Pri-

1114 829 1233 857 mum,
1262 828 1340 849 cum
1362 814 1516 855 indocti,
1544 820 1583 847 ut
1609 813 1646 846 in
1673 814 1957 847 consideratione
1983 825 2112 857 magna

1115 874 1148 900 et
1175 867 1383 911 multiplici,
1425 878 1528 910 saepe
1550 863 1834 905 hallucinentur,
1878 865 2024 904 accidit,
2060 870 2111 906 ut,

1115 920 1143 953 si
1164 932 1232 965 qua
1252 931 1333 951 vera
1351 918 1626 962 praedicuntur,
1659 929 1741 950 casu
1766 916 1880 960 magis
1903 928 2010 962 quam
2038 922 2113 948 arte

1116 971 1234 1016 aliqua
1255 970 1437 1015 praedicta
1460 969 1716 1002 existimentur.
1780 968 1846 1002 Sed
1872 968 2035 1013 iniquum
2063 974 2114 1001 est

1116 1023 1183 1055 arti
1199 1022 1398 1056 adscribere
1414 1027 1529 1054 errata
1544 1047 1552 1060 ,
1581 1032 1671 1066 quae
1696 1021 1739 1053 ab
1763 1019 2004 1053 imbecillitate
2031 1030 2115 1063 pro-

1116 1075 1288 1108 fessorum
1306 1073 1483 1106 oriuntur.
1506 1072 1696 1105 Praeterea
1712 1072 1814 1104 multi
1829 1077 1995 1117 quaestus
2009 1082 2113 1103 causa

1118 1126 1204 1159 alias
1221 1125 1462 1158 divinationes
1479 1123 1683 1163 venditant,
1719 1123 1866 1156 nomine
1886 1129 1920 1155 et
1943 1121 2114 1166 dignitate

1116 1175 1221 1210 huius
1239 1178 1337 1216 artis,
1366 1188 1406 1209 ac
1423 1175 1528 1219 vulgo
1548 1175 1751 1219 imponunt,
1781 1175 1890 1208 multa
1909 1173 2117 1218 praedicen-

1119 1235 1188 1269 tes,
1217 1240 1307 1273 quae
1330 1240 1403 1260 non
1422 1227 1665 1271 significantur
1682 1226 1907 1260 naturalibus
1924 1225 2049 1259 causis.

1221 1279 1360 1312 Horum
1378 1279 1536 1311 vanitate
1559 1276 1802 1322 deprehensa,
1830 1277 2028 1322 sagaciores
2054 1275 2117 1308 ali-

1119 1331 1180 1376 qui
1218 1331 1323 1363 etiam
1362 1337 1518 1363 caeteras
1553 1329 1836 1374 praedictiones,
1873 1340 1963 1374 quae
1999 1340 2018 1360 a
2054 1339 2117 1360 na-

1118 1382 1292 1415 turalibus
1324 1381 1436 1415 causis
1468 1387 1678 1421 sumuntur,
1718 1387 1898 1425 suspectas
1923 1378 2056 1413 habent
2083 1385 2117 1412 et

1119 1435 1303 1466 damnant.
1357 1432 1395 1465 Id
1414 1439 1531 1465 autem
1553 1432 1722 1466 iniustum
1742 1438 1804 1466 est.
1850 1432 1941 1467 Nam
1959 1443 2023 1464 nec
2038 1428 2118 1475 phi-

1118 1483 1281 1529 losophia
1301 1484 1381 1517 ideo
1400 1484 1556 1516 tollenda
1575 1489 1625 1517 est
1642 1496 1659 1516 e
1675 1483 1807 1523 medio,
1837 1484 1934 1529 quod
1952 1481 2118 1515 nonnulli

1120 1537 1275 1570 studium
1295 1536 1368 1569 eius
1394 1535 1622 1575 simulantes,
1658 1535 1760 1580 pravi
1784 1541 1867 1568 sunt
1893 1541 1927 1568 et
1946 1534 2118 1578 imposto-

1120 1601 1186 1622 res.
1241 1588 1428 1621 Caeterum
1448 1587 1675 1620 manifestum
1694 1593 1764 1628 est,
1802 1586 1907 1619 etiam
1927 1592 2020 1619 recte
2039 1597 2118 1618 eru—

1120 1641 1212 1673 ditos
1229 1640 1265 1672 in
1283 1639 1497 1684 disciplinis,
1525 1638 1587 1684 qui
1611 1650 1741 1683 magna
1768 1651 1848 1671 cum
1876 1637 2058 1682 diligentia
2085 1642 2119 1669 et

1121 1692 1329 1725 dexteritate
1349 1691 1385 1723 in
1403 1688 1470 1723 hac
1489 1696 1564 1724 arte
1584 1696 1784 1730 versantur,
1811 1702 1914 1734 saepe
1930 1688 2017 1729 salli,
2044 1700 2119 1721 non

1119 1750 1268 1788 propter
1286 1755 1344 1776 eas
1361 1754 1502 1783 causas,
1532 1754 1620 1787 quas
1641 1742 1712 1774 iam
1736 1741 1917 1782 recensui,
1954 1741 2012 1774 sed
2036 1752 2119 1784 pro-

1120 1802 1199 1840 pter
1213 1795 1265 1828 rei
1281 1801 1448 1828 naturam
1466 1800 1500 1826 et
1516 1793 1794 1826 imbecillitatem
1806 1791 1957 1826 humani
1974 1791 2119 1836 ingenii,

1121 1848 1217 1893 quod
1235 1846 1520 1890 magnitudinem
1541 1845 1626 1879 artis
1642 1857 1715 1878 non
1734 1845 1946 1890 assequitur.

1221 1898 1385 1932 Primum
1413 1897 1506 1930 enim
1535 1897 1650 1931 omnis
1674 1896 1836 1930 doctrina
1872 1897 1915 1929 de
1948 1894 2119 1928 materiae

1121 1950 1293 1995 qualitate
1305 1977 1314 1989 ,
1342 1961 1382 1982 ac
1400 1949 1609 1993 praesertim
1628 1961 1669 1982 ex
1686 1948 1808 1982 multis
1823 1947 2042 1993 diversisque
2065 1958 2119 1979 re-

1120 2002 1184 2035 bus
1222 2007 1428 2040 concretae,
1477 2000 1690 2034 coniecturis
1723 2001 1842 2045 potius
1878 2011 1985 2045 quam
2023 2004 2119 2031 certa

1120 2053 1265 2086 scientia
1297 2058 1445 2086 constat.
1513 2051 1651 2085 Deinde
1675 2052 1810 2084 accedit
1833 2057 1868 2085 et
1891 2049 1978 2091 hoc,
2022 2050 2119 2095 quod

1120 2111 1255 2139 veteres
1272 2104 1453 2138 stellarum
1472 2103 1770 2148 configurationes
1783 2131 1792 2144 ,
1819 2116 1837 2136 a
1858 2103 1986 2148 quibus
2003 2113 2119 2134 exem-

1118 2157 1177 2201 pla
1197 2157 1411 2190 iudiciorum
1431 2155 1622 2196 sumimus,
1648 2167 1834 2200 nunquam
1859 2153 2007 2187 omnino
2036 2164 2118 2185 con-

1120 2215 1252 2252 gruunt
1287 2209 1332 2241 ad
1362 2206 1518 2251 positum
1556 2207 1711 2240 siderum
1748 2205 1909 2252 sequenti
1943 2211 2118 2249 tempore.

1118 2259 1210 2294 Nam
1229 2259 1341 2304 magis
1359 2265 1420 2292 aut
1442 2259 1561 2292 minus
1585 2265 1666 2303 post
1690 2258 1797 2302 longa
1821 2257 2008 2289 intervalla
2035 2268 2118 2289 con-

1119 2323 1245 2355 gruere
1263 2317 1433 2356 possunt,
1460 2322 1607 2355 prorsus
1628 2315 1745 2342 autem
1770 2308 1961 2343 convenire
1984 2320 2118 2353 nequa-

1120 2375 1240 2408 quam.
1294 2363 1487 2407 Nunquam
1506 2361 1614 2401 enim‚
1641 2367 1702 2394 aut
1721 2367 1813 2394 certe
1831 2373 1906 2394 non
1922 2360 1965 2394 iis
1982 2359 2117 2405 spatiis,

1120 2426 1210 2459 quae
1235 2411 1538 2459 comprehendere
1561 2410 1726 2447 homines
1751 2418 1920 2457 possunt,
1952 2411 2028 2445 fieri
2052 2423 2117 2455 po-

1120 2466 1222 2506 terit,
1262 2473 1302 2499 ut
1333 2465 1456 2498 redeat
1478 2464 1571 2498 idem
1594 2464 1730 2509 positus
1752 2465 1908 2498 siderum
1933 2469 1966 2496 et
1992 2463 2115 2496 eadem

1118 2523 1236 2550 terrae
1260 2516 1486 2556 constitutio,
1537 2515 1606 2550 nisi
1639 2516 1717 2562 quis
1747 2516 1844 2549 inani
1876 2513 2115 2549 ostentatione

1118 2568 1251 2601 iactare
1282 2568 1365 2600 velit
1394 2579 1515 2600 earum
1548 2580 1666 2601 rerum
1695 2567 1982 2612 perceptIOnem,
2024 2577 2114 2610 quae

1119 2617 1374 2663 comprehendi
1407 2631 1591 2664 nunquam
1620 2626 1781 2664 possunt.
1852 2617 2113 2651 Dissimilitudo

1119 2671 1226 2714 igitur
1250 2670 1493 2715 exemplorum
1520 2682 1623 2704 causa
1650 2677 1719 2711 est,
1748 2683 1810 2704 cur
1841 2670 1876 2702 in
1899 2668 2112 2714 praedictio-

1119 2722 1222 2756 nibus
1249 2722 1384 2768 aliquid
1409 2722 1453 2756 sit
1484 2734 1660 2756 errorum.
1730 2721 1999 2755 Conturbantur
2028 2732 2112 2762 ergo
