<?xml version="1.0" encoding="UTF-8"?>
<!DOCTYPE html PUBLIC "-//W3C//DTD XHTML 1.0 Transitional//EN"
    "http://www.w3.org/TR/xhtml1/DTD/xhtml1-transitional.dtd">
<html xmlns="http://www.w3.org/1999/xhtml" xml:lang="en" lang="en">
 <head>
  <title>
</title>
<meta http-equiv="Content-Type" content="text/html;charset=utf-8" />
  <meta name='ocr-system' content='tesseract 3.04.00' />
  <meta name='ocr-capabilities' content='ocr_page ocr_carea ocr_par ocr_line ocrx_word'/>
</head>
<body>
  <div class='ocr_page' id='page_1' title='image "./operaquaesupersu18melauoft/operaquaesupersu18melauoft_0027.png"; bbox 0 0 2373 2980; ppageno 0'>
   <div class='ocr_carea' id='block_1_1' title="bbox 13 1470 35 2038">
    <p class='ocr_par' dir='ltr' id='par_1_1' title="bbox 13 1470 35 2038">
     <span class='ocr_line' id='line_1_1' title="bbox 13 1470 35 2038; baseline 0 942"><span class='ocrx_word' id='word_1_1' title='bbox 13 1470 35 2038; x_wconf 95' lang='lat' dir='ltr'> </span> 
     </span>
    </p>
   </div>
   <div class='ocr_carea' id='block_1_2' title="bbox 21 2169 28 2896">
    <p class='ocr_par' dir='ltr' id='par_1_2' title="bbox 21 2169 28 2896">
     <span class='ocr_line' id='line_1_2' title="bbox 21 2169 28 2896; baseline 0 0"><span class='ocrx_word' id='word_1_2' title='bbox 21 2169 28 2896; x_wconf 95' lang='lat' dir='ltr'> </span> 
     </span>
    </p>
   </div>
   <div class='ocr_carea' id='block_1_3' title="bbox 90 123 141 160">
    <p class='ocr_par' dir='ltr' id='par_1_3' title="bbox 90 123 141 160">
     <span class='ocr_line' id='line_1_3' title="bbox 90 123 141 160; baseline -0.059 0"><span class='ocrx_word' id='word_1_3' title='bbox 90 123 141 160; x_wconf 78' lang='lat'>29</span> 
     </span>
    </p>
   </div>
   <div class='ocr_carea' id='block_1_4' title="bbox 91 203 1093 458">
    <p class='ocr_par' dir='ltr' id='par_1_4' title="bbox 91 203 1093 458">
     <span class='ocr_line' id='line_1_4' title="bbox 92 203 1093 248; baseline -0.006 -6"><span class='ocrx_word' id='word_1_4' title='bbox 92 207 225 243; x_wconf 89' lang='lat' dir='ltr'>Solaris</span> <span class='ocrx_word' id='word_1_5' title='bbox 243 207 389 244; x_wconf 80' lang='lat' dir='ltr'>dicitur3</span> <span class='ocrx_word' id='word_1_6' title='bbox 418 205 659 238; x_wconf 69' lang='lat' dir='ltr'>semicirculus</span> <span class='ocrx_word' id='word_1_7' title='bbox 683 216 767 237; x_wconf 78' lang='lat' dir='ltr'>vero</span> <span class='ocrx_word' id='word_1_8' title='bbox 795 204 839 237; x_wconf 82' lang='lat' dir='ltr'>ab</span> <span class='ocrx_word' id='word_1_9' title='bbox 856 203 1018 248; x_wconf 76' lang='lat' dir='ltr'>Aquario</span> <span class='ocrx_word' id='word_1_10' title='bbox 1036 216 1093 236; x_wconf 87' lang='lat' dir='ltr'>us-</span> 
     </span>
     <span class='ocr_line' id='line_1_5' title="bbox 92 254 1092 306; baseline -0.008 -13"><span class='ocrx_word' id='word_1_11' title='bbox 92 272 161 306; x_wconf 88' lang='lat' dir='ltr'>que</span> <span class='ocrx_word' id='word_1_12' title='bbox 188 260 232 291; x_wconf 90' lang='lat' dir='ltr'>ad</span> <span class='ocrx_word' id='word_1_13' title='bbox 259 258 437 292; x_wconf 80' lang='lat' dir='ltr'>Cancrum</span> <span class='ocrx_word' id='word_1_14' title='bbox 465 256 638 296; x_wconf 80' lang='lat' dir='ltr'>Lunai-is,</span> <span class='ocrx_word' id='word_1_15' title='bbox 681 262 720 288; x_wconf 89' lang='lat' dir='ltr'>ut</span> <span class='ocrx_word' id='word_1_16' title='bbox 743 256 779 288; x_wconf 90' lang='lat' dir='ltr'>in</span> <span class='ocrx_word' id='word_1_17' title='bbox 805 255 966 300; x_wconf 87' lang='lat' dir='ltr'>quolibet</span> <span class='ocrx_word' id='word_1_18' title='bbox 990 254 1092 288; x_wconf 87' lang='lat' dir='ltr'>semi-</span> 
     </span>
     <span class='ocr_line' id='line_1_6' title="bbox 93 307 1093 354; baseline -0.007 -10"><span class='ocrx_word' id='word_1_19' title='bbox 93 310 226 344; x_wconf 88' lang='lat' dir='ltr'>circulo</span> <span class='ocrx_word' id='word_1_20' title='bbox 256 310 395 354; x_wconf 86' lang='lat' dir='ltr'>signum</span> <span class='ocrx_word' id='word_1_21' title='bbox 431 309 594 353; x_wconf 87' lang='lat' dir='ltr'>planetae</span> <span class='ocrx_word' id='word_1_22' title='bbox 627 307 802 340; x_wconf 86' lang='lat' dir='ltr'>familiare</span> <span class='ocrx_word' id='word_1_23' title='bbox 837 307 1093 339; x_wconf 76' lang='lat' dir='ltr'>attribueretur</span> 
     </span>
     <span class='ocr_line' id='line_1_7' title="bbox 91 357 1091 401; baseline -0.007 -5"><span class='ocrx_word' id='word_1_24' title='bbox 91 363 149 396; x_wconf 85' lang='lat' dir='ltr'>vel</span> <span class='ocrx_word' id='word_1_25' title='bbox 174 361 265 395; x_wconf 91' lang='lat' dir='ltr'>Solis</span> <span class='ocrx_word' id='word_1_26' title='bbox 295 367 464 400; x_wconf 88' lang='lat' dir='ltr'>naturae,</span> <span class='ocrx_word' id='word_1_27' title='bbox 507 360 562 392; x_wconf 81' lang='lat' dir='ltr'>vel</span> <span class='ocrx_word' id='word_1_28' title='bbox 584 358 707 392; x_wconf 87' lang='lat' dir='ltr'>Lunae</span> <span class='ocrx_word' id='word_1_29' title='bbox 737 370 955 401; x_wconf 81' lang='lat' dir='ltr'>congruens,</span> <span class='ocrx_word' id='word_1_30' title='bbox 996 357 1091 390; x_wconf 85' lang='lat' dir='ltr'>iuxta</span> 
     </span>
     <span class='ocr_line' id='line_1_8' title="bbox 91 409 835 458; baseline -0.005 -11"><span class='ocrx_word' id='word_1_31' title='bbox 91 413 249 458; x_wconf 90' lang='lat' dir='ltr'>positum</span> <span class='ocrx_word' id='word_1_32' title='bbox 270 413 412 446; x_wconf 89' lang='lat' dir='ltr'>orbium</span> <span class='ocrx_word' id='word_1_33' title='bbox 431 418 465 444; x_wconf 91' lang='lat' dir='ltr'>et</span> <span class='ocrx_word' id='word_1_34' title='bbox 483 423 607 445; x_wconf 89' lang='lat' dir='ltr'>eornm</span> <span class='ocrx_word' id='word_1_35' title='bbox 630 416 775 443; x_wconf 85' lang='lat' dir='ltr'>naturas</span> <span class='ocrx_word' id='word_1_36' title='bbox 791 409 835 456; x_wconf 74' lang='lat'>⁸).</span> 
     </span>
    </p>
   </div>
   <div class='ocr_carea' id='block_1_5' title="bbox 93 477 1095 781">
    <p class='ocr_par' dir='ltr' id='par_1_5' title="bbox 93 477 1095 781">
     <span class='ocr_line' id='line_1_9' title="bbox 196 477 1095 524; baseline -0.006 -10"><span class='ocrx_word' id='word_1_37' title='bbox 196 480 289 516; x_wconf 75' lang='lat' dir='ltr'>Nam</span> <span class='ocrx_word' id='word_1_38' title='bbox 309 481 483 519; x_wconf 85' lang='lat' dir='ltr'>Saturno,</span> <span class='ocrx_word' id='word_1_39' title='bbox 512 479 594 524; x_wconf 88' lang='lat' dir='ltr'>quia</span> <span class='ocrx_word' id='word_1_40' title='bbox 614 478 769 511; x_wconf 79' lang='lat' dir='ltr'>maxime</span> <span class='ocrx_word' id='word_1_41' title='bbox 785 477 934 521; x_wconf 78' lang='lat' dir='ltr'>frigidus</span> <span class='ocrx_word' id='word_1_42' title='bbox 954 482 1024 515; x_wconf 84' lang='lat' dir='ltr'>est,</span> <span class='ocrx_word' id='word_1_43' title='bbox 1061 482 1095 508; x_wconf 87' lang='lat' dir='ltr'>et</span> 
     </span>
     <span class='ocr_line' id='line_1_10' title="bbox 96 527 1094 576; baseline -0.007 -10"><span class='ocrx_word' id='word_1_44' title='bbox 96 546 178 567; x_wconf 89' lang='lat' dir='ltr'>cum</span> <span class='ocrx_word' id='word_1_45' title='bbox 193 533 310 565; x_wconf 87' lang='lat' dir='ltr'>calore</span> <span class='ocrx_word' id='word_1_46' title='bbox 328 537 481 576; x_wconf 81' lang='lat' dir='ltr'>pugnat,</span> <span class='ocrx_word' id='word_1_47' title='bbox 511 542 550 563; x_wconf 92' lang='lat' dir='ltr'>ac</span> <span class='ocrx_word' id='word_1_48' title='bbox 569 542 775 573; x_wconf 86' lang='lat' dir='ltr'>supremum</span> <span class='ocrx_word' id='word_1_49' title='bbox 793 530 915 562; x_wconf 84' lang='lat' dir='ltr'>orbem</span> <span class='ocrx_word' id='word_1_50' title='bbox 945 541 962 560; x_wconf 88' lang='lat' dir='ltr'>a</span> <span class='ocrx_word' id='word_1_51' title='bbox 990 527 1094 560; x_wconf 88' lang='lat' dir='ltr'>lumi-</span> 
     </span>
     <span class='ocr_line' id='line_1_11' title="bbox 93 579 1092 622; baseline -0.006 -5"><span class='ocrx_word' id='word_1_52' title='bbox 93 584 199 618; x_wconf 85' lang='lat' dir='ltr'>nibus</span> <span class='ocrx_word' id='word_1_53' title='bbox 216 583 369 616; x_wconf 80' lang='lat' dir='ltr'>maxime</span> <span class='ocrx_word' id='word_1_54' title='bbox 388 588 565 615; x_wconf 89' lang='lat' dir='ltr'>remotum</span> <span class='ocrx_word' id='word_1_55' title='bbox 584 588 690 620; x_wconf 87' lang='lat' dir='ltr'>tenet,</span> <span class='ocrx_word' id='word_1_56' title='bbox 711 581 879 613; x_wconf 87' lang='lat' dir='ltr'>attributa</span> <span class='ocrx_word' id='word_1_57' title='bbox 896 586 977 613; x_wconf 91' lang='lat' dir='ltr'>sunt</span> <span class='ocrx_word' id='word_1_58' title='bbox 994 579 1092 622; x_wconf 79' lang='lat' dir='ltr'>signa</span> 
     </span>
     <span class='ocr_line' id='line_1_12' title="bbox 95 630 1095 677; baseline -0.007 -8"><span class='ocrx_word' id='word_1_59' title='bbox 95 635 232 669; x_wconf 80' lang='lat' dir='ltr'>Cancro</span> <span class='ocrx_word' id='word_1_60' title='bbox 250 640 283 667; x_wconf 89' lang='lat' dir='ltr'>et</span> <span class='ocrx_word' id='word_1_61' title='bbox 300 633 413 666; x_wconf 87' lang='lat' dir='ltr'>Leoni</span> <span class='ocrx_word' id='word_1_62' title='bbox 433 632 618 677; x_wconf 87' lang='lat' dir='ltr'>opposita,</span> <span class='ocrx_word' id='word_1_63' title='bbox 653 632 894 676; x_wconf 70' lang='lat' dir='ltr'>Capricornus</span> <span class='ocrx_word' id='word_1_64' title='bbox 922 637 956 663; x_wconf 88' lang='lat' dir='ltr'>et</span> <span class='ocrx_word' id='word_1_65' title='bbox 975 630 1095 675; x_wconf 79' lang='lat' dir='ltr'>Aqua-</span> 
     </span>
     <span class='ocr_line' id='line_1_13' title="bbox 94 680 1095 730; baseline -0.006 -11"><span class='ocrx_word' id='word_1_66' title='bbox 94 687 185 720; x_wconf 87' lang='lat' dir='ltr'>rius:</span> <span class='ocrx_word' id='word_1_67' title='bbox 215 697 306 730; x_wconf 89' lang='lat' dir='ltr'>quae</span> <span class='ocrx_word' id='word_1_68' title='bbox 332 685 429 729; x_wconf 81' lang='lat' dir='ltr'>signa</span> <span class='ocrx_word' id='word_1_69' title='bbox 455 691 488 717; x_wconf 90' lang='lat' dir='ltr'>et</span> <span class='ocrx_word' id='word_1_70' title='bbox 512 684 586 728; x_wconf 88' lang='lat' dir='ltr'>ipsa</span> <span class='ocrx_word' id='word_1_71' title='bbox 611 690 693 716; x_wconf 91' lang='lat' dir='ltr'>sunt</span> <span class='ocrx_word' id='word_1_72' title='bbox 717 683 845 727; x_wconf 79' lang='lat' dir='ltr'>frigida</span> <span class='ocrx_word' id='word_1_73' title='bbox 872 689 905 716; x_wconf 89' lang='lat' dir='ltr'>et</span> <span class='ocrx_word' id='word_1_74' title='bbox 930 680 1095 721; x_wconf 82' lang='lat' dir='ltr'>hiberna,</span> 
     </span>
     <span class='ocr_line' id='line_1_14' title="bbox 96 735 768 781; baseline -0.001 -12"><span class='ocrx_word' id='word_1_75' title='bbox 96 743 129 770; x_wconf 89' lang='lat' dir='ltr'>et</span> <span class='ocrx_word' id='word_1_76' title='bbox 147 743 296 781; x_wconf 89' lang='lat' dir='ltr'>propter</span> <span class='ocrx_word' id='word_1_77' title='bbox 315 735 578 780; x_wconf 90' lang='lat' dir='ltr'>oppositionem</span> <span class='ocrx_word' id='word_1_78' title='bbox 598 735 768 768; x_wconf 85' lang='lat' dir='ltr'>malefica.</span> 
     </span>
    </p>
   </div>
   <div class='ocr_carea' id='block_1_6' title="bbox 93 802 1096 1055">
    <p class='ocr_par' dir='ltr' id='par_1_6' title="bbox 93 802 1096 1055">
     <span class='ocr_line' id='line_1_15' title="bbox 194 802 1096 848; baseline -0.004 -12"><span class='ocrx_word' id='word_1_79' title='bbox 194 802 271 836; x_wconf 71' lang='lat' dir='ltr'>Iovi</span> <span class='ocrx_word' id='word_1_80' title='bbox 302 809 441 842; x_wconf 87' lang='lat' dir='ltr'>autem,</span> <span class='ocrx_word' id='word_1_81' title='bbox 483 802 545 848; x_wconf 90' lang='lat' dir='ltr'>qui</span> <span class='ocrx_word' id='word_1_82' title='bbox 570 808 621 835; x_wconf 86' lang='lat' dir='ltr'>est</span> <span class='ocrx_word' id='word_1_83' title='bbox 644 807 864 846; x_wconf 75' lang='lat' dir='ltr'>temperatae</span> <span class='ocrx_word' id='word_1_84' title='bbox 886 807 1036 833; x_wconf 90' lang='lat' dir='ltr'>naturae</span> <span class='ocrx_word' id='word_1_85' title='bbox 1063 806 1096 832; x_wconf 89' lang='lat' dir='ltr'>et</span> 
     </span>
     <span class='ocr_line' id='line_1_16' title="bbox 93 851 1095 896; baseline -0.006 -6"><span class='ocrx_word' id='word_1_86' title='bbox 93 854 270 890; x_wconf 85' lang='lat' dir='ltr'>subiectus</span> <span class='ocrx_word' id='word_1_87' title='bbox 297 855 375 887; x_wconf 86' lang='lat' dir='ltr'>orbi</span> <span class='ocrx_word' id='word_1_88' title='bbox 400 854 566 893; x_wconf 79' lang='lat' dir='ltr'>Saturni,</span> <span class='ocrx_word' id='word_1_89' title='bbox 607 854 688 886; x_wconf 90' lang='lat' dir='ltr'>data</span> <span class='ocrx_word' id='word_1_90' title='bbox 722 859 804 886; x_wconf 86' lang='lat' dir='ltr'>sunt</span> <span class='ocrx_word' id='word_1_91' title='bbox 832 852 995 896; x_wconf 80' lang='lat' dir='ltr'>proxima</span> <span class='ocrx_word' id='word_1_92' title='bbox 1028 851 1095 884; x_wconf 78' lang='lat' dir='ltr'>illis</span> 
     </span>
     <span class='ocr_line' id='line_1_17' title="bbox 93 903 1096 950; baseline -0.004 -11"><span class='ocrx_word' id='word_1_93' title='bbox 93 906 215 950; x_wconf 86' lang='lat' dir='ltr'>signa,</span> <span class='ocrx_word' id='word_1_94' title='bbox 242 912 388 939; x_wconf 74' lang='lat' dir='ltr'>ventosa</span> <span class='ocrx_word' id='word_1_95' title='bbox 410 912 444 939; x_wconf 93' lang='lat' dir='ltr'>et</span> <span class='ocrx_word' id='word_1_96' title='bbox 460 906 655 945; x_wconf 86' lang='lat' dir='ltr'>foecunda,</span> <span class='ocrx_word' id='word_1_97' title='bbox 684 904 895 947; x_wconf 71' lang='lat' dir='ltr'>Sagittarius</span> <span class='ocrx_word' id='word_1_98' title='bbox 914 910 946 937; x_wconf 86' lang='lat' dir='ltr'>et</span> <span class='ocrx_word' id='word_1_99' title='bbox 965 903 1096 942; x_wconf 82' lang='lat' dir='ltr'>Pisces,</span> 
     </span>
     <span class='ocr_line' id='line_1_18' title="bbox 94 955 1096 1004; baseline -0.005 -13"><span class='ocrx_word' id='word_1_100' title='bbox 94 970 185 1004; x_wconf 90' lang='lat' dir='ltr'>quae</span> <span class='ocrx_word' id='word_1_101' title='bbox 208 957 386 990; x_wconf 92' lang='lat' dir='ltr'>luminum</span> <span class='ocrx_word' id='word_1_102' title='bbox 412 957 511 1001; x_wconf 81' lang='lat' dir='ltr'>signa</span> <span class='ocrx_word' id='word_1_103' title='bbox 536 956 679 1000; x_wconf 76' lang='lat' dir='ltr'>trigono</span> <span class='ocrx_word' id='word_1_104' title='bbox 707 957 876 1000; x_wconf 89' lang='lat' dir='ltr'>adspectu</span> <span class='ocrx_word' id='word_1_105' title='bbox 899 955 1096 994; x_wconf 86' lang='lat' dir='ltr'>intuentur,</span> 
     </span>
     <span class='ocr_line' id='line_1_19' title="bbox 95 1008 623 1055; baseline -0.002 -13"><span class='ocrx_word' id='word_1_106' title='bbox 95 1009 158 1055; x_wconf 91' lang='lat' dir='ltr'>qui</span> <span class='ocrx_word' id='word_1_107' title='bbox 175 1009 343 1042; x_wconf 78' lang='lat' dir='ltr'>convenit</span> <span class='ocrx_word' id='word_1_108' title='bbox 357 1008 623 1042; x_wconf 86' lang='lat' dir='ltr'>beneficentiae.</span> 
     </span>
    </p>
   </div>
   <div class='ocr_carea' id='block_1_7' title="bbox 91 1074 1096 1324">
    <p class='ocr_par' dir='ltr' id='par_1_7' title="bbox 91 1074 1096 1324">
     <span class='ocr_line' id='line_1_20' title="bbox 194 1074 1095 1119; baseline -0.006 -9"><span class='ocrx_word' id='word_1_109' title='bbox 194 1076 335 1110; x_wconf 89' lang='lat' dir='ltr'>Deinde</span> <span class='ocrx_word' id='word_1_110' title='bbox 353 1077 462 1109; x_wconf 84' lang='lat' dir='ltr'>Marti</span> <span class='ocrx_word' id='word_1_111' title='bbox 481 1076 710 1115; x_wconf 87' lang='lat' dir='ltr'>desiccatori,</span> <span class='ocrx_word' id='word_1_112' title='bbox 737 1082 771 1108; x_wconf 91' lang='lat' dir='ltr'>et</span> <span class='ocrx_word' id='word_1_113' title='bbox 787 1074 904 1119; x_wconf 89' lang='lat' dir='ltr'>posito</span> <span class='ocrx_word' id='word_1_114' title='bbox 924 1074 988 1107; x_wconf 92' lang='lat' dir='ltr'>sub</span> <span class='ocrx_word' id='word_1_115' title='bbox 1010 1074 1095 1107; x_wconf 88' lang='lat' dir='ltr'>orbe</span> 
     </span>
     <span class='ocr_line' id='line_1_21' title="bbox 91 1126 1094 1172; baseline -0.005 -10"><span class='ocrx_word' id='word_1_116' title='bbox 91 1127 205 1169; x_wconf 83' lang='lat' dir='ltr'>Iovis,</span> <span class='ocrx_word' id='word_1_117' title='bbox 248 1129 347 1172; x_wconf 87' lang='lat' dir='ltr'>signa</span> <span class='ocrx_word' id='word_1_118' title='bbox 381 1128 572 1161; x_wconf 87' lang='lat' dir='ltr'>domiciliis</span> <span class='ocrx_word' id='word_1_119' title='bbox 595 1126 689 1161; x_wconf 88' lang='lat' dir='ltr'>lovis</span> <span class='ocrx_word' id='word_1_120' title='bbox 725 1127 889 1170; x_wconf 80' lang='lat' dir='ltr'>proxima</span> <span class='ocrx_word' id='word_1_121' title='bbox 925 1126 1094 1158; x_wconf 87' lang='lat' dir='ltr'>attributa</span> 
     </span>
     <span class='ocr_line' id='line_1_22' title="bbox 92 1178 1094 1224; baseline -0.007 -10"><span class='ocrx_word' id='word_1_122' title='bbox 92 1186 194 1220; x_wconf 88' lang='lat' dir='ltr'>sunt,</span> <span class='ocrx_word' id='word_1_123' title='bbox 222 1180 391 1224; x_wconf 91' lang='lat' dir='ltr'>Scorpius</span> <span class='ocrx_word' id='word_1_124' title='bbox 408 1186 442 1212; x_wconf 93' lang='lat' dir='ltr'>et</span> <span class='ocrx_word' id='word_1_125' title='bbox 458 1179 578 1217; x_wconf 84' lang='lat' dir='ltr'>Aries,</span> <span class='ocrx_word' id='word_1_126' title='bbox 607 1190 697 1223; x_wconf 87' lang='lat' dir='ltr'>quae</span> <span class='ocrx_word' id='word_1_127' title='bbox 714 1184 862 1221; x_wconf 86' lang='lat' dir='ltr'>propter</span> <span class='ocrx_word' id='word_1_128' title='bbox 879 1178 1094 1221; x_wconf 88' lang='lat' dir='ltr'>quadratum</span> 
     </span>
     <span class='ocr_line' id='line_1_23' title="bbox 94 1228 1096 1275; baseline -0.005 -11"><span class='ocrx_word' id='word_1_129' title='bbox 94 1232 299 1275; x_wconf 81' lang='lat' dir='ltr'>adspectum</span> <span class='ocrx_word' id='word_1_130' title='bbox 324 1232 369 1263; x_wconf 85' lang='lat' dir='ltr'>ad</span> <span class='ocrx_word' id='word_1_131' title='bbox 386 1230 561 1262; x_wconf 82' lang='lat' dir='ltr'>luminum</span> <span class='ocrx_word' id='word_1_132' title='bbox 581 1228 781 1268; x_wconf 87' lang='lat' dir='ltr'>domicilia,</span> <span class='ocrx_word' id='word_1_133' title='bbox 809 1234 1011 1271; x_wconf 81' lang='lat' dir='ltr'>congruunt</span> <span class='ocrx_word' id='word_1_134' title='bbox 1034 1239 1096 1259; x_wconf 87' lang='lat' dir='ltr'>na-</span> 
     </span>
     <span class='ocr_line' id='line_1_24' title="bbox 95 1280 642 1324; baseline -0.005 -8"><span class='ocrx_word' id='word_1_135' title='bbox 95 1289 198 1316; x_wconf 84' lang='lat' dir='ltr'>turae</span> <span class='ocrx_word' id='word_1_136' title='bbox 216 1281 346 1314; x_wconf 83' lang='lat' dir='ltr'>noxiae</span> <span class='ocrx_word' id='word_1_137' title='bbox 364 1288 397 1314; x_wconf 90' lang='lat' dir='ltr'>et</span> <span class='ocrx_word' id='word_1_138' title='bbox 417 1280 642 1324; x_wconf 89' lang='lat' dir='ltr'>corruptrici.</span> 
     </span>
    </p>
   </div>
   <div class='ocr_carea' id='block_1_8' title="bbox 91 1348 1096 1651">
    <p class='ocr_par' dir='ltr' id='par_1_8' title="bbox 91 1348 1096 1651">
     <span class='ocr_line' id='line_1_25' title="bbox 197 1348 1095 1392; baseline -0.001 -12"><span class='ocrx_word' id='word_1_139' title='bbox 197 1348 329 1381; x_wconf 87' lang='lat' dir='ltr'>Veneri</span> <span class='ocrx_word' id='word_1_140' title='bbox 357 1360 461 1387; x_wconf 79' lang='lat' dir='ltr'>vero,</span> <span class='ocrx_word' id='word_1_141' title='bbox 506 1360 597 1392; x_wconf 91' lang='lat' dir='ltr'>quae</span> <span class='ocrx_word' id='word_1_142' title='bbox 622 1353 772 1379; x_wconf 84' lang='lat' dir='ltr'>naturae</span> <span class='ocrx_word' id='word_1_143' title='bbox 801 1354 852 1380; x_wconf 89' lang='lat' dir='ltr'>est</span> <span class='ocrx_word' id='word_1_144' title='bbox 877 1353 1095 1391; x_wconf 82' lang='lat' dir='ltr'>temperatae</span> 
     </span>
     <span class='ocr_line' id='line_1_26' title="bbox 93 1396 1096 1442; baseline -0.002 -10"><span class='ocrx_word' id='word_1_145' title='bbox 93 1406 128 1432; x_wconf 87' lang='lat' dir='ltr'>et</span> <span class='ocrx_word' id='word_1_146' title='bbox 144 1401 208 1433; x_wconf 89' lang='lat' dir='ltr'>sub</span> <span class='ocrx_word' id='word_1_147' title='bbox 226 1400 311 1432; x_wconf 86' lang='lat' dir='ltr'>orbe</span> <span class='ocrx_word' id='word_1_148' title='bbox 329 1398 455 1431; x_wconf 85' lang='lat' dir='ltr'>Martis</span> <span class='ocrx_word' id='word_1_149' title='bbox 477 1399 590 1442; x_wconf 86' lang='lat' dir='ltr'>posita</span> <span class='ocrx_word' id='word_1_150' title='bbox 603 1425 611 1437; x_wconf 89' lang='lat'>‚</span> <span class='ocrx_word' id='word_1_151' title='bbox 640 1398 810 1430; x_wconf 88' lang='lat' dir='ltr'>attributa</span> <span class='ocrx_word' id='word_1_152' title='bbox 834 1405 917 1431; x_wconf 88' lang='lat' dir='ltr'>sunt</span> <span class='ocrx_word' id='word_1_153' title='bbox 936 1396 989 1432; x_wconf 87' lang='lat' dir='ltr'>bis</span> <span class='ocrx_word' id='word_1_154' title='bbox 1013 1410 1096 1442; x_wconf 92' lang='lat' dir='ltr'>pro-</span> 
     </span>
     <span class='ocr_line' id='line_1_27' title="bbox 92 1448 1095 1493; baseline -0.001 -10"><span class='ocrx_word' id='word_1_155' title='bbox 92 1450 186 1484; x_wconf 86' lang='lat' dir='ltr'>xima</span> <span class='ocrx_word' id='word_1_156' title='bbox 217 1456 251 1483; x_wconf 90' lang='lat' dir='ltr'>et</span> <span class='ocrx_word' id='word_1_157' title='bbox 278 1450 552 1483; x_wconf 83' lang='lat' dir='ltr'>foecundissima</span> <span class='ocrx_word' id='word_1_158' title='bbox 577 1449 696 1493; x_wconf 84' lang='lat' dir='ltr'>signa,</span> <span class='ocrx_word' id='word_1_159' title='bbox 739 1448 848 1482; x_wconf 90' lang='lat' dir='ltr'>Libra</span> <span class='ocrx_word' id='word_1_160' title='bbox 883 1456 916 1482; x_wconf 89' lang='lat' dir='ltr'>et</span> <span class='ocrx_word' id='word_1_161' title='bbox 939 1449 1095 1489; x_wconf 84' lang='lat' dir='ltr'>Taurus,</span> 
     </span>
     <span class='ocr_line' id='line_1_28' title="bbox 92 1501 1094 1547; baseline 0 -12"><span class='ocrx_word' id='word_1_162' title='bbox 92 1514 183 1547; x_wconf 87' lang='lat' dir='ltr'>quae</span> <span class='ocrx_word' id='word_1_163' title='bbox 201 1508 350 1546; x_wconf 87' lang='lat' dir='ltr'>propter</span> <span class='ocrx_word' id='word_1_164' title='bbox 366 1502 598 1545; x_wconf 86' lang='lat' dir='ltr'>sexangulum</span> <span class='ocrx_word' id='word_1_165' title='bbox 617 1502 821 1545; x_wconf 83' lang='lat' dir='ltr'>adspectum</span> <span class='ocrx_word' id='word_1_166' title='bbox 839 1501 982 1534; x_wconf 89' lang='lat' dir='ltr'>mitiora</span> <span class='ocrx_word' id='word_1_167' title='bbox 1001 1507 1094 1535; x_wconf 86' lang='lat' dir='ltr'>sunt.</span> 
     </span>
     <span class='ocr_line' id='line_1_29' title="bbox 91 1551 1095 1600; baseline -0.002 -13"><span class='ocrx_word' id='word_1_168' title='bbox 91 1553 218 1600; x_wconf 86' lang='lat' dir='ltr'>Neque</span> <span class='ocrx_word' id='word_1_169' title='bbox 244 1551 332 1587; x_wconf 92' lang='lat' dir='ltr'>haec</span> <span class='ocrx_word' id='word_1_170' title='bbox 354 1553 453 1587; x_wconf 83' lang='lat' dir='ltr'>stella</span> <span class='ocrx_word' id='word_1_171' title='bbox 477 1553 630 1598; x_wconf 91' lang='lat' dir='ltr'>amplius</span> <span class='ocrx_word' id='word_1_172' title='bbox 655 1553 794 1586; x_wconf 90' lang='lat' dir='ltr'>duobus</span> <span class='ocrx_word' id='word_1_173' title='bbox 827 1552 937 1597; x_wconf 83' lang='lat' dir='ltr'>signis</span> <span class='ocrx_word' id='word_1_174' title='bbox 969 1553 1095 1593; x_wconf 81' lang='lat' dir='ltr'>anteit,</span> 
     </span>
     <span class='ocr_line' id='line_1_30' title="bbox 93 1604 483 1651; baseline -0.003 -12"><span class='ocrx_word' id='word_1_175' title='bbox 93 1612 156 1639; x_wconf 89' lang='lat' dir='ltr'>aut</span> <span class='ocrx_word' id='word_1_176' title='bbox 173 1605 334 1651; x_wconf 88' lang='lat' dir='ltr'>sequitur</span> <span class='ocrx_word' id='word_1_177' title='bbox 351 1604 483 1638; x_wconf 89' lang='lat' dir='ltr'>Solem.</span> 
     </span>
    </p>
   </div>
   <div class='ocr_carea' id='block_1_9' title="bbox 91 1674 1094 1926">
    <p class='ocr_par' dir='ltr' id='par_1_9' title="bbox 91 1674 1094 1926">
     <span class='ocr_line' id='line_1_31' title="bbox 195 1674 1094 1719; baseline 0 -11"><span class='ocrx_word' id='word_1_178' title='bbox 195 1675 377 1709; x_wconf 87' lang='lat' dir='ltr'>Mercurio</span> <span class='ocrx_word' id='word_1_179' title='bbox 396 1686 495 1714; x_wconf 78' lang='lat' dir='ltr'>vero,</span> <span class='ocrx_word' id='word_1_180' title='bbox 524 1674 584 1719; x_wconf 90' lang='lat' dir='ltr'>qui</span> <span class='ocrx_word' id='word_1_181' title='bbox 602 1674 748 1708; x_wconf 90' lang='lat' dir='ltr'>ultimus</span> <span class='ocrx_word' id='word_1_182' title='bbox 766 1680 829 1714; x_wconf 90' lang='lat' dir='ltr'>est,</span> <span class='ocrx_word' id='word_1_183' title='bbox 856 1686 921 1707; x_wconf 87' lang='lat' dir='ltr'>nec</span> <span class='ocrx_word' id='word_1_184' title='bbox 941 1674 1094 1718; x_wconf 86' lang='lat' dir='ltr'>amplius</span> 
     </span>
     <span class='ocr_line' id='line_1_32' title="bbox 92 1726 1091 1771; baseline -0.003 -10"><span class='ocrx_word' id='word_1_185' title='bbox 92 1739 166 1761; x_wconf 90' lang='lat' dir='ltr'>uno</span> <span class='ocrx_word' id='word_1_186' title='bbox 186 1727 287 1771; x_wconf 86' lang='lat' dir='ltr'>signo</span> <span class='ocrx_word' id='word_1_187' title='bbox 304 1739 322 1759; x_wconf 86' lang='lat' dir='ltr'>a</span> <span class='ocrx_word' id='word_1_188' title='bbox 341 1726 422 1760; x_wconf 89' lang='lat' dir='ltr'>Sole</span> <span class='ocrx_word' id='word_1_189' title='bbox 441 1726 595 1766; x_wconf 87' lang='lat' dir='ltr'>recedit,</span> <span class='ocrx_word' id='word_1_190' title='bbox 625 1732 658 1758; x_wconf 91' lang='lat' dir='ltr'>et</span> <span class='ocrx_word' id='word_1_191' title='bbox 683 1726 835 1759; x_wconf 87' lang='lat' dir='ltr'>aliorum</span> <span class='ocrx_word' id='word_1_192' title='bbox 865 1727 1091 1770; x_wconf 86' lang='lat' dir='ltr'>planetarum</span> 
     </span>
     <span class='ocr_line' id='line_1_33' title="bbox 92 1777 1093 1821; baseline -0.002 -9"><span class='ocrx_word' id='word_1_193' title='bbox 92 1779 238 1812; x_wconf 84' lang='lat' dir='ltr'>orbibus</span> <span class='ocrx_word' id='word_1_194' title='bbox 255 1778 452 1818; x_wconf 85' lang='lat' dir='ltr'>subiectus,</span> <span class='ocrx_word' id='word_1_195' title='bbox 481 1790 520 1811; x_wconf 87' lang='lat' dir='ltr'>ac</span> <span class='ocrx_word' id='word_1_196' title='bbox 537 1777 731 1811; x_wconf 85' lang='lat' dir='ltr'>luminibus</span> <span class='ocrx_word' id='word_1_197' title='bbox 749 1778 933 1821; x_wconf 86' lang='lat' dir='ltr'>proximus</span> <span class='ocrx_word' id='word_1_198' title='bbox 951 1784 1013 1817; x_wconf 89' lang='lat' dir='ltr'>est,</span> <span class='ocrx_word' id='word_1_199' title='bbox 1042 1784 1093 1811; x_wconf 90' lang='lat' dir='ltr'>at-</span> 
     </span>
     <span class='ocr_line' id='line_1_34' title="bbox 91 1829 1094 1874; baseline -0.001 -11"><span class='ocrx_word' id='word_1_200' title='bbox 91 1830 224 1864; x_wconf 87' lang='lat' dir='ltr'>tributa</span> <span class='ocrx_word' id='word_1_201' title='bbox 257 1837 340 1864; x_wconf 88' lang='lat' dir='ltr'>sunt</span> <span class='ocrx_word' id='word_1_202' title='bbox 370 1830 469 1874; x_wconf 86' lang='lat' dir='ltr'>signa</span> <span class='ocrx_word' id='word_1_203' title='bbox 499 1829 689 1862; x_wconf 89' lang='lat' dir='ltr'>domiciliis</span> <span class='ocrx_word' id='word_1_204' title='bbox 714 1829 890 1863; x_wconf 88' lang='lat' dir='ltr'>luminum</span> <span class='ocrx_word' id='word_1_205' title='bbox 916 1829 1094 1874; x_wconf 80' lang='lat' dir='ltr'>proxima,</span> 
     </span>
     <span class='ocr_line' id='line_1_35' title="bbox 92 1882 434 1926; baseline 0 -10"><span class='ocrx_word' id='word_1_206' title='bbox 92 1882 237 1916; x_wconf 88' lang='lat' dir='ltr'>Gemini</span> <span class='ocrx_word' id='word_1_207' title='bbox 262 1888 297 1915; x_wconf 87' lang='lat' dir='ltr'>et</span> <span class='ocrx_word' id='word_1_208' title='bbox 311 1882 434 1926; x_wconf 84' lang='lat' dir='ltr'>VirgO.</span> 
     </span>
    </p>
   </div>
   <div class='ocr_carea' id='block_1_10' title="bbox 477 1985 712 2027">
    <p class='ocr_par' dir='ltr' id='par_1_10' title="bbox 477 1985 712 2027">
     <span class='ocr_line' id='line_1_36' title="bbox 477 1985 712 2027; baseline -0.004 -10"><span class='ocrx_word' id='word_1_209' title='bbox 477 1986 530 2018; x_wconf 87' lang='lat' dir='ltr'>De</span> <span class='ocrx_word' id='word_1_210' title='bbox 557 1985 712 2027; x_wconf 77' lang='lat' dir='ltr'>Ire‘yom’s.</span> 
     </span>
    </p>
   </div>
   <div class='ocr_carea' id='block_1_11' title="bbox 92 2050 1094 2356">
    <p class='ocr_par' dir='ltr' id='par_1_11' title="bbox 92 2050 1094 2356">
     <span class='ocr_line' id='line_1_37' title="bbox 195 2050 1094 2097; baseline -0.003 -11"><span class='ocrx_word' id='word_1_211' title='bbox 195 2052 441 2097; x_wconf 84' lang='lat' dir='ltr'>Trigonorum</span> <span class='ocrx_word' id='word_1_212' title='bbox 470 2052 697 2085; x_wconf 84' lang='lat' dir='ltr'>familiaritas</span> <span class='ocrx_word' id='word_1_213' title='bbox 732 2051 812 2085; x_wconf 74' lang='lat' dir='ltr'>talis</span> <span class='ocrx_word' id='word_1_214' title='bbox 840 2057 901 2084; x_wconf 88' lang='lat' dir='ltr'>est.</span> <span class='ocrx_word' id='word_1_215' title='bbox 963 2050 1094 2084; x_wconf 90' lang='lat' dir='ltr'>Trian-</span> 
     </span>
     <span class='ocr_line' id='line_1_38' title="bbox 92 2102 1094 2150; baseline -0.003 -12"><span class='ocrx_word' id='word_1_216' title='bbox 92 2105 194 2149; x_wconf 84' lang='lat' dir='ltr'>gulus</span> <span class='ocrx_word' id='word_1_217' title='bbox 225 2105 428 2150; x_wconf 88' lang='lat' dir='ltr'>aequalium</span> <span class='ocrx_word' id='word_1_218' title='bbox 455 2104 606 2137; x_wconf 65' lang='lat' dir='ltr'>laterum</span> <span class='ocrx_word' id='word_1_219' title='bbox 633 2105 744 2145; x_wconf 73' lang='lat' dir='ltr'>figura</span> <span class='ocrx_word' id='word_1_220' title='bbox 774 2110 825 2136; x_wconf 89' lang='lat' dir='ltr'>est</span> <span class='ocrx_word' id='word_1_221' title='bbox 859 2102 1014 2135; x_wconf 79' lang='lat' dir='ltr'>maxime</span> <span class='ocrx_word' id='word_1_222' title='bbox 1042 2115 1094 2136; x_wconf 91' lang='lat' dir='ltr'>se—</span> 
     </span>
     <span class='ocr_line' id='line_1_39' title="bbox 92 2154 1093 2201; baseline -0.003 -11"><span class='ocrx_word' id='word_1_223' title='bbox 92 2169 171 2190; x_wconf 89' lang='lat' dir='ltr'>cum</span> <span class='ocrx_word' id='word_1_224' title='bbox 190 2156 266 2201; x_wconf 89' lang='lat' dir='ltr'>ipsa</span> <span class='ocrx_word' id='word_1_225' title='bbox 285 2156 521 2189; x_wconf 88' lang='lat' dir='ltr'>consentiens.</span> <span class='ocrx_word' id='word_1_226' title='bbox 581 2155 626 2188; x_wconf 83' lang='lat' dir='ltr'>Et</span> <span class='ocrx_word' id='word_1_227' title='bbox 646 2155 820 2188; x_wconf 90' lang='lat' dir='ltr'>Zodiacus</span> <span class='ocrx_word' id='word_1_228' title='bbox 845 2161 915 2187; x_wconf 88' lang='lat' dir='ltr'>tres</span> <span class='ocrx_word' id='word_1_229' title='bbox 943 2154 1093 2188; x_wconf 90' lang='lat' dir='ltr'>circulos</span> 
     </span>
     <span class='ocr_line' id='line_1_40' title="bbox 92 2204 1093 2253; baseline -0.002 -12"><span class='ocrx_word' id='word_1_230' title='bbox 92 2208 270 2248; x_wconf 91' lang='lat' dir='ltr'>continet,</span> <span class='ocrx_word' id='word_1_231' title='bbox 300 2207 598 2253; x_wconf 86' lang='lat' dir='ltr'>aequinoctialem</span> <span class='ocrx_word' id='word_1_232' title='bbox 618 2214 649 2239; x_wconf 90' lang='lat' dir='ltr'>et</span> <span class='ocrx_word' id='word_1_233' title='bbox 669 2208 758 2240; x_wconf 88' lang='lat' dir='ltr'>dnos</span> <span class='ocrx_word' id='word_1_234' title='bbox 777 2206 946 2250; x_wconf 85' lang='lat' dir='ltr'>tropicos.</span> <span class='ocrx_word' id='word_1_235' title='bbox 981 2204 1093 2250; x_wconf 84' lang='lat' dir='ltr'>Ipsius</span> 
     </span>
     <span class='ocr_line' id='line_1_41' title="bbox 92 2257 1093 2303; baseline -0.003 -11"><span class='ocrx_word' id='word_1_236' title='bbox 92 2272 177 2292; x_wconf 83' lang='lat' dir='ltr'>vero</span> <span class='ocrx_word' id='word_1_237' title='bbox 195 2259 382 2292; x_wconf 84' lang='lat' dir='ltr'>duodecim</span> <span class='ocrx_word' id='word_1_238' title='bbox 400 2260 477 2292; x_wconf 92' lang='lat' dir='ltr'>loca</span> <span class='ocrx_word' id='word_1_239' title='bbox 502 2259 713 2292; x_wconf 67' lang='lat' dir='ltr'>dividuntur</span> <span class='ocrx_word' id='word_1_240' title='bbox 740 2258 777 2290; x_wconf 90' lang='lat' dir='ltr'>in</span> <span class='ocrx_word' id='word_1_241' title='bbox 803 2264 958 2303; x_wconf 89' lang='lat' dir='ltr'>quatuor</span> <span class='ocrx_word' id='word_1_242' title='bbox 982 2257 1093 2290; x_wconf 86' lang='lat' dir='ltr'>trian-</span> 
     </span>
     <span class='ocr_line' id='line_1_42' title="bbox 92 2311 599 2356; baseline -0.002 -12"><span class='ocrx_word' id='word_1_243' title='bbox 92 2311 193 2355; x_wconf 84' lang='lat' dir='ltr'>gulos</span> <span class='ocrx_word' id='word_1_244' title='bbox 210 2311 413 2356; x_wconf 85' lang='lat' dir='ltr'>aequalium</span> <span class='ocrx_word' id='word_1_245' title='bbox 432 2311 599 2344; x_wconf 86' lang='lat' dir='ltr'>laterum.</span> 
     </span>
    </p>
   </div>
   <div class='ocr_carea' id='block_1_12' title="bbox 90 2375 1094 2526">
    <p class='ocr_par' dir='ltr' id='par_1_12' title="bbox 90 2375 1094 2526">
     <span class='ocr_line' id='line_1_43' title="bbox 194 2375 1094 2422; baseline -0.002 -12"><span class='ocrx_word' id='word_1_246' title='bbox 194 2378 332 2411; x_wconf 90' lang='lat' dir='ltr'>Horum</span> <span class='ocrx_word' id='word_1_247' title='bbox 368 2378 476 2422; x_wconf 84' lang='lat' dir='ltr'>igitur</span> <span class='ocrx_word' id='word_1_248' title='bbox 503 2378 641 2422; x_wconf 87' lang='lat' dir='ltr'>primus</span> <span class='ocrx_word' id='word_1_249' title='bbox 666 2376 808 2410; x_wconf 90' lang='lat' dir='ltr'>ducitur</span> <span class='ocrx_word' id='word_1_250' title='bbox 833 2388 898 2421; x_wconf 91' lang='lat' dir='ltr'>per</span> <span class='ocrx_word' id='word_1_251' title='bbox 921 2375 1094 2417; x_wconf 87' lang='lat' dir='ltr'>Arietem,</span> 
     </span>
     <span class='ocr_line' id='line_1_44' title="bbox 90 2428 1093 2473; baseline -0.003 -11"><span class='ocrx_word' id='word_1_252' title='bbox 90 2428 251 2462; x_wconf 84' lang='lat' dir='ltr'>Leonem</span> <span class='ocrx_word' id='word_1_253' title='bbox 281 2437 315 2463; x_wconf 88' lang='lat' dir='ltr'>et</span> <span class='ocrx_word' id='word_1_254' title='bbox 346 2429 599 2473; x_wconf 79' lang='lat' dir='ltr'>Sagittarium,</span> <span class='ocrx_word' id='word_1_255' title='bbox 653 2429 719 2461; x_wconf 81' lang='lat' dir='ltr'>tria</span> <span class='ocrx_word' id='word_1_256' title='bbox 752 2428 850 2471; x_wconf 78' lang='lat' dir='ltr'>signa</span> <span class='ocrx_word' id='word_1_257' title='bbox 885 2428 1093 2468; x_wconf 85' lang='lat' dir='ltr'>masculina,</span> 
     </span>
     <span class='ocr_line' id='line_1_45' title="bbox 92 2478 1093 2526; baseline -0.003 -12"><span class='ocrx_word' id='word_1_258' title='bbox 92 2493 183 2526; x_wconf 86' lang='lat' dir='ltr'>quae</span> <span class='ocrx_word' id='word_1_259' title='bbox 208 2487 291 2515; x_wconf 91' lang='lat' dir='ltr'>sunt</span> <span class='ocrx_word' id='word_1_260' title='bbox 315 2482 493 2514; x_wconf 89' lang='lat' dir='ltr'>domicilia</span> <span class='ocrx_word' id='word_1_261' title='bbox 519 2481 630 2521; x_wconf 89' lang='lat' dir='ltr'>Solis,</span> <span class='ocrx_word' id='word_1_262' title='bbox 667 2480 794 2513; x_wconf 88' lang='lat' dir='ltr'>Martis</span> <span class='ocrx_word' id='word_1_263' title='bbox 817 2486 851 2513; x_wconf 85' lang='lat' dir='ltr'>et</span> <span class='ocrx_word' id='word_1_264' title='bbox 873 2478 978 2513; x_wconf 86' lang='lat' dir='ltr'>Iovis.</span> <span class='ocrx_word' id='word_1_265' title='bbox 1031 2479 1093 2512; x_wconf 89' lang='lat' dir='ltr'>At-</span> 
     </span>
    </p>
   </div>
   <div class='ocr_carea' id='block_1_13' title="bbox 127 2594 1094 2768">
    <p class='ocr_par' dir='ltr' id='par_1_13' title="bbox 127 2594 1094 2768">
     <span class='ocr_line' id='line_1_46' title="bbox 127 2594 1094 2630; baseline -0.006 -7"><span class='ocrx_word' id='word_1_266' title='bbox 127 2599 158 2630; x_wconf 87' lang='lat'>8)</span> <span class='ocrx_word' id='word_1_267' title='bbox 179 2600 255 2623; x_wconf 80' lang='lat' dir='ltr'>iuxta</span> <span class='ocrx_word' id='word_1_268' title='bbox 273 2599 391 2629; x_wconf 84' lang='lat' dir='ltr'>positum</span> <span class='ocrx_word' id='word_1_269' title='bbox 411 2597 516 2622; x_wconf 83' lang='lat' dir='ltr'>orbium</span> <span class='ocrx_word' id='word_1_270' title='bbox 536 2598 563 2621; x_wconf 80' lang='lat' dir='ltr'>et</span> <span class='ocrx_word' id='word_1_271' title='bbox 585 2603 678 2621; x_wconf 85' lang='lat' dir='ltr'>eorum</span> <span class='ocrx_word' id='word_1_272' title='bbox 694 2597 825 2625; x_wconf 79' lang='lat' dir='ltr'>naturas]</span> <span class='ocrx_word' id='word_1_273' title='bbox 844 2594 994 2620; x_wconf 82' lang='lat' dir='ltr'>Ptolemaei</span> <span class='ocrx_word' id='word_1_274' title='bbox 1009 2595 1094 2618; x_wconf 83' lang='lat' dir='ltr'>verba</span> 
     </span>
     <span class='ocr_line' id='line_1_47' title="bbox 162 2626 1093 2659; baseline -0.006 -2"><span class='ocrx_word' id='word_1_275' title='bbox 162 2635 202 2657; x_wconf 86' lang='lat' dir='ltr'>sic</span> <span class='ocrx_word' id='word_1_276' title='bbox 220 2635 360 2657; x_wconf 83' lang='lat' dir='ltr'>translata</span> <span class='ocrx_word' id='word_1_277' title='bbox 379 2635 444 2656; x_wconf 88' lang='lat' dir='ltr'>haec</span> <span class='ocrx_word' id='word_1_278' title='bbox 464 2635 543 2656; x_wconf 83' lang='lat' dir='ltr'>sunt:</span> <span class='ocrx_word' id='word_1_279' title='bbox 565 2629 727 2658; x_wconf 69' lang='grc' dir='ltr'><em>ἀκολούθως</em></span> <span class='ocrx_word' id='word_1_280' title='bbox 746 2631 804 2657; x_wconf 75' lang='grc' dir='ltr'><em>ταῖς</em></span> <span class='ocrx_word' id='word_1_281' title='bbox 822 2630 876 2654; x_wconf 76' lang='grc' dir='ltr'>τῶν</span> <span class='ocrx_word' id='word_1_282' title='bbox 891 2627 1024 2659; x_wconf 71' lang='grc' dir='ltr'>κινήσεων</span> <span class='ocrx_word' id='word_1_283' title='bbox 1043 2626 1093 2652; x_wconf 76' lang='grc' dir='ltr'>αὐ-</span> 
     </span>
     <span class='ocr_line' id='line_1_48' title="bbox 161 2663 1093 2699; baseline -0.005 -8"><span class='ocrx_word' id='word_1_284' title='bbox 161 2668 220 2692; x_wconf 75' lang='grc' dir='ltr'>τῶν</span> <span class='ocrx_word' id='word_1_285' title='bbox 239 2669 388 2699; x_wconf 75' lang='grc' dir='ltr'><strong><em>σφαίραις,</em></strong></span> <span class='ocrx_word' id='word_1_286' title='bbox 413 2665 459 2691; x_wconf 81' lang='grc' dir='ltr'>καὶ</span> <span class='ocrx_word' id='word_1_287' title='bbox 477 2667 537 2694; x_wconf 77' lang='grc' dir='ltr'><strong><em>ταῖς</em></strong></span> <span class='ocrx_word' id='word_1_288' title='bbox 556 2666 611 2690; x_wconf 79' lang='grc' dir='ltr'>τῶν</span> <span class='ocrx_word' id='word_1_289' title='bbox 632 2663 746 2697; x_wconf 63' lang='grc' dir='ltr'>φύσεων</span> <span class='ocrx_word' id='word_1_290' title='bbox 763 2664 951 2696; x_wconf 52' lang='lat' dir='ltr'>[tiliamentum.</span> <span class='ocrx_word' id='word_1_291' title='bbox 994 2664 1093 2688; x_wconf 82' lang='lat' dir='ltr'>Came-</span> 
     </span>
     <span class='ocr_line' id='line_1_49' title="bbox 161 2699 1092 2731; baseline -0.005 -5"><span class='ocrx_word' id='word_1_292' title='bbox 161 2704 253 2727; x_wconf 84' lang='lat' dir='ltr'>rarius</span> <span class='ocrx_word' id='word_1_293' title='bbox 280 2704 345 2725; x_wconf 84' lang='lat' dir='ltr'>haec</span> <span class='ocrx_word' id='word_1_294' title='bbox 370 2703 410 2725; x_wconf 84' lang='lat' dir='ltr'>sic</span> <span class='ocrx_word' id='word_1_295' title='bbox 434 2702 533 2725; x_wconf 85' lang='lat' dir='ltr'>vertit:</span> <span class='ocrx_word' id='word_1_296' title='bbox 571 2707 620 2731; x_wconf 85' lang='lat' dir='ltr'>pro</span> <span class='ocrx_word' id='word_1_297' title='bbox 653 2701 845 2725; x_wconf 76' lang='lat' dir='ltr'>convenientia</span> <span class='ocrx_word' id='word_1_298' title='bbox 870 2699 975 2724; x_wconf 79' lang='lat' dir='ltr'>orbium</span> <span class='ocrx_word' id='word_1_299' title='bbox 1000 2700 1092 2723; x_wconf 84' lang='lat' dir='ltr'>motus</span> 
     </span>
     <span class='ocr_line' id='line_1_50' title="bbox 160 2737 664 2768; baseline -0.002 -7"><span class='ocrx_word' id='word_1_300' title='bbox 160 2739 283 2768; x_wconf 83' lang='lat' dir='ltr'>ipsarum</span> <span class='ocrx_word' id='word_1_301' title='bbox 303 2739 330 2760; x_wconf 84' lang='lat' dir='ltr'>et</span> <span class='ocrx_word' id='word_1_302' title='bbox 348 2739 466 2761; x_wconf 83' lang='lat' dir='ltr'>naturae</span> <span class='ocrx_word' id='word_1_303' title='bbox 486 2737 664 2766; x_wconf 81' lang='lat' dir='ltr'>proprietate.</span> 
     </span>
    </p>
   </div>
   <div class='ocr_carea' id='block_1_14' title="bbox 273 114 1962 162">
    <p class='ocr_par' dir='ltr' id='par_1_14' title="bbox 273 114 1962 162">
     <span class='ocr_line' id='line_1_51' title="bbox 273 114 1962 162; baseline -0.003 -7"><span class='ocrx_word' id='word_1_304' title='bbox 273 119 412 155; x_wconf 88' lang='lat' dir='ltr'>XLVII.</span> <span class='ocrx_word' id='word_1_305' title='bbox 459 116 860 154; x_wconf 69' lang='lat' dir='ltr'><strong>INTERPRETATIO</strong></span> <span class='ocrx_word' id='word_1_306' title='bbox 888 116 1060 151; x_wconf 81' lang='lat' dir='ltr'><strong>OPERIS</strong></span> <span class='ocrx_word' id='word_1_307' title='bbox 1089 115 1476 162; x_wconf 69' lang='lat' dir='ltr'><strong>QUADRIPARTITI</strong></span> <span class='ocrx_word' id='word_1_308' title='bbox 1503 114 1788 150; x_wconf 77' lang='lat' dir='ltr'><strong>PTOLEMAEI</strong></span> <span class='ocrx_word' id='word_1_309' title='bbox 1823 115 1911 150; x_wconf 88' lang='lat' dir='ltr'>LIB.</span> <span class='ocrx_word' id='word_1_310' title='bbox 1935 115 1962 150; x_wconf 90' lang='lat' dir='ltr'>I.</span> 
     </span>
    </p>
   </div>
   <div class='ocr_carea' id='block_1_15' title="bbox 2094 115 2145 151">
    <p class='ocr_par' dir='ltr' id='par_1_15' title="bbox 2094 115 2145 151">
     <span class='ocr_line' id='line_1_52' title="bbox 2094 115 2145 151; baseline 0.039 -2"><span class='ocrx_word' id='word_1_311' title='bbox 2094 115 2145 151; x_wconf 80' lang='lat'>30</span> 
     </span>
    </p>
   </div>
   <div class='ocr_carea' id='block_1_16' title="bbox 1145 201 2148 400">
    <p class='ocr_par' dir='ltr' id='par_1_16' title="bbox 1145 201 2148 400">
     <span class='ocr_line' id='line_1_53' title="bbox 1145 201 2147 247; baseline 0 -12"><span class='ocrx_word' id='word_1_312' title='bbox 1145 203 1317 236; x_wconf 83' lang='lat' dir='ltr'>tribuitur</span> <span class='ocrx_word' id='word_1_313' title='bbox 1335 211 1452 237; x_wconf 86' lang='lat' dir='ltr'>autem</span> <span class='ocrx_word' id='word_1_314' title='bbox 1470 201 1527 236; x_wconf 81' lang='lat' dir='ltr'>hic</span> <span class='ocrx_word' id='word_1_315' title='bbox 1547 202 1745 247; x_wconf 84' lang='lat' dir='ltr'>triangulus</span> <span class='ocrx_word' id='word_1_316' title='bbox 1763 202 1835 235; x_wconf 87' lang='lat' dir='ltr'>Soli</span> <span class='ocrx_word' id='word_1_317' title='bbox 1854 208 1888 235; x_wconf 92' lang='lat' dir='ltr'>et</span> <span class='ocrx_word' id='word_1_318' title='bbox 1908 201 1995 235; x_wconf 70' lang='lat' dir='ltr'>Iovi.</span> <span class='ocrx_word' id='word_1_319' title='bbox 2048 201 2147 235; x_wconf 82' lang='lat' dir='ltr'>Mars</span> 
     </span>
     <span class='ocr_line' id='line_1_54' title="bbox 1146 253 2148 300; baseline -0.002 -14"><span class='ocrx_word' id='word_1_320' title='bbox 1146 266 1232 286; x_wconf 80' lang='lat' dir='ltr'>vero</span> <span class='ocrx_word' id='word_1_321' title='bbox 1265 255 1424 288; x_wconf 89' lang='lat' dir='ltr'>exclusus</span> <span class='ocrx_word' id='word_1_322' title='bbox 1460 261 1531 293; x_wconf 91' lang='lat' dir='ltr'>est,</span> <span class='ocrx_word' id='word_1_323' title='bbox 1574 254 1656 300; x_wconf 90' lang='lat' dir='ltr'>quia</span> <span class='ocrx_word' id='word_1_324' title='bbox 1681 255 1890 287; x_wconf 75' lang='lat' dir='ltr'>adversatur</span> <span class='ocrx_word' id='word_1_325' title='bbox 1913 253 2004 286; x_wconf 90' lang='lat' dir='ltr'>Solis</span> <span class='ocrx_word' id='word_1_326' title='bbox 2026 254 2148 285; x_wconf 92' lang='lat' dir='ltr'>condi-</span> 
     </span>
     <span class='ocr_line' id='line_1_55' title="bbox 1148 303 2148 348; baseline -0.001 -11"><span class='ocrx_word' id='word_1_327' title='bbox 1148 305 1249 337; x_wconf 93' lang='lat' dir='ltr'>tioni.</span> <span class='ocrx_word' id='word_1_328' title='bbox 1303 306 1522 338; x_wconf 90' lang='lat' dir='ltr'>Dominatur</span> <span class='ocrx_word' id='word_1_329' title='bbox 1538 312 1655 338; x_wconf 89' lang='lat' dir='ltr'>autem</span> <span class='ocrx_word' id='word_1_330' title='bbox 1682 306 1719 338; x_wconf 85' lang='lat' dir='ltr'>in</span> <span class='ocrx_word' id='word_1_331' title='bbox 1743 303 1810 338; x_wconf 90' lang='lat' dir='ltr'>boc</span> <span class='ocrx_word' id='word_1_332' title='bbox 1834 305 2013 348; x_wconf 82' lang='lat' dir='ltr'>triangulo</span> <span class='ocrx_word' id='word_1_333' title='bbox 2038 304 2148 336; x_wconf 91' lang='lat' dir='ltr'>inter-</span> 
     </span>
     <span class='ocr_line' id='line_1_56' title="bbox 1149 355 1612 400; baseline 0.002 -11"><span class='ocrx_word' id='word_1_334' title='bbox 1149 357 1210 389; x_wconf 91' lang='lat' dir='ltr'>diu</span> <span class='ocrx_word' id='word_1_335' title='bbox 1230 356 1310 397; x_wconf 85' lang='lat' dir='ltr'>Sol,</span> <span class='ocrx_word' id='word_1_336' title='bbox 1338 363 1447 389; x_wconf 88' lang='lat' dir='ltr'>noctu</span> <span class='ocrx_word' id='word_1_337' title='bbox 1467 355 1612 400; x_wconf 91' lang='lat' dir='ltr'>lupiter.</span> 
     </span>
    </p>
   </div>
   <div class='ocr_carea' id='block_1_17' title="bbox 1147 415 2152 1598">
    <p class='ocr_par' dir='ltr' id='par_1_17' title="bbox 1148 415 2151 924">
     <span class='ocr_line' id='line_1_57' title="bbox 1250 415 2148 461; baseline 0 -13"><span class='ocrx_word' id='word_1_338' title='bbox 1250 415 1367 450; x_wconf 91' lang='lat' dir='ltr'>Locus</span> <span class='ocrx_word' id='word_1_339' title='bbox 1376 416 1508 450; x_wconf 77' lang='lat' dir='ltr'>Arietis</span> <span class='ocrx_word' id='word_1_340' title='bbox 1526 422 1576 448; x_wconf 87' lang='lat' dir='ltr'>est</span> <span class='ocrx_word' id='word_1_341' title='bbox 1593 415 1875 461; x_wconf 83' lang='lat' dir='ltr'>aequinoctialis,</span> <span class='ocrx_word' id='word_1_342' title='bbox 1897 415 2029 449; x_wconf 90' lang='lat' dir='ltr'>Leonis</span> <span class='ocrx_word' id='word_1_343' title='bbox 2046 415 2148 448; x_wconf 87' lang='lat' dir='ltr'>aesti-</span> 
     </span>
     <span class='ocr_line' id='line_1_58' title="bbox 1148 465 2149 511; baseline 0.001 -12"><span class='ocrx_word' id='word_1_344' title='bbox 1148 480 1233 506; x_wconf 62' lang='lat' dir='ltr'>vus,</span> <span class='ocrx_word' id='word_1_345' title='bbox 1270 467 1455 511; x_wconf 82' lang='lat' dir='ltr'>Sagittarii</span> <span class='ocrx_word' id='word_1_346' title='bbox 1488 465 1671 500; x_wconf 87' lang='lat' dir='ltr'>hibernus.</span> <span class='ocrx_word' id='word_1_347' title='bbox 1738 466 1832 499; x_wconf 85' lang='lat' dir='ltr'>Idem</span> <span class='ocrx_word' id='word_1_348' title='bbox 1859 467 2058 511; x_wconf 80' lang='lat' dir='ltr'>triangulus</span> <span class='ocrx_word' id='word_1_349' title='bbox 2085 479 2149 511; x_wconf 85' lang='lat' dir='ltr'>po-</span> 
     </span>
     <span class='ocr_line' id='line_1_59' title="bbox 1148 517 2149 563; baseline -0.001 -12"><span class='ocrx_word' id='word_1_350' title='bbox 1148 518 1322 552; x_wconf 87' lang='lat' dir='ltr'>tissimum</span> <span class='ocrx_word' id='word_1_351' title='bbox 1341 518 1629 563; x_wconf 87' lang='lat' dir='ltr'>septentrionalis</span> <span class='ocrx_word' id='word_1_352' title='bbox 1646 524 1715 556; x_wconf 88' lang='lat' dir='ltr'>est,</span> <span class='ocrx_word' id='word_1_353' title='bbox 1751 518 1832 562; x_wconf 88' lang='lat' dir='ltr'>quia</span> <span class='ocrx_word' id='word_1_354' title='bbox 1852 517 1984 562; x_wconf 90' lang='lat' dir='ltr'>Iupiter</span> <span class='ocrx_word' id='word_1_355' title='bbox 2002 518 2049 550; x_wconf 92' lang='lat' dir='ltr'>ibi</span> <span class='ocrx_word' id='word_1_356' title='bbox 2068 530 2149 562; x_wconf 86' lang='lat' dir='ltr'>par-</span> 
     </span>
     <span class='ocr_line' id='line_1_60' title="bbox 1149 569 2150 614; baseline 0 -12"><span class='ocrx_word' id='word_1_357' title='bbox 1149 576 1219 602; x_wconf 92' lang='lat' dir='ltr'>tem</span> <span class='ocrx_word' id='word_1_358' title='bbox 1239 570 1391 603; x_wconf 89' lang='lat' dir='ltr'>dominii</span> <span class='ocrx_word' id='word_1_359' title='bbox 1406 576 1521 610; x_wconf 89' lang='lat' dir='ltr'>tenet,</span> <span class='ocrx_word' id='word_1_360' title='bbox 1554 569 1615 614; x_wconf 93' lang='lat' dir='ltr'>qui</span> <span class='ocrx_word' id='word_1_361' title='bbox 1639 569 1834 602; x_wconf 88' lang='lat' dir='ltr'>foecundus</span> <span class='ocrx_word' id='word_1_362' title='bbox 1858 576 1929 610; x_wconf 88' lang='lat' dir='ltr'>est,</span> <span class='ocrx_word' id='word_1_363' title='bbox 1964 576 1997 602; x_wconf 91' lang='lat' dir='ltr'>et</span> <span class='ocrx_word' id='word_1_364' title='bbox 2022 570 2150 603; x_wconf 88' lang='lat' dir='ltr'>flatuo-</span> 
     </span>
     <span class='ocr_line' id='line_1_61' title="bbox 1149 620 2149 665; baseline 0 -11"><span class='ocrx_word' id='word_1_365' title='bbox 1149 634 1226 661; x_wconf 86' lang='lat' dir='ltr'>sus,</span> <span class='ocrx_word' id='word_1_366' title='bbox 1270 622 1485 654; x_wconf 79' lang='lat' dir='ltr'>conveniens</span> <span class='ocrx_word' id='word_1_367' title='bbox 1508 620 1641 660; x_wconf 71' lang='lat' dir='ltr'>ventis,</span> <span class='ocrx_word' id='word_1_368' title='bbox 1686 620 1746 665; x_wconf 89' lang='lat' dir='ltr'>qui</span> <span class='ocrx_word' id='word_1_369' title='bbox 1772 620 1908 653; x_wconf 86' lang='lat' dir='ltr'>cientur</span> <span class='ocrx_word' id='word_1_370' title='bbox 1941 621 1978 653; x_wconf 90' lang='lat' dir='ltr'>in</span> <span class='ocrx_word' id='word_1_371' title='bbox 2010 627 2149 665; x_wconf 89' lang='lat' dir='ltr'>septen-</span> 
     </span>
     <span class='ocr_line' id='line_1_62' title="bbox 1149 672 2149 717; baseline 0.002 -14"><span class='ocrx_word' id='word_1_372' title='bbox 1149 673 1278 706; x_wconf 90' lang='lat' dir='ltr'>trione.</span> <span class='ocrx_word' id='word_1_373' title='bbox 1332 673 1379 705; x_wconf 86' lang='lat' dir='ltr'>At</span> <span class='ocrx_word' id='word_1_374' title='bbox 1397 679 1544 717; x_wconf 88' lang='lat' dir='ltr'>propter</span> <span class='ocrx_word' id='word_1_375' title='bbox 1561 672 1688 704; x_wconf 85' lang='lat' dir='ltr'>Martis</span> <span class='ocrx_word' id='word_1_376' title='bbox 1705 672 1852 704; x_wconf 88' lang='lat' dir='ltr'>domum</span> <span class='ocrx_word' id='word_1_377' title='bbox 1872 672 1998 715; x_wconf 87' lang='lat' dir='ltr'>recipit</span> <span class='ocrx_word' id='word_1_378' title='bbox 2020 672 2149 705; x_wconf 83' lang='lat' dir='ltr'>mixtu-</span> 
     </span>
     <span class='ocr_line' id='line_1_63' title="bbox 1149 723 2148 767; baseline 0.001 -12"><span class='ocrx_word' id='word_1_379' title='bbox 1149 735 1227 756; x_wconf 87' lang='lat' dir='ltr'>ram</span> <span class='ocrx_word' id='word_1_380' title='bbox 1253 725 1377 757; x_wconf 71' lang='lat' dir='ltr'>Africi.</span> <span class='ocrx_word' id='word_1_381' title='bbox 1442 724 1488 757; x_wconf 80' lang='lat' dir='ltr'>Et</span> <span class='ocrx_word' id='word_1_382' title='bbox 1521 723 1749 757; x_wconf 86' lang='lat' dir='ltr'>constituitur</span> <span class='ocrx_word' id='word_1_383' title='bbox 1785 723 2001 766; x_wconf 80' lang='lat' dir='ltr'>triangulus,</span> <span class='ocrx_word' id='word_1_384' title='bbox 2043 735 2148 767; x_wconf 91' lang='lat' dir='ltr'>quem</span> 
     </span>
     <span class='ocr_line' id='line_1_64' title="bbox 1149 774 2150 808; baseline 0.001 -2"><span class='ocrx_word' id='word_1_385' title='bbox 1149 782 1279 808; x_wconf 76' lang='lat' dir='ltr'>vocant</span> <span class='ocrx_word' id='word_1_386' title='bbox 1306 776 1455 808; x_wconf 76' lang='lat' dir='ltr'>mixtum</span> <span class='ocrx_word' id='word_1_387' title='bbox 1481 788 1522 808; x_wconf 78' lang='lat' dir='ltr'>ex</span> <span class='ocrx_word' id='word_1_388' title='bbox 1545 775 1662 807; x_wconf 87' lang='lat' dir='ltr'>Borea</span> <span class='ocrx_word' id='word_1_389' title='bbox 1689 780 1722 807; x_wconf 87' lang='lat' dir='ltr'>et</span> <span class='ocrx_word' id='word_1_390' title='bbox 1746 774 1878 807; x_wconf 77' lang='lat' dir='ltr'>Africo.</span> <span class='ocrx_word' id='word_1_391' title='bbox 1939 774 2030 807; x_wconf 63' lang='lat' dir='ltr'>Nam</span> <span class='ocrx_word' id='word_1_392' title='bbox 2052 775 2150 808; x_wconf 84' lang='lat' dir='ltr'>Mars</span> 
     </span>
     <span class='ocr_line' id='line_1_65' title="bbox 1150 824 2151 870; baseline 0 -12"><span class='ocrx_word' id='word_1_393' title='bbox 1150 826 1277 859; x_wconf 84' lang='lat' dir='ltr'>excitat</span> <span class='ocrx_word' id='word_1_394' title='bbox 1302 834 1427 860; x_wconf 66' lang='lat' dir='ltr'>ventos</span> <span class='ocrx_word' id='word_1_395' title='bbox 1454 826 1612 865; x_wconf 62' lang='lat' dir='ltr'>Afric-os,</span> <span class='ocrx_word' id='word_1_396' title='bbox 1644 832 1792 870; x_wconf 89' lang='lat' dir='ltr'>propter</span> <span class='ocrx_word' id='word_1_397' title='bbox 1818 824 1942 858; x_wconf 89' lang='lat' dir='ltr'>Lunae</span> <span class='ocrx_word' id='word_1_398' title='bbox 1966 825 2151 858; x_wconf 71' lang='lat' dir='ltr'>familiari-</span> 
     </span>
     <span class='ocr_line' id='line_1_66' title="bbox 1150 877 2036 924; baseline 0.001 -15"><span class='ocrx_word' id='word_1_399' title='bbox 1150 884 1279 918; x_wconf 90' lang='lat' dir='ltr'>tatem,</span> <span class='ocrx_word' id='word_1_400' title='bbox 1304 886 1338 911; x_wconf 85' lang='lat' dir='ltr'>et</span> <span class='ocrx_word' id='word_1_401' title='bbox 1356 879 1438 924; x_wconf 88' lang='lat' dir='ltr'>quia</span> <span class='ocrx_word' id='word_1_402' title='bbox 1454 877 1683 911; x_wconf 83' lang='lat' dir='ltr'>occidentalis</span> <span class='ocrx_word' id='word_1_403' title='bbox 1702 889 1784 921; x_wconf 90' lang='lat' dir='ltr'>pars</span> <span class='ocrx_word' id='word_1_404' title='bbox 1802 877 1955 909; x_wconf 83' lang='lat' dir='ltr'>feminea</span> <span class='ocrx_word' id='word_1_405' title='bbox 1974 883 2036 910; x_wconf 91' lang='lat' dir='ltr'>est.</span> 
     </span>
    </p>

    <p class='ocr_par' dir='ltr' id='par_1_18' title="bbox 1147 936 2152 1598">
     <span class='ocr_line' id='line_1_67' title="bbox 1252 936 2150 981; baseline -0.002 -10"><span class='ocrx_word' id='word_1_406' title='bbox 1252 937 1436 971; x_wconf 85' lang='lat' dir='ltr'>Secundus</span> <span class='ocrx_word' id='word_1_407' title='bbox 1473 937 1673 981; x_wconf 79' lang='lat' dir='ltr'>triangulus</span> <span class='ocrx_word' id='word_1_408' title='bbox 1708 936 1849 969; x_wconf 89' lang='lat' dir='ltr'>ducitur</span> <span class='ocrx_word' id='word_1_409' title='bbox 1881 949 1944 980; x_wconf 91' lang='lat' dir='ltr'>per</span> <span class='ocrx_word' id='word_1_410' title='bbox 1975 936 2150 977; x_wconf 86' lang='lat' dir='ltr'>Taurum,</span> 
     </span>
     <span class='ocr_line' id='line_1_68' title="bbox 1150 988 2151 1033; baseline -0.002 -10"><span class='ocrx_word' id='word_1_411' title='bbox 1150 989 1334 1033; x_wconf 81' lang='lat' dir='ltr'>Virginem</span> <span class='ocrx_word' id='word_1_412' title='bbox 1368 997 1401 1023; x_wconf 91' lang='lat' dir='ltr'>et</span> <span class='ocrx_word' id='word_1_413' title='bbox 1426 989 1708 1033; x_wconf 85' lang='lat' dir='ltr'>Capricornum,</span> <span class='ocrx_word' id='word_1_414' title='bbox 1747 988 1813 1020; x_wconf 86' lang='lat' dir='ltr'>tria</span> <span class='ocrx_word' id='word_1_415' title='bbox 1850 988 1948 1031; x_wconf 78' lang='lat' dir='ltr'>signa</span> <span class='ocrx_word' id='word_1_416' title='bbox 1979 988 2151 1026; x_wconf 87' lang='lat' dir='ltr'>feminea;</span> 
     </span>
     <span class='ocr_line' id='line_1_69' title="bbox 1151 1039 2151 1088; baseline -0.002 -13"><span class='ocrx_word' id='word_1_417' title='bbox 1151 1053 1262 1088; x_wconf 88' lang='lat' dir='ltr'>quare</span> <span class='ocrx_word' id='word_1_418' title='bbox 1273 1040 1397 1074; x_wconf 89' lang='lat' dir='ltr'>Lunae</span> <span class='ocrx_word' id='word_1_419' title='bbox 1417 1047 1450 1073; x_wconf 89' lang='lat' dir='ltr'>et</span> <span class='ocrx_word' id='word_1_420' title='bbox 1460 1040 1591 1073; x_wconf 82' lang='lat' dir='ltr'>Veneri</span> <span class='ocrx_word' id='word_1_421' title='bbox 1612 1039 1836 1077; x_wconf 85' lang='lat' dir='ltr'>attribuitur;</span> <span class='ocrx_word' id='word_1_422' title='bbox 1865 1039 2073 1072; x_wconf 87' lang='lat' dir='ltr'>dominatur</span> <span class='ocrx_word' id='word_1_423' title='bbox 2090 1052 2151 1073; x_wconf 94' lang='lat' dir='ltr'>au-</span> 
     </span>
     <span class='ocr_line' id='line_1_70' title="bbox 1150 1091 2150 1132; baseline -0.002 -6"><span class='ocrx_word' id='word_1_424' title='bbox 1150 1101 1220 1126; x_wconf 91' lang='lat' dir='ltr'>tem</span> <span class='ocrx_word' id='word_1_425' title='bbox 1239 1093 1271 1125; x_wconf 90' lang='lat' dir='ltr'>ci</span> <span class='ocrx_word' id='word_1_426' title='bbox 1296 1099 1404 1126; x_wconf 89' lang='lat' dir='ltr'>noctu</span> <span class='ocrx_word' id='word_1_427' title='bbox 1420 1092 1521 1125; x_wconf 92' lang='lat' dir='ltr'>Luna</span> <span class='ocrx_word' id='word_1_428' title='bbox 1535 1119 1543 1132; x_wconf 90' lang='lat'>,</span> <span class='ocrx_word' id='word_1_429' title='bbox 1578 1092 1735 1125; x_wconf 86' lang='lat' dir='ltr'>interdiu</span> <span class='ocrx_word' id='word_1_430' title='bbox 1752 1091 1884 1124; x_wconf 75' lang='lat' dir='ltr'>Venus.</span> <span class='ocrx_word' id='word_1_431' title='bbox 1939 1091 1990 1123; x_wconf 89' lang='lat' dir='ltr'>Ac</span> <span class='ocrx_word' id='word_1_432' title='bbox 2007 1091 2150 1125; x_wconf 89' lang='lat' dir='ltr'>Taurus</span> 
     </span>
     <span class='ocr_line' id='line_1_71' title="bbox 1150 1142 2150 1188; baseline -0.003 -11"><span class='ocrx_word' id='word_1_433' title='bbox 1150 1144 1300 1188; x_wconf 87' lang='lat' dir='ltr'>propior</span> <span class='ocrx_word' id='word_1_434' title='bbox 1325 1151 1376 1177; x_wconf 83' lang='lat' dir='ltr'>est</span> <span class='ocrx_word' id='word_1_435' title='bbox 1402 1144 1535 1177; x_wconf 81' lang='lat' dir='ltr'>aestivo</span> <span class='ocrx_word' id='word_1_436' title='bbox 1560 1143 1712 1182; x_wconf 89' lang='lat' dir='ltr'>circulo,</span> <span class='ocrx_word' id='word_1_437' title='bbox 1747 1142 1857 1186; x_wconf 63' lang='lat' dir='ltr'>Virgo</span> <span class='ocrx_word' id='word_1_438' title='bbox 1884 1143 2150 1188; x_wconf 84' lang='lat' dir='ltr'>aequinoctiali,</span> 
     </span>
     <span class='ocr_line' id='line_1_72' title="bbox 1151 1192 2151 1239; baseline -0.002 -11"><span class='ocrx_word' id='word_1_439' title='bbox 1151 1196 1393 1239; x_wconf 88' lang='lat' dir='ltr'>Capricornus</span> <span class='ocrx_word' id='word_1_440' title='bbox 1416 1193 1580 1228; x_wconf 86' lang='lat' dir='ltr'>hiberno.</span> <span class='ocrx_word' id='word_1_441' title='bbox 1634 1194 1830 1238; x_wconf 83' lang='lat' dir='ltr'>Praecipue</span> <span class='ocrx_word' id='word_1_442' title='bbox 1847 1206 1932 1227; x_wconf 75' lang='lat' dir='ltr'>vero</span> <span class='ocrx_word' id='word_1_443' title='bbox 1957 1192 2013 1227; x_wconf 84' lang='lat' dir='ltr'>hic</span> <span class='ocrx_word' id='word_1_444' title='bbox 2040 1194 2151 1227; x_wconf 88' lang='lat' dir='ltr'>trian-</span> 
     </span>
     <span class='ocr_line' id='line_1_73' title="bbox 1150 1245 2151 1291; baseline -0.002 -11"><span class='ocrx_word' id='word_1_445' title='bbox 1150 1247 1251 1291; x_wconf 82' lang='lat' dir='ltr'>gulus</span> <span class='ocrx_word' id='word_1_446' title='bbox 1276 1253 1327 1280; x_wconf 86' lang='lat' dir='ltr'>est</span> <span class='ocrx_word' id='word_1_447' title='bbox 1357 1247 1540 1286; x_wconf 82' lang='lat' dir='ltr'>australis,</span> <span class='ocrx_word' id='word_1_448' title='bbox 1581 1252 1730 1290; x_wconf 80' lang='lat' dir='ltr'>Propter</span> <span class='ocrx_word' id='word_1_449' title='bbox 1753 1245 1902 1279; x_wconf 90' lang='lat' dir='ltr'>Veneris</span> <span class='ocrx_word' id='word_1_450' title='bbox 1934 1245 2151 1278; x_wconf 89' lang='lat' dir='ltr'>dominatio-</span> 
     </span>
     <span class='ocr_line' id='line_1_74' title="bbox 1150 1295 2151 1343; baseline 0 -13"><span class='ocrx_word' id='word_1_451' title='bbox 1150 1311 1253 1339; x_wconf 86' lang='lat' dir='ltr'>nem,</span> <span class='ocrx_word' id='word_1_452' title='bbox 1282 1310 1372 1343; x_wconf 89' lang='lat' dir='ltr'>quae</span> <span class='ocrx_word' id='word_1_453' title='bbox 1394 1299 1468 1331; x_wconf 91' lang='lat' dir='ltr'>eius</span> <span class='ocrx_word' id='word_1_454' title='bbox 1493 1297 1603 1342; x_wconf 87' lang='lat' dir='ltr'>partis</span> <span class='ocrx_word' id='word_1_455' title='bbox 1628 1303 1754 1330; x_wconf 73' lang='lat' dir='ltr'>ventos</span> <span class='ocrx_word' id='word_1_456' title='bbox 1779 1297 1847 1329; x_wconf 87' lang='lat' dir='ltr'>ciet</span> <span class='ocrx_word' id='word_1_457' title='bbox 1871 1297 2003 1330; x_wconf 89' lang='lat' dir='ltr'>calidos</span> <span class='ocrx_word' id='word_1_458' title='bbox 2029 1304 2063 1330; x_wconf 89' lang='lat' dir='ltr'>et</span> <span class='ocrx_word' id='word_1_459' title='bbox 2086 1295 2151 1330; x_wconf 92' lang='lat' dir='ltr'>hu-</span> 
     </span>
     <span class='ocr_line' id='line_1_75' title="bbox 1150 1348 2150 1393; baseline 0 -12"><span class='ocrx_word' id='word_1_460' title='bbox 1150 1351 1277 1383; x_wconf 89' lang='lat' dir='ltr'>midos.</span> <span class='ocrx_word' id='word_1_461' title='bbox 1332 1349 1501 1382; x_wconf 83' lang='lat' dir='ltr'>Admittit</span> <span class='ocrx_word' id='word_1_462' title='bbox 1518 1355 1636 1381; x_wconf 91' lang='lat' dir='ltr'>autem</span> <span class='ocrx_word' id='word_1_463' title='bbox 1664 1355 1698 1381; x_wconf 89' lang='lat' dir='ltr'>et</span> <span class='ocrx_word' id='word_1_464' title='bbox 1713 1348 1973 1388; x_wconf 85' lang='lat' dir='ltr'>Subsolanum,</span> <span class='ocrx_word' id='word_1_465' title='bbox 2001 1355 2150 1393; x_wconf 90' lang='lat' dir='ltr'>propter</span> 
     </span>
     <span class='ocr_line' id='line_1_76' title="bbox 1150 1399 2151 1445; baseline 0 -12"><span class='ocrx_word' id='word_1_466' title='bbox 1150 1401 1429 1445; x_wconf 89' lang='lat' dir='ltr'>Capricornum,</span> <span class='ocrx_word' id='word_1_467' title='bbox 1456 1401 1517 1445; x_wconf 89' lang='lat' dir='ltr'>qui</span> <span class='ocrx_word' id='word_1_468' title='bbox 1537 1406 1587 1433; x_wconf 91' lang='lat' dir='ltr'>est</span> <span class='ocrx_word' id='word_1_469' title='bbox 1605 1399 1750 1433; x_wconf 88' lang='lat' dir='ltr'>Saturni</span> <span class='ocrx_word' id='word_1_470' title='bbox 1769 1400 2004 1434; x_wconf 88' lang='lat' dir='ltr'>domicilium.</span> <span class='ocrx_word' id='word_1_471' title='bbox 2057 1400 2151 1434; x_wconf 94' lang='lat' dir='ltr'>Con-</span> 
     </span>
     <span class='ocr_line' id='line_1_77' title="bbox 1148 1450 2151 1496; baseline -0.001 -11"><span class='ocrx_word' id='word_1_472' title='bbox 1148 1452 1306 1485; x_wconf 89' lang='lat' dir='ltr'>stituitur</span> <span class='ocrx_word' id='word_1_473' title='bbox 1324 1458 1441 1485; x_wconf 88' lang='lat' dir='ltr'>autem</span> <span class='ocrx_word' id='word_1_474' title='bbox 1460 1450 1517 1484; x_wconf 86' lang='lat' dir='ltr'>bic</span> <span class='ocrx_word' id='word_1_475' title='bbox 1533 1451 1752 1494; x_wconf 85' lang='lat' dir='ltr'>triangulus,</span> <span class='ocrx_word' id='word_1_476' title='bbox 1785 1463 1891 1496; x_wconf 90' lang='lat' dir='ltr'>quem</span> <span class='ocrx_word' id='word_1_477' title='bbox 1910 1458 2039 1484; x_wconf 73' lang='lat' dir='ltr'>vocant</span> <span class='ocrx_word' id='word_1_478' title='bbox 2060 1452 2151 1484; x_wconf 89' lang='lat' dir='ltr'>mix-</span> 
     </span>
     <span class='ocr_line' id='line_1_78' title="bbox 1149 1501 2152 1540; baseline 0 -4"><span class='ocrx_word' id='word_1_479' title='bbox 1149 1510 1223 1537; x_wconf 89' lang='lat' dir='ltr'>tum</span> <span class='ocrx_word' id='word_1_480' title='bbox 1257 1515 1298 1536; x_wconf 85' lang='lat' dir='ltr'>ex</span> <span class='ocrx_word' id='word_1_481' title='bbox 1321 1503 1453 1536; x_wconf 86' lang='lat' dir='ltr'>Austro</span> <span class='ocrx_word' id='word_1_482' title='bbox 1488 1509 1522 1535; x_wconf 92' lang='lat' dir='ltr'>et</span> <span class='ocrx_word' id='word_1_483' title='bbox 1547 1502 1767 1540; x_wconf 86' lang='lat' dir='ltr'>Subsolano;</span> <span class='ocrx_word' id='word_1_484' title='bbox 1813 1501 1880 1535; x_wconf 88' lang='lat' dir='ltr'>ciet</span> <span class='ocrx_word' id='word_1_485' title='bbox 1908 1502 2001 1535; x_wconf 92' lang='lat' dir='ltr'>enim</span> <span class='ocrx_word' id='word_1_486' title='bbox 2029 1502 2152 1536; x_wconf 84' lang='lat' dir='ltr'>Satur-</span> 
     </span>
     <span class='ocr_line' id='line_1_79' title="bbox 1147 1553 2150 1598; baseline 0 -11"><span class='ocrx_word' id='word_1_487' title='bbox 1147 1568 1215 1589; x_wconf 88' lang='lat' dir='ltr'>nus</span> <span class='ocrx_word' id='word_1_488' title='bbox 1234 1561 1359 1588; x_wconf 75' lang='lat' dir='ltr'>ventos</span> <span class='ocrx_word' id='word_1_489' title='bbox 1377 1554 1580 1594; x_wconf 86' lang='lat' dir='ltr'>orientales,</span> <span class='ocrx_word' id='word_1_490' title='bbox 1606 1560 1753 1598; x_wconf 89' lang='lat' dir='ltr'>propter</span> <span class='ocrx_word' id='word_1_491' title='bbox 1768 1553 2050 1587; x_wconf 80' lang='lat' dir='ltr'>familiaritatem</span> <span class='ocrx_word' id='word_1_492' title='bbox 2070 1567 2150 1588; x_wconf 91' lang='lat' dir='ltr'>cum</span> 
     </span>
    </p>
   </div>
   <div class='ocr_carea' id='block_1_18' title="bbox 1148 1607 1241 1641">
    <p class='ocr_par' dir='ltr' id='par_1_19' title="bbox 1148 1607 1241 1641">
     <span class='ocr_line' id='line_1_80' title="bbox 1148 1607 1241 1641; baseline 0.011 -1"><span class='ocrx_word' id='word_1_493' title='bbox 1148 1607 1241 1641; x_wconf 81' lang='lat' dir='ltr'>Sole.</span> 
     </span>
    </p>
   </div>
   <div class='ocr_carea' id='block_1_19' title="bbox 1146 1663 2151 2278">
    <p class='ocr_par' dir='ltr' id='par_1_20' title="bbox 1146 1663 2151 2278">
     <span class='ocr_line' id='line_1_81' title="bbox 1250 1663 2150 1709; baseline -0.001 -11"><span class='ocrx_word' id='word_1_494' title='bbox 1250 1664 1395 1698; x_wconf 87' lang='lat' dir='ltr'>Tertius</span> <span class='ocrx_word' id='word_1_495' title='bbox 1415 1664 1615 1708; x_wconf 83' lang='lat' dir='ltr'>triangulus</span> <span class='ocrx_word' id='word_1_496' title='bbox 1631 1663 1773 1697; x_wconf 86' lang='lat' dir='ltr'>ducitur</span> <span class='ocrx_word' id='word_1_497' title='bbox 1789 1677 1853 1709; x_wconf 91' lang='lat' dir='ltr'>per</span> <span class='ocrx_word' id='word_1_498' title='bbox 1870 1664 2063 1704; x_wconf 90' lang='lat' dir='ltr'>Geminos,</span> <span class='ocrx_word' id='word_1_499' title='bbox 2090 1663 2150 1697; x_wconf 93' lang='lat' dir='ltr'>Li-</span> 
     </span>
     <span class='ocr_line' id='line_1_82' title="bbox 1147 1716 2149 1762; baseline -0.001 -13"><span class='ocrx_word' id='word_1_500' title='bbox 1147 1718 1249 1750; x_wconf 91' lang='lat' dir='ltr'>bram</span> <span class='ocrx_word' id='word_1_501' title='bbox 1267 1723 1301 1749; x_wconf 88' lang='lat' dir='ltr'>et</span> <span class='ocrx_word' id='word_1_502' title='bbox 1315 1716 1515 1762; x_wconf 84' lang='lat' dir='ltr'>Aquarium</span> <span class='ocrx_word' id='word_1_503' title='bbox 1529 1742 1538 1756; x_wconf 87' lang='lat'>,</span> <span class='ocrx_word' id='word_1_504' title='bbox 1571 1716 1638 1748; x_wconf 85' lang='lat' dir='ltr'>tria</span> <span class='ocrx_word' id='word_1_505' title='bbox 1656 1716 1813 1749; x_wconf 89' lang='lat' dir='ltr'>mascula</span> <span class='ocrx_word' id='word_1_506' title='bbox 1833 1716 1952 1760; x_wconf 81' lang='lat' dir='ltr'>signa,</span> <span class='ocrx_word' id='word_1_507' title='bbox 1988 1716 2103 1748; x_wconf 89' lang='lat' dir='ltr'>aliena</span> <span class='ocrx_word' id='word_1_508' title='bbox 2130 1728 2149 1748; x_wconf 90' lang='lat' dir='ltr'>a</span> 
     </span>
     <span class='ocr_line' id='line_1_83' title="bbox 1148 1767 2148 1812; baseline -0.001 -11"><span class='ocrx_word' id='word_1_509' title='bbox 1148 1768 1286 1807; x_wconf 86' lang='lat' dir='ltr'>Marte;</span> <span class='ocrx_word' id='word_1_510' title='bbox 1329 1769 1389 1801; x_wconf 88' lang='lat' dir='ltr'>sed</span> <span class='ocrx_word' id='word_1_511' title='bbox 1415 1768 1649 1812; x_wconf 81' lang='lat' dir='ltr'>congruentia</span> <span class='ocrx_word' id='word_1_512' title='bbox 1677 1780 1755 1800; x_wconf 90' lang='lat' dir='ltr'>cum</span> <span class='ocrx_word' id='word_1_513' title='bbox 1775 1768 1932 1801; x_wconf 89' lang='lat' dir='ltr'>Saturno</span> <span class='ocrx_word' id='word_1_514' title='bbox 1956 1773 1990 1800; x_wconf 86' lang='lat' dir='ltr'>et</span> <span class='ocrx_word' id='word_1_515' title='bbox 2008 1767 2148 1800; x_wconf 91' lang='lat' dir='ltr'>Mercu-</span> 
     </span>
     <span class='ocr_line' id='line_1_84' title="bbox 1146 1817 2150 1864; baseline -0.001 -11"><span class='ocrx_word' id='word_1_516' title='bbox 1146 1821 1223 1861; x_wconf 88' lang='lat' dir='ltr'>rio,</span> <span class='ocrx_word' id='word_1_517' title='bbox 1251 1826 1400 1864; x_wconf 92' lang='lat' dir='ltr'>propter</span> <span class='ocrx_word' id='word_1_518' title='bbox 1417 1820 1488 1852; x_wconf 93' lang='lat' dir='ltr'>duo</span> <span class='ocrx_word' id='word_1_519' title='bbox 1515 1819 1659 1852; x_wconf 90' lang='lat' dir='ltr'>illorum</span> <span class='ocrx_word' id='word_1_520' title='bbox 1682 1819 1879 1857; x_wconf 87' lang='lat' dir='ltr'>domicilia;</span> <span class='ocrx_word' id='word_1_521' title='bbox 1915 1819 1996 1852; x_wconf 91' lang='lat' dir='ltr'>ideo</span> <span class='ocrx_word' id='word_1_522' title='bbox 2020 1817 2150 1853; x_wconf 87' lang='lat' dir='ltr'>hisat-</span> 
     </span>
     <span class='ocr_line' id='line_1_85' title="bbox 1148 1869 2151 1915; baseline -0.001 -10"><span class='ocrx_word' id='word_1_523' title='bbox 1148 1871 1318 1905; x_wconf 89' lang='lat' dir='ltr'>tribuitur</span> <span class='ocrx_word' id='word_1_524' title='bbox 1335 1869 1393 1904; x_wconf 84' lang='lat' dir='ltr'>hie</span> <span class='ocrx_word' id='word_1_525' title='bbox 1415 1871 1625 1915; x_wconf 86' lang='lat' dir='ltr'>triangulus.</span> <span class='ocrx_word' id='word_1_526' title='bbox 1686 1871 1738 1903; x_wconf 93' lang='lat' dir='ltr'>Ac</span> <span class='ocrx_word' id='word_1_527' title='bbox 1762 1870 1918 1904; x_wconf 89' lang='lat' dir='ltr'>interdiu</span> <span class='ocrx_word' id='word_1_528' title='bbox 1942 1871 2151 1904; x_wconf 84' lang='lat' dir='ltr'>dominatur</span> 
     </span>
     <span class='ocr_line' id='line_1_86' title="bbox 1147 1922 2150 1967; baseline -0.001 -11"><span class='ocrx_word' id='word_1_529' title='bbox 1147 1924 1322 1957; x_wconf 89' lang='lat' dir='ltr'>Saturnus</span> <span class='ocrx_word' id='word_1_530' title='bbox 1345 1929 1493 1967; x_wconf 90' lang='lat' dir='ltr'>propter</span> <span class='ocrx_word' id='word_1_531' title='bbox 1517 1934 1617 1955; x_wconf 90' lang='lat' dir='ltr'>suam</span> <span class='ocrx_word' id='word_1_532' title='bbox 1648 1922 1911 1962; x_wconf 89' lang='lat' dir='ltr'>conditionem,</span> <span class='ocrx_word' id='word_1_533' title='bbox 1948 1922 2150 1956; x_wconf 89' lang='lat' dir='ltr'>Mercurius</span> 
     </span>
     <span class='ocr_line' id='line_1_87' title="bbox 1147 1973 2149 2017; baseline -0.002 -9"><span class='ocrx_word' id='word_1_534' title='bbox 1147 1987 1233 2008; x_wconf 74' lang='lat' dir='ltr'>vero</span> <span class='ocrx_word' id='word_1_535' title='bbox 1252 1981 1373 2008; x_wconf 90' lang='lat' dir='ltr'>noctu.</span> <span class='ocrx_word' id='word_1_536' title='bbox 1427 1974 1575 2017; x_wconf 84' lang='lat' dir='ltr'>Signum</span> <span class='ocrx_word' id='word_1_537' title='bbox 1594 1980 1713 2006; x_wconf 91' lang='lat' dir='ltr'>autem</span> <span class='ocrx_word' id='word_1_538' title='bbox 1731 1973 1967 2007; x_wconf 90' lang='lat' dir='ltr'>Geminorum</span> <span class='ocrx_word' id='word_1_539' title='bbox 1991 1974 2149 2007; x_wconf 80' lang='lat' dir='ltr'>vicinum</span> 
     </span>
     <span class='ocr_line' id='line_1_88' title="bbox 1148 2024 2151 2071; baseline -0.002 -11"><span class='ocrx_word' id='word_1_540' title='bbox 1148 2033 1199 2061; x_wconf 88' lang='lat' dir='ltr'>est</span> <span class='ocrx_word' id='word_1_541' title='bbox 1226 2026 1357 2059; x_wconf 90' lang='lat' dir='ltr'>circulo</span> <span class='ocrx_word' id='word_1_542' title='bbox 1385 2026 1540 2065; x_wconf 83' lang='lat' dir='ltr'>aestivo,</span> <span class='ocrx_word' id='word_1_543' title='bbox 1581 2024 1691 2057; x_wconf 88' lang='lat' dir='ltr'>Libra</span> <span class='ocrx_word' id='word_1_544' title='bbox 1717 2025 1991 2071; x_wconf 87' lang='lat' dir='ltr'>aequinoctiali,</span> <span class='ocrx_word' id='word_1_545' title='bbox 2028 2025 2151 2071; x_wconf 80' lang='lat' dir='ltr'>Aqua-</span> 
     </span>
     <span class='ocr_line' id='line_1_89' title="bbox 1148 2075 2150 2121; baseline -0.002 -10"><span class='ocrx_word' id='word_1_546' title='bbox 1148 2078 1221 2111; x_wconf 91' lang='lat' dir='ltr'>rius</span> <span class='ocrx_word' id='word_1_547' title='bbox 1238 2076 1420 2120; x_wconf 63' lang='lat' dir='ltr'>{hiberum</span> <span class='ocrx_word' id='word_1_548' title='bbox 1490 2076 1721 2110; x_wconf 87' lang='lat' dir='ltr'>Potissimum</span> <span class='ocrx_word' id='word_1_549' title='bbox 1753 2075 1810 2109; x_wconf 89' lang='lat' dir='ltr'>bic</span> <span class='ocrx_word' id='word_1_550' title='bbox 1840 2077 2040 2121; x_wconf 85' lang='lat' dir='ltr'>triangulus</span> <span class='ocrx_word' id='word_1_551' title='bbox 2066 2089 2150 2109; x_wconf 91' lang='lat' dir='ltr'>con-</span> 
     </span>
     <span class='ocr_line' id='line_1_90' title="bbox 1147 2128 2149 2174; baseline -0.002 -12"><span class='ocrx_word' id='word_1_552' title='bbox 1147 2130 1242 2174; x_wconf 84' lang='lat' dir='ltr'>gruit</span> <span class='ocrx_word' id='word_1_553' title='bbox 1264 2142 1343 2162; x_wconf 91' lang='lat' dir='ltr'>cum</span> <span class='ocrx_word' id='word_1_554' title='bbox 1370 2129 1592 2168; x_wconf 78' lang='lat' dir='ltr'>subsolano,</span> <span class='ocrx_word' id='word_1_555' title='bbox 1635 2135 1784 2172; x_wconf 89' lang='lat' dir='ltr'>propter</span> <span class='ocrx_word' id='word_1_556' title='bbox 1810 2129 2017 2162; x_wconf 86' lang='lat' dir='ltr'>Saturnum.</span> <span class='ocrx_word' id='word_1_557' title='bbox 2079 2128 2149 2161; x_wconf 88' lang='lat' dir='ltr'>Sed</span> 
     </span>
     <span class='ocr_line' id='line_1_91' title="bbox 1147 2180 2149 2227; baseline -0.002 -13"><span class='ocrx_word' id='word_1_558' title='bbox 1147 2181 1230 2227; x_wconf 89' lang='lat' dir='ltr'>quia</span> <span class='ocrx_word' id='word_1_559' title='bbox 1253 2180 1329 2214; x_wconf 66' lang='lat' dir='ltr'>Iovi</span> <span class='ocrx_word' id='word_1_560' title='bbox 1349 2180 1536 2213; x_wconf 78' lang='lat' dir='ltr'>familiaris</span> <span class='ocrx_word' id='word_1_561' title='bbox 1562 2186 1632 2220; x_wconf 87' lang='lat' dir='ltr'>est,</span> <span class='ocrx_word' id='word_1_562' title='bbox 1680 2180 1719 2212; x_wconf 88' lang='lat' dir='ltr'>fit</span> <span class='ocrx_word' id='word_1_563' title='bbox 1743 2180 1872 2213; x_wconf 72' lang='lat' dir='ltr'>mixtus</span> <span class='ocrx_word' id='word_1_564' title='bbox 1897 2192 1938 2212; x_wconf 84' lang='lat' dir='ltr'>ex</span> <span class='ocrx_word' id='word_1_565' title='bbox 1961 2180 2077 2212; x_wconf 87' lang='lat' dir='ltr'>Borea</span> <span class='ocrx_word' id='word_1_566' title='bbox 2115 2186 2149 2212; x_wconf 87' lang='lat' dir='ltr'>et</span> 
     </span>
     <span class='ocr_line' id='line_1_92' title="bbox 1147 2230 2133 2278; baseline -0.003 -11"><span class='ocrx_word' id='word_1_567' title='bbox 1147 2233 1367 2273; x_wconf 74' lang='lat' dir='ltr'>Subsolaxm,</span> <span class='ocrx_word' id='word_1_568' title='bbox 1396 2232 1479 2278; x_wconf 86' lang='lat' dir='ltr'>quia</span> <span class='ocrx_word' id='word_1_569' title='bbox 1497 2231 1722 2264; x_wconf 85' lang='lat' dir='ltr'>familiaritas</span> <span class='ocrx_word' id='word_1_570' title='bbox 1741 2238 1792 2265; x_wconf 89' lang='lat' dir='ltr'>est</span> <span class='ocrx_word' id='word_1_571' title='bbox 1810 2230 1903 2264; x_wconf 72' lang='lat' dir='ltr'>Iovis</span> <span class='ocrx_word' id='word_1_572' title='bbox 1922 2238 1956 2263; x_wconf 91' lang='lat' dir='ltr'>et</span> <span class='ocrx_word' id='word_1_573' title='bbox 1974 2231 2133 2265; x_wconf 89' lang='lat' dir='ltr'>Saturni.</span> 
     </span>
    </p>
   </div>
   <div class='ocr_carea' id='block_1_20' title="bbox 1145 2299 2148 2756">
    <p class='ocr_par' dir='ltr' id='par_1_21' title="bbox 1145 2299 2148 2756">
     <span class='ocr_line' id='line_1_93' title="bbox 1249 2299 2148 2346; baseline -0.003 -11"><span class='ocrx_word' id='word_1_574' title='bbox 1249 2301 1408 2346; x_wconf 86' lang='lat' dir='ltr'>Quartus</span> <span class='ocrx_word' id='word_1_575' title='bbox 1452 2300 1650 2344; x_wconf 83' lang='lat' dir='ltr'>triangulus</span> <span class='ocrx_word' id='word_1_576' title='bbox 1684 2299 1825 2332; x_wconf 88' lang='lat' dir='ltr'>ducitur</span> <span class='ocrx_word' id='word_1_577' title='bbox 1859 2312 1924 2344; x_wconf 93' lang='lat' dir='ltr'>per</span> <span class='ocrx_word' id='word_1_578' title='bbox 1957 2299 2148 2340; x_wconf 89' lang='lat' dir='ltr'>Cancrum,</span> 
     </span>
     <span class='ocr_line' id='line_1_94' title="bbox 1147 2350 2148 2397; baseline -0.003 -11"><span class='ocrx_word' id='word_1_579' title='bbox 1147 2353 1334 2397; x_wconf 87' lang='lat' dir='ltr'>Scorpium</span> <span class='ocrx_word' id='word_1_580' title='bbox 1367 2359 1402 2385; x_wconf 92' lang='lat' dir='ltr'>et</span> <span class='ocrx_word' id='word_1_581' title='bbox 1422 2352 1561 2391; x_wconf 88' lang='lat' dir='ltr'>Pisces,</span> <span class='ocrx_word' id='word_1_582' title='bbox 1605 2351 1667 2395; x_wconf 89' lang='lat' dir='ltr'>qui</span> <span class='ocrx_word' id='word_1_583' title='bbox 1689 2350 1906 2396; x_wconf 81' lang='lat' dir='ltr'>relinquitur</span> <span class='ocrx_word' id='word_1_584' title='bbox 1931 2350 2041 2384; x_wconf 86' lang='lat' dir='ltr'>Marti</span> <span class='ocrx_word' id='word_1_585' title='bbox 2067 2364 2148 2395; x_wconf 91' lang='lat' dir='ltr'>pro-</span> 
     </span>
     <span class='ocr_line' id='line_1_95' title="bbox 1148 2402 2148 2450; baseline -0.003 -12"><span class='ocrx_word' id='word_1_586' title='bbox 1148 2412 1224 2450; x_wconf 87' lang='lat' dir='ltr'>pter</span> <span class='ocrx_word' id='word_1_587' title='bbox 1235 2405 1444 2449; x_wconf 88' lang='lat' dir='ltr'>Scorpium,</span> <span class='ocrx_word' id='word_1_588' title='bbox 1473 2403 1533 2448; x_wconf 91' lang='lat' dir='ltr'>qui</span> <span class='ocrx_word' id='word_1_589' title='bbox 1551 2402 1738 2435; x_wconf 77' lang='lat' dir='ltr'>estMartis</span> <span class='ocrx_word' id='word_1_590' title='bbox 1756 2402 1990 2436; x_wconf 85' lang='lat' dir='ltr'>domicilium.</span> <span class='ocrx_word' id='word_1_591' title='bbox 2034 2402 2148 2436; x_wconf 89' lang='lat' dir='ltr'>Simul</span> 
     </span>
     <span class='ocr_line' id='line_1_96' title="bbox 1148 2453 2147 2494; baseline -0.003 -4"><span class='ocrx_word' id='word_1_592' title='bbox 1148 2463 1266 2490; x_wconf 89' lang='lat' dir='ltr'>autem</span> <span class='ocrx_word' id='word_1_593' title='bbox 1295 2456 1529 2489; x_wconf 88' lang='lat' dir='ltr'>dominantur</span> <span class='ocrx_word' id='word_1_594' title='bbox 1558 2460 1660 2486; x_wconf 89' lang='lat' dir='ltr'>nocte</span> <span class='ocrx_word' id='word_1_595' title='bbox 1686 2453 1809 2494; x_wconf 88' lang='lat' dir='ltr'>Luna,</span> <span class='ocrx_word' id='word_1_596' title='bbox 1844 2454 2001 2487; x_wconf 86' lang='lat' dir='ltr'>interdiu</span> <span class='ocrx_word' id='word_1_597' title='bbox 2027 2460 2147 2487; x_wconf 89' lang='lat' dir='ltr'>autem</span> 
     </span>
     <span class='ocr_line' id='line_1_97' title="bbox 1146 2505 2148 2546; baseline -0.003 -6"><span class='ocrx_word' id='word_1_598' title='bbox 1146 2508 1278 2542; x_wconf 83' lang='lat' dir='ltr'>Venus.</span> <span class='ocrx_word' id='word_1_599' title='bbox 1353 2506 1416 2540; x_wconf 79' lang='lat' dir='ltr'>Est</span> <span class='ocrx_word' id='word_1_600' title='bbox 1447 2512 1565 2538; x_wconf 84' lang='lat' dir='ltr'>autem</span> <span class='ocrx_word' id='word_1_601' title='bbox 1599 2505 1736 2539; x_wconf 87' lang='lat' dir='ltr'>Cancer</span> <span class='ocrx_word' id='word_1_602' title='bbox 1764 2506 1801 2538; x_wconf 85' lang='lat' dir='ltr'>in</span> <span class='ocrx_word' id='word_1_603' title='bbox 1832 2507 1965 2539; x_wconf 68' lang='lat' dir='ltr'>aestivo</span> <span class='ocrx_word' id='word_1_604' title='bbox 2001 2506 2148 2546; x_wconf 88' lang='lat' dir='ltr'>circulo,</span> 
     </span>
     <span class='ocr_line' id='line_1_98' title="bbox 1147 2554 2146 2603; baseline -0.001 -11"><span class='ocrx_word' id='word_1_605' title='bbox 1147 2560 1315 2603; x_wconf 88' lang='lat' dir='ltr'>Scorpius</span> <span class='ocrx_word' id='word_1_606' title='bbox 1347 2557 1497 2602; x_wconf 88' lang='lat' dir='ltr'>propior</span> <span class='ocrx_word' id='word_1_607' title='bbox 1526 2554 1698 2596; x_wconf 88' lang='lat' dir='ltr'>hiberno,</span> <span class='ocrx_word' id='word_1_608' title='bbox 1732 2557 1849 2591; x_wconf 89' lang='lat' dir='ltr'>Pisces</span> <span class='ocrx_word' id='word_1_609' title='bbox 1879 2557 2146 2603; x_wconf 85' lang='lat' dir='ltr'>aequinoctiali.</span> 
     </span>
     <span class='ocr_line' id='line_1_99' title="bbox 1146 2606 2147 2653; baseline -0.004 -9"><span class='ocrx_word' id='word_1_610' title='bbox 1146 2612 1196 2644; x_wconf 83' lang='lat' dir='ltr'>Ac</span> <span class='ocrx_word' id='word_1_611' title='bbox 1222 2609 1450 2644; x_wconf 88' lang='lat' dir='ltr'>constituitur</span> <span class='ocrx_word' id='word_1_612' title='bbox 1476 2606 1532 2641; x_wconf 92' lang='lat' dir='ltr'>hic</span> <span class='ocrx_word' id='word_1_613' title='bbox 1557 2609 1719 2653; x_wconf 82' lang='lat' dir='ltr'>trigonus</span> <span class='ocrx_word' id='word_1_614' title='bbox 1744 2609 1973 2642; x_wconf 89' lang='lat' dir='ltr'>occidentalis</span> <span class='ocrx_word' id='word_1_615' title='bbox 1998 2614 2147 2652; x_wconf 88' lang='lat' dir='ltr'>propter</span> 
     </span>
     <span class='ocr_line' id='line_1_100' title="bbox 1146 2660 2148 2700; baseline -0.002 -5"><span class='ocrx_word' id='word_1_616' title='bbox 1146 2662 1272 2696; x_wconf 86' lang='lat' dir='ltr'>Martis</span> <span class='ocrx_word' id='word_1_617' title='bbox 1289 2668 1321 2695; x_wconf 89' lang='lat' dir='ltr'>et</span> <span class='ocrx_word' id='word_1_618' title='bbox 1339 2660 1464 2694; x_wconf 89' lang='lat' dir='ltr'>Lunae</span> <span class='ocrx_word' id='word_1_619' title='bbox 1490 2660 1795 2700; x_wconf 86' lang='lat' dir='ltr'>dominationem,</span> <span class='ocrx_word' id='word_1_620' title='bbox 1829 2673 1868 2694; x_wconf 88' lang='lat' dir='ltr'>ac</span> <span class='ocrx_word' id='word_1_621' title='bbox 1892 2661 1929 2693; x_wconf 89' lang='lat' dir='ltr'>fit</span> <span class='ocrx_word' id='word_1_622' title='bbox 1951 2660 2081 2693; x_wconf 80' lang='lat' dir='ltr'>mixtus</span> <span class='ocrx_word' id='word_1_623' title='bbox 2105 2672 2148 2693; x_wconf 86' lang='lat' dir='ltr'>ex</span> 
     </span>
     <span class='ocr_line' id='line_1_101' title="bbox 1145 2711 1871 2756; baseline -0.004 -9"><span class='ocrx_word' id='word_1_624' title='bbox 1145 2715 1276 2747; x_wconf 75' lang='lat' dir='ltr'>Austro</span> <span class='ocrx_word' id='word_1_625' title='bbox 1294 2720 1327 2746; x_wconf 88' lang='lat' dir='ltr'>et</span> <span class='ocrx_word' id='word_1_626' title='bbox 1343 2713 1463 2745; x_wconf 85' lang='lat' dir='ltr'>Africo</span> <span class='ocrx_word' id='word_1_627' title='bbox 1476 2739 1484 2752; x_wconf 89' lang='lat'>,</span> <span class='ocrx_word' id='word_1_628' title='bbox 1517 2718 1665 2756; x_wconf 86' lang='lat' dir='ltr'>propter</span> <span class='ocrx_word' id='word_1_629' title='bbox 1681 2711 1871 2745; x_wconf 76' lang='lat' dir='ltr'>Venerem.</span> 
     </span>
    </p>
   </div>
  </div>
 </body>
</html>
