2373 2980
185 115 260 151 765

236 206 330 237 Nun.
357 200 390 234 O
404 198 556 238 aeditui,
581 203 615 230 et
632 209 775 231 ararum
792 197 960 238 ministri,

190 253 286 291 1285
309 253 390 298 Quo
408 251 495 284 abiit
511 261 572 282 rex
588 246 694 282 huius
712 255 828 283 terrae
844 247 991 283 Thoas?

235 303 424 342 Accersite,
442 301 642 346 aperientes
661 306 783 344 portas
800 301 933 341 firmas,

235 357 342 389 Extra
360 352 453 387 hanc
472 353 589 386 aulam
617 351 804 385 dominum
820 358 948 386 terrae.

237 408 333 442 Cher.
367 404 464 450 Quid
489 403 540 437 rei
566 401 642 436 est?
668 414 754 436 num
783 409 927 448 oportet
943 413 1018 436 non
1042 401 1172 436 iussam

595 453 737 487 dicere?

234 512 328 543 Nun.
352 506 495 539 Abeunt
511 505 654 538 evanidi
672 506 743 539 duo
762 505 1003 540 adolescentes

186 569 283 605 1290
308 566 466 601 Consilio
484 565 577 599 filiae
593 564 875 609 Agamemnonis

234 620 423 663 Fugientes
442 630 484 651 ex
502 615 569 650 hac
586 623 680 649 terra
693 643 702 656 ,
728 623 761 649 et
779 623 933 650 statuam

233 670 455 715 Accipientes
479 669 515 701 in
533 668 613 701 sinu
628 667 729 701 navis
748 667 918 702 Graecae.

235 724 332 758 Cher.
363 720 461 755 Dicis
483 732 558 753 rem
585 719 842 753 incredibilem.
911 719 1028 764 Quem
1053 722 1170 750 autem
1198 722 1199 731 ¹

599 771 791 804 convenire
813 771 912 815 cupis

232 824 365 867 Regem
380 849 389 863 ‚
413 822 485 855 iam
506 835 547 855 ex
562 822 696 867 templo
716 822 813 856 abiit.

185 881 282 918 1295
305 885 399 916 Nun.
425 880 533 926 Quo?
558 886 701 925 oportet
717 880 813 913 enim
837 892 918 913 eum
945 879 1054 918 scire,
1081 888 1173 924 quae

589 938 665 964 acta
685 938 779 965 sunt.

234 987 332 1020 (thor.
356 983 560 1023 Nescimus,
586 983 645 1015 abi
661 989 695 1015 et
711 994 842 1028 quaere
863 994 958 1021 eum,

230 1036 298 1076 Ut,
325 1047 403 1068 cum
421 1047 501 1068 eum
519 1040 642 1067 nactus
660 1033 770 1067 fueris
782 1060 790 1073 ‚
817 1033 959 1066 nunties
976 1030 1009 1064 ei
1023 1030 1103 1064 ista.

230 1089 325 1121 Nun.
357 1085 482 1119 Videte
495 1113 504 1126 ‚
537 1098 643 1131 quam
675 1085 907 1129 perfidiosum
934 1081 1032 1127 sitm)
1064 1092 1173 1125 genus

589 1135 779 1170 muliebre!

232 1189 276 1222 Et
296 1201 358 1222 vos
377 1188 458 1222 estis
475 1189 589 1222 sociae
606 1186 712 1221 huius
728 1186 825 1220 facti.

183 1250 281 1283 1300
308 1250 406 1283 Cleor.
431 1248 525 1282 Num
543 1247 702 1282 insanis?
737 1247 832 1292 Quid
849 1244 952 1278 nobis
969 1242 1104 1287 negotii
1123 1247 1174 1275 est

596 1312 675 1333 cum
693 1300 774 1342 suga
793 1294 1002 1341 hospitum?

232 1354 326 1386 IVun.
350 1350 433 1386 Non
447 1351 547 1384 vadis
565 1352 609 1384 ad
624 1356 766 1396 portam
781 1350 873 1394 regis
891 1344 1098 1381 celerrime?

235 1404 332 1437 Cher.
355 1403 450 1443 Non,
467 1403 677 1449 priusquam
694 1402 870 1446 interpres
888 1398 1017 1445 aliquis
1033 1396 1173 1437 dixerit,

763 110 886 146 PHIL.
922 110 1037 147 MEL.
1068 107 1270 145 SCRIPTA
1302 109 1642 147 PHlLOLOGICA.

233 1455 289 1487 An
310 1455 404 1488 intus
421 1455 465 1488 sit
482 1467 561 1494 rex,
589 1455 645 1487 vel
658 1466 732 1487 non
742 1453 800 1499 82).

232 1508 327 1540 Nun.
361 1505 457 1540 Heus
481 1505 616 1550 aperite
648 1512 789 1550 portam
802 1531 812 1545 ,
845 1503 947 1537 vobis
979 1501 1079 1541 dico,
1112 1498 1172 1545 qui

593 1557 689 1591 intus
706 1556 799 1596 estis,

287 1702 381 1724 Aurea
403 1698 514 1728 cupiens
531 1697 632 1727 templa
650 1697 814 1722 inhabitare.

287 1735 436 1763 Postquam
454 1738 521 1755 vero
541 1732 634 1755 annuit
652 1732 750 1762 capite,

285 1768 413 1792 Abolevit
433 1769 568 1790 nocturna
581 1766 696 1790 somnia.

287 1803 322 1826 Et
341 1802 477 1825 obliviosa

287 1838 427 1860 Nocturna
445 1836 506 1858 visa
523 1835 638 1858 abstulit
656 1834 819 1858 hominibus.

288 1872 323 1894 Et
341 1871 460 1894 honores
479 1870 577 1892 iterum
597 1869 669 1892 dedit
688 1868 817 1898 Apollini.

286 1904 436 1934 Frequenti
455 1910 523 1927 vero
539 1903 643 1926 celebri
1198 1922 1199 1929 ,

289 1939 319 1963 ln
340 1940 455 1965 throno.
477 1938 669 1961 confidentiam
689 1937 738 1961 das
755 1936 905 1961 hominibus
1198 1936 1200 1961 i,

287 1974 468 1999 oraculorum
485 1972 660 1996 carminibus.

220 2025 268 2055 8¹)
287 2025 338 2053 sit]
358 2025 396 2048 sic
416 2023 499 2047 Editt.
519 2024 639 2052 recent.3
657 2023 706 2046 Ed.
724 2023 798 2047 1562.
818 2024 868 2046 est.

219 2076 267 2107 82)
288 2076 365 2100 Nun.
387 2076 408 2099 0
428 2075 528 2098 aeditui
547 2087 581 2091 —
599 2074 644 2096 vel
664 2080 726 2098 non.
748 2073 803 2104 (vs.
820 2073 1044 2105 1284—1303.)]
1065 2074 1106 2098 sic
1124 2075 1174 2100 Ed.
1199 2083 1200 2094 i

255 2111 348 2139 1562.;
368 2110 416 2134 Ed.
437 2110 530 2133 1558:
1199 2105 1201 2122 i

288 2145 367 2169 Nun.
390 2144 412 2168 O
431 2143 560 2166 custodes
579 2142 689 2171 templi,
709 2144 736 2165 et
755 2147 821 2165 arae
840 2143 983 2174 praefecti,

255 2196 259 2200 .
289 2180 379 2203 'I'hoas
399 2185 449 2202 rex
467 2179 559 2201 terrae
578 2177 657 2200 huius
677 2182 729 2206 quo
748 2175 836 2201 abiit'.2

289 2215 415 2243 vocate,
433 2212 538 2242 apertis
557 2213 627 2235 hene
645 2211 763 2234 clavatis
781 2212 880 2242 portis,

287 2248 377 2272 Foras
396 2253 489 2277 regem
509 2248 609 2270 terrae.

291 2282 375 2306 chor.
396 2282 529 2311 Quidnam
550 2277 614 2304 est?
634 2279 734 2303 licetne
752 2286 794 2303 me
813 2280 946 2304 iniussam
964 2279 1058 2312 loqui?

289 2316 368 2340 Nun.
388 2316 520 2339 Abiernnt
540 2315 647 2338 evanidi
666 2314 767 2345 gemini
786 2315 909 2346 iuvenes,

288 2350 519 2381 Agamemnoniae
539 2350 611 2373 filiae
631 2355 663 2372 ex
684 2349 809 2372 consiliis

290 2385 442 2415 Fugientes
462 2391 494 2407 ex
513 2385 589 2407 terra
608 2384 674 2411 hac,
695 2385 721 2406 et
738 2384 923 2407 venerandum
941 2384 1134 2408 simulachrum

289 2419 368 2442 Nacti
385 2419 412 2441 in
431 2419 546 2441 sinubus
566 2417 752 2442 Graecanicae
771 2419 860 2442 navis.

292 2453 378 2477 Cher.
405 2453 594 2476 Incredibilem
618 2452 710 2475 dixisti
736 2459 900 2478 sermonem.

598 2487 662 2510 dere
679 2487 756 2516 cupis

290 2521 393 2551 Regem
411 2521 490 2544 huius
510 2521 633 2549 regionis
643 2537 651 2548 ,
671 2521 741 2544 abiit
754 2528 787 2545 ex
801 2522 901 2552 templo
916 2522 1046 2553 impetum
1059 2522 1173 2549 faciens.

290 2555 369 2581 Nun.
402 2553 547 2585 Quonam?
578 2556 687 2585 oportet
711 2555 783 2580 euim
813 2557 902 2587 ipsum
926 2557 1000 2581 scire
1025 2562 1074 2587 ea,
1106 2564 1175 2588 quae

596 2589 725 2621 aguntur.

290 2624 374 2648 (mor.
393 2625 551 2653 Sese-imum
571 2628 619 2648 sed
639 2627 698 2651 abi,
718 2626 745 2648 et
763 2630 933 2655 consequere
951 2626 1048 2657 ipsum.

291 2659 340 2681 Ubi
359 2659 487 2687 adeptus,
508 2660 589 2681 hosce
608 2660 717 2682 nunties
737 2665 890 2685 sermones.

939 2454 1024 2483 Quem
1043 2460 1109 2478 vero
1131 2454 1172 2477 vi-

288 2692 366 2716 Νιιη.
394 2693 537 2720 ,.Videte,
556 2695 585 2716 ut
603 2694 734 2722 perfidum
752 2695 884 2718 muliebre
903 2701 1007 2726 genus;

288 2727 323 2750 Et
341 2727 375 2750 ad
395 2732 446 2750 vos
466 2727 586 2756 pertinet
603 2733 695 2751 rerum
714 2728 849 2752 factarum
868 2735 942 2760 pare.

2141 114 2217 151 764

1230 197 1326 233 1305
1350 199 1397 233 Et
1405 198 1451 246 ⁸³)
1469 197 1545 242 regi
1561 196 1686 237 dicite,
1711 199 1808 243 quod
1824 198 1862 232 in
1876 204 1983 243 porta

1275 250 1397 285 Adsim
1411 277 1421 290 ,
1441 249 1611 283 nuntians
1630 260 1808 282 novorum
1825 251 1966 295 pondus
1983 250 2175 284 malorum.

1282 304 1362 337 Tho.
1386 301 1475 346 Quis
1492 300 1582 334 circa
1600 307 1731 334 tectum
1748 300 1846 335 Deae
1864 301 1992 335 excitat
2007 302 2216 343 clamorem,

1279 353 1492 387 Concutiens
1509 358 1651 396 portam
1662 379 1671 392 ,
1691 358 1725 385 et
1740 359 1914 386 terrorem
1932 353 2075 387 mittens
2091 353 2187 387 intro
2199 352 2216 386 ἓ

1276 407 1371 439 Nun.
1411 403 1486 437 Hae
1511 404 1680 437 mentitae
1705 411 1810 445 sunt,
1848 411 1889 438 ut
1912 404 2096 449 abigerent
2114 417 2171 438 me
2194 417 2214 437 a

1641 455 1764 496 domo,

1231 515 1326 549 1310
1349 514 1460 560 Quasi
1477 521 1573 548 extra
1593 527 1682 549 esses
1696 542 1706 555 ,
1731 528 1809 549 cum
1828 515 1874 549 sis
1891 515 1998 550 intus.

1281 568 1361 600 Tho.
1386 565 1483 611 Quid
1499 566 1588 600 lucri
1603 573 1773 600 venantes
1790 579 1831 600 ex
1849 579 1887 600 ea
1906 565 1969 600 re?

1277 620 1371 652 Nun.
1407 617 1535 651 Postea
1560 618 1698 658 dicam,
1738 630 1830 664 quae
1854 618 1899 651 ad
1923 616 1987 651 has
2018 617 2216 662 pertinent;

1642 669 1843 713 praesentia

1275 719 1382 753 Audi.
1434 720 1578 760 Puella,
1603 732 1694 765 quae
1712 718 1770 753 hic

1275 770 1430 803 Servivit
1446 770 1543 804 Deae
1554 798 1562 811 ‚
1587 769 1770 815 Iphigenia
1783 798 1792 812 ‚
1818 777 1914 804 extra
1933 769 2027 804 hanc
2041 777 2176 804 terram

1229 828 1326 864 1315
1351 830 1440 863 Cum
1458 828 1659 875 hospitibus
1675 831 1782 871 abiit,
1807 837 1960 865 statuam
1978 830 2076 864 Deae

1274 881 1407 915 Ferens
1426 894 1557 921 secum,
1575 882 1755 916 simulavit
1771 888 1909 916 tantum
1919 882 2216 927 purificationem.

1279 934 1361 967 Tho.
1399 933 1496 978 Quid
1523 933 1600 968 ais?
1638 934 1717 980 quis
1746 934 1851 968 flatus
1881 934 2108 968 calamitosus
2136 945 2216 967 eam

1641 985 1808 1029 impulit?

1277 1036 1372 1068 Nun.
1398 1035 1447 1068 Ut
1464 1043 1623 1070 servaret
1640 1037 1813 1076 Oresten;
1837 1036 1905 1071 hoc
1923 1044 1960 1071 tu
1976 1035 2186 1070 miraberis.'

1280 1087 1361 1119 Tho.
1385 1086 1528 1131 Quem?
1580 1088 1674 1123 Num
1692 1089 1793 1122 illum
1811 1089 2029 1135 Tyndaridis
2045 1085 2183 1121 filiurn?

1230 1145 1326 1180 1320
1352 1148 1444 1179 Nun.
1468 1145 1570 1180 Illum
1583 1175 1592 1188 ,
1617 1161 1721 1194 quem
1740 1149 1937 1182 destinarat
1951 1148 2048 1182 Deae
2067 1148 2112 1181 ad
2125 1145 2219 1180 hanc

1645 1212 1757 1234 aram.

1282 1248 1362 1281 Tho.
1400 1247 1630 1290 Portentum3
1670 1264 1741 1297 quo
1774 1251 1868 1284 enim
1902 1251 1973 1284 alio
2005 1257 2038 1284 te
2071 1250 2218 1284 nomine

1638 1302 1874 1347 compellem?

1307 1352 1371 1384 'um
1398 1350 1480 1385 Non
1497 1352 1542 1387 sis
1560 1353 1637 1387 aliis
1655 1354 1829 1392 intentus;
1856 1352 1944 1399 quin
1961 1353 2057 1393 audi,

1276 1399 1322 1433 Et
1337 1402 1429 1435 clare
1449 1405 1677 1438 considerans
1695 1412 1728 1438 et
1745 1406 1892 1439 audiens
1909 1404 2037 1447 cogita,

1279 1452 1350 1496 Qui
1370 1455 1541 1489 exercitus
1560 1455 1749 1502 insequens
1768 1463 1918 1489 venetur
1937 1467 2008 1489 eos.

1229 1509 1326 1545 1325
1370 1513 1451 1547 Tho.
1480 1513 1566 1553 Dic;
1599 1522 1692 1548 recte
1716 1528 1857 1554 mones;
1896 1525 1971 1546 non
1997 1513 2091 1546 enim
2115 1511 2217 1544 brevi

1634 1566 1761 1600 itinere

1275 1612 1453 1657 Fugiunt,
1477 1622 1517 1649 ut
1535 1617 1673 1661 possint
1689 1618 1842 1662 effugere
1861 1629 1979 1650 meam
1995 1614 2135 1649 hastam
2145 1613 2205 1660 ⁸⁴).

1330 1767 1414 1790 Cher.
1434 1767 1552 1790 Insanis.
1591 1766 1660 1796 Quid
1679 1765 1757 1790 nobis
1774 1766 1911 1796 hospitum
1931 1773 1988 1790 cum
2008 1766 2074 1796 fuga
2091 1766 2132 1790 rei
2152 1763 2217 1790 est?

1329 1800 1408 1824 Nun.
1431 1801 1499 1830 Quin
1519 1801 1599 1824 vadis
1619 1801 1787 1824 dominorum
1809 1802 1843 1824 ad
1866 1803 1961 1830 portas
1981 1806 2060 1830 quani
2080 1798 2217 1830 primum?

1330 1836 1415 1859 Chor.
1435 1836 1509 1865 Non,
1531 1838 1676 1865 antequam
1696 1836 1794 1858 dixerit
1815 1837 1925 1858 verbum
1946 1835 2083 1864 interpres
2103 1836 2164 1866 hoc,

1331 1869 1396 1892 Sive
1416 1870 1505 1895 intus.
1525 1870 1586 1893 sive
1605 1875 1659 1892 non
1679 1870 1752 1893 intus
1771 1870 1807 1892 sit
1826 1870 1879 1892 dux
1898 1871 2003 1893 terrae.

1259 1920 1316 1978 83ἒΕΣ
1326 1919 1373 1952 Et]
1393 1921 1433 1944 sic
1456 1920 1502 1952 (=
1515 1921 1582 1945 text.
1598 1919 1655 1951 gr.)
1675 1920 1759 1944 Editt.
1783 1921 1857 1944 1553.
1878 1923 1905 1944 et
1925 1921 2056 1949 recentt.;
2077 1920 2125 1945 Ed.
2139 1921 2215 1944 1562.

1320 1961 1364 1985 go.

1259 2005 1307 2038 84)
1328 2006 1406 2031 Nun.
1427 2007 1501 2030 Heus
1514 2021 1546 2025 —
1560 2006 1677 2030 hastam.
1697 2006 1753 2037 (VS.
1773 2004 1978 2037 ¹304-1326.)]
1999 2005 2039 2028 sic
2057 2005 2106 2029 Ed.
2124 2006 2216 2035 1562.;

1297 2041 1346 2064 Ed.
1369 2041 1461 2065 1558:

1330 2075 1409 2099 Nun.
1431 2076 1496 2098 Hem
1516 2075 1622 2104 aperite
1636 2076 1772 2099 claustra:
1792 2073 1867 2098 illis.
1887 2073 1931 2103 qui
1951 2074 2024 2098 intus
2045 2075 2125 2104 sunt,
2145 2074 2215 2103 dico,

1332 2111 1367 2133 Et
1387 2109 1494 2133 domino
1513 2110 1647 2134 indicate.
1667 2109 1736 2139 quod
1757 2114 1822 2138 prae
1842 2109 1946 2131 foribus

1333 2144 1447 2171 Adsim,
1468 2150 1601 2167 novorum
1621 2145 1725 2167 fascem
1747 2143 1913 2166 annuntians
1933 2142 2076 2165 malorum.

1332 2179 1400 2203 Tho.
1420 2179 1486 2207 Quis
1507 2179 1541 2201 ad
1561 2179 1688 2207 templum
1708 2178 1781 2201 Deae
1800 2177 1850 2200 hoc
1869 2176 1970 2200 excitat
1989 2177 2146 2206 clamorem,

1331 2213 1431 2236 Portas
1452 2213 1580 2242 pulsans,
1600 2214 1626 2236 et
1646 2213 1744 2235 metum
1763 2211 1903 2234 concitans
1923 2206 2018 2233 intus?

1331 2246 1408 2270 Nun.
1429 2246 1512 2269 Falso
1533 2247 1659 2270 dixerunt
1678 2247 1742 2270 hae.
1761 2247 1789 2268 et
1808 2251 1849 2267 me
1867 2246 2020 2275 abegerunt
2039 2251 2054 2267 e
2074 2245 2162 2274 domo,

1332 2281 1410 2310 Quod
1430 2282 1508 2304 extra
1527 2281 1584 2311 sis;
1604 2283 1632 2304 tu
1651 2286 1718 2303 vero
1737 2279 1809 2302 domi
1829 2279 1920 2308 utique
1943 2285 2013 2302 eras.

1332 2315 1398 2339 Tho.
1420 2315 1496 2343 Quod
1516 2316 1694 2344 expectantes
1715 2314 1817 2336 lucrum
1836 2316 1883 2336 aut
1902 2309 2067 2343 captantes?

1330 2349 1408 2373 Nun.
1428 2349 1457 2371 ln
1478 2350 1616 2378 posterum
1635 2350 1729 2371 harum
1748 2349 1859 2377 peccata
1877 2348 2017 2377 indicab03
2037 2353 2106 2377 quae
2124 2354 2191 2372 vero

1330 2383 1491 2407 Praesentia
1509 2384 1589 2410 sunt,
1607 2383 1679 2406 audi.
1714 2383 1787 2405 Haec
1806 2382 1912 2411 puella,
1932 2387 2001 2412 quae
2018 2381 2060 2405 hic

1330 2417 1396 2441 Aris
1415 2417 1550 2447 praefuit,
1569 2417 1724 2447 Iphigenia,
1745 2418 1824 2439 extra
1844 2418 1946 2440 terram

1332 2453 1398 2476 Cum
1419 2452 1571 2481 hospitibus
1591 2452 1670 2481 abiit,
1694 2451 1877 2474 venerandum
1897 2451 1970 2474 Deae

1330 2486 1532 2510 §imulachrum
1555 2487 1675 2514 habens;
1705 2485 1897 2508 fraudulentae
1921 2490 1988 2508 vero
2016 2485 2096 2508 erant
2120 2484 2214 2516 expia-

1641 2520 1740 2543 tiones.
2046 2520 2054 2529 ⁸

1332 2555 1398 2580 Tho.
1420 2554 1487 2584 Quid
1506 2551 1569 2578 ais?
1588 2561 1665 2584 quam
1685 2560 1780 2578 auram
1798 2561 1879 2579 casus
1899 2550 2022 2577 habens?

1329 2589 1410 2614 Nun.
1430 2590 1552 2613 Servans
1573 2590 1715 2617 orestem
1735 2590 1784 2613 hoc
1802 2589 1872 2613 enim
1891 2591 1919 2611 tu
1938 2587 2126 2612 admiraberis.

1331 2625 1401 2649 Tho.
1421 2621 1589 2653 Quemnam?
1609 2631 1670 2647 num
1690 2631 1767 2654 quem
1786 2623 1924 2653 Tyndaris
1943 2623 2048 2652 peperit
2066 2618 2178 2652 puella?

1332 2658 1408 2683 Nun.
1430 2659 1512 2687 Quem
1533 2659 1607 2681 hisce
1626 2658 1684 2682 aris
1705 2659 1778 2681 Deae
1795 2657 1978 2681 consecravit.

1331 2693 1398 2717 ΤΙιο.
1419 2694 1440 2717 0
1457 2693 1570 2718 mirum.
1590 2693 1722 2723 quomodo
1741 2694 1768 2715 te
1787 2693 1874 2715 maius
1892 2692 2035 2715 nominare
2054 2688 2186 2721 possum?

1331 2727 1409 2752 Nun.
1428 2728 1467 2750 Ne
1485 2728 1535 2750 huc
1554 2729 1647 2750 vertas
1667 2730 1739 2750 tuum
1759 2727 1892 2755 animumj.
1912 2726 1961 2749 scd
1979 2726 2043 2749 audi
2060 2732 2110 2749 me.
