<?xml version="1.0" encoding="UTF-8"?>
<!DOCTYPE html PUBLIC "-//W3C//DTD XHTML 1.0 Transitional//EN"
    "http://www.w3.org/TR/xhtml1/DTD/xhtml1-transitional.dtd">
<html xmlns="http://www.w3.org/1999/xhtml" xml:lang="en" lang="en">
 <head>
  <title>
</title>
<meta http-equiv="Content-Type" content="text/html;charset=utf-8" />
  <meta name='ocr-system' content='tesseract 3.04.00' />
  <meta name='ocr-capabilities' content='ocr_page ocr_carea ocr_par ocr_line ocrx_word'/>
</head>
<body>
  <div class='ocr_page' id='page_1' title='image "./operaquaesupersu18melauoft/operaquaesupersu18melauoft_0488.png"; bbox 0 0 2373 2980; ppageno 0'>
   <div class='ocr_carea' id='block_1_1' title="bbox 215 104 284 138">
    <p class='ocr_par' dir='ltr' id='par_1_1' title="bbox 215 104 284 138">
     <span class='ocr_line' id='line_1_1' title="bbox 215 104 284 138; baseline 0 0"><span class='ocrx_word' id='word_1_1' title='bbox 215 104 284 138; x_wconf 79' lang='lat'><strong>951</strong></span> 
     </span>
    </p>
   </div>
   <div class='ocr_carea' id='block_1_2' title="bbox 216 190 1234 1815">
    <p class='ocr_par' dir='ltr' id='par_1_2' title="bbox 216 190 1234 1815">
     <span class='ocr_line' id='line_1_2' title="bbox 216 190 934 234; baseline 0.001 -10"><span class='ocrx_word' id='word_1_2' title='bbox 216 191 290 224; x_wconf 69' lang='lat'><strong>430</strong></span> <span class='ocrx_word' id='word_1_3' title='bbox 317 190 458 223; x_wconf 78' lang='lat' dir='ltr'><strong>Priores</strong></span> <span class='ocrx_word' id='word_1_4' title='bbox 475 202 569 223; x_wconf 84' lang='lat' dir='ltr'><strong>meas</strong></span> <span class='ocrx_word' id='word_1_5' title='bbox 586 190 787 234; x_wconf 84' lang='lat' dir='ltr'><strong>splendidas</strong></span> <span class='ocrx_word' id='word_1_6' title='bbox 805 198 934 232; x_wconf 79' lang='lat' dir='ltr'><strong>vestes,</strong></span> 
     </span>
     <span class='ocr_line' id='line_1_3' title="bbox 268 240 979 287; baseline 0.004 -13"><span class='ocrx_word' id='word_1_7' title='bbox 268 240 307 274; x_wconf 83' lang='lat' dir='ltr'><strong>Et</strong></span> <span class='ocrx_word' id='word_1_8' title='bbox 326 242 473 275; x_wconf 83' lang='lat' dir='ltr'><strong>delicata</strong></span> <span class='ocrx_word' id='word_1_9' title='bbox 493 247 701 274; x_wconf 82' lang='lat' dir='ltr'><strong>ornamenta</strong></span> <span class='ocrx_word' id='word_1_10' title='bbox 727 253 824 276; x_wconf 91' lang='lat' dir='ltr'><strong>mare</strong></span> <span class='ocrx_word' id='word_1_11' title='bbox 850 243 979 287; x_wconf 80' lang='lat' dir='ltr'><strong>rapuit.</strong></span> 
     </span>
     <span class='ocr_line' id='line_1_4' title="bbox 619 293 868 328; baseline 0.016 -4"><span class='ocrx_word' id='word_1_12' title='bbox 619 293 711 325; x_wconf 89' lang='lat' dir='ltr'><strong>antri</strong></span> <span class='ocrx_word' id='word_1_13' title='bbox 732 304 868 328; x_wconf 86' lang='lat' dir='ltr'><strong>recessu</strong></span> 
     </span>
     <span class='ocr_line' id='line_1_5' title="bbox 266 342 1201 388; baseline 0.004 -13"><span class='ocrx_word' id='word_1_14' title='bbox 266 342 454 376; x_wconf 89' lang='lat' dir='ltr'><strong>Occultans</strong></span> <span class='ocrx_word' id='word_1_15' title='bbox 479 343 681 383; x_wconf 88' lang='lat' dir='ltr'><strong>mulierem,</strong></span> <span class='ocrx_word' id='word_1_16' title='bbox 722 356 812 388; x_wconf 84' lang='lat' dir='ltr'><strong>quae</strong></span> <span class='ocrx_word' id='word_1_17' title='bbox 839 342 927 377; x_wconf 85' lang='lat' dir='ltr'><strong>mihi</strong></span> <span class='ocrx_word' id='word_1_18' title='bbox 961 345 1121 379; x_wconf 90' lang='lat' dir='ltr'><strong>omnium</strong></span> <span class='ocrx_word' id='word_1_19' title='bbox 1153 347 1201 379; x_wconf 86' lang='lat' dir='ltr'><strong>la-</strong></span> 
     </span>
     <span class='ocr_line' id='line_1_6' title="bbox 624 395 752 427; baseline 0 0"><span class='ocrx_word' id='word_1_20' title='bbox 624 395 752 427; x_wconf 90' lang='lat' dir='ltr'><strong>borum</strong></span> 
     </span>
     <span class='ocr_line' id='line_1_7' title="bbox 267 444 773 490; baseline 0.006 -15"><span class='ocrx_word' id='word_1_21' title='bbox 267 444 379 476; x_wconf 86' lang='lat' dir='ltr'><strong>Causa</strong></span> <span class='ocrx_word' id='word_1_22' title='bbox 397 450 465 482; x_wconf 86' lang='lat' dir='ltr'><strong>est,</strong></span> <span class='ocrx_word' id='word_1_23' title='bbox 494 444 598 477; x_wconf 65' lang='lat' dir='ltr'><strong>venio</strong></span> <span class='ocrx_word' id='word_1_24' title='bbox 617 445 773 490; x_wconf 88' lang='lat' dir='ltr'><strong>reliquos</strong></span> 
     </span>
     <span class='ocr_line' id='line_1_8' title="bbox 267 494 889 537; baseline 0.01 -12"><span class='ocrx_word' id='word_1_25' title='bbox 267 494 387 527; x_wconf 79' lang='lat' dir='ltr'><strong>Socios</strong></span> <span class='ocrx_word' id='word_1_26' title='bbox 406 506 531 537; x_wconf 79' lang='lat' dir='ltr'><strong>cogens</strong></span> <span class='ocrx_word' id='word_1_27' title='bbox 548 508 687 528; x_wconf 76' lang='lat' dir='ltr'><strong>servare</strong></span> <span class='ocrx_word' id='word_1_28' title='bbox 707 496 889 531; x_wconf 79' lang='lat' dir='ltr'><strong>Helenam.</strong></span> 
     </span>
     <span class='ocr_line' id='line_1_9' title="bbox 217 544 1200 595; baseline 0.003 -18"><span class='ocrx_word' id='word_1_29' title='bbox 217 544 288 577; x_wconf 64' lang='lat'><strong>455</strong></span> <span class='ocrx_word' id='word_1_30' title='bbox 317 545 419 578; x_wconf 85' lang='lat' dir='ltr'><strong>Solus</strong></span> <span class='ocrx_word' id='word_1_31' title='bbox 440 545 567 578; x_wconf 90' lang='lat' dir='ltr'><strong>oberro</strong></span> <span class='ocrx_word' id='word_1_32' title='bbox 581 573 589 586; x_wconf 93' lang='lat'>‚</span> <span class='ocrx_word' id='word_1_33' title='bbox 617 559 790 591; x_wconf 88' lang='lat' dir='ltr'><strong>quaereus</strong></span> <span class='ocrx_word' id='word_1_34' title='bbox 807 549 909 583; x_wconf 90' lang='lat' dir='ltr'><strong>sociis</strong></span> <span class='ocrx_word' id='word_1_35' title='bbox 927 550 1025 592; x_wconf 75' lang='lat' dir='ltr'><strong>meis,</strong></span> <span class='ocrx_word' id='word_1_36' title='bbox 1054 550 1113 595; x_wconf 88' lang='lat' dir='ltr'><strong>qui</strong></span> <span class='ocrx_word' id='word_1_37' title='bbox 1132 549 1200 581; x_wconf 90' lang='lat' dir='ltr'><strong>illic</strong></span> 
     </span>
     <span class='ocr_line' id='line_1_10' title="bbox 623 604 724 638; baseline 0.01 -8"><span class='ocrx_word' id='word_1_38' title='bbox 623 604 724 638; x_wconf 89' lang='lat' dir='ltr'><strong>sunt,</strong></span> 
     </span>
     <span class='ocr_line' id='line_1_11' title="bbox 266 646 973 694; baseline 0.007 -16"><span class='ocrx_word' id='word_1_39' title='bbox 266 646 404 680; x_wconf 62' lang='lat' dir='ltr'><strong>Victum</strong></span> <span class='ocrx_word' id='word_1_40' title='bbox 416 673 424 686; x_wconf 90' lang='lat'><strong>,</strong></span> <span class='ocrx_word' id='word_1_41' title='bbox 452 647 562 680; x_wconf 82' lang='lat' dir='ltr'>sicubi</span> <span class='ocrx_word' id='word_1_42' title='bbox 582 648 765 683; x_wconf 84' lang='lat' dir='ltr'><strong>inveniens</strong></span> <span class='ocrx_word' id='word_1_43' title='bbox 783 650 973 694; x_wconf 90' lang='lat' dir='ltr'><strong>accipiam;</strong></span> 
     </span>
     <span class='ocr_line' id='line_1_12' title="bbox 270 696 1078 746; baseline 0.01 -18"><span class='ocrx_word' id='word_1_44' title='bbox 270 697 309 729; x_wconf 71' lang='lat' dir='ltr'><strong>Et</strong></span> <span class='ocrx_word' id='word_1_45' title='bbox 329 697 449 732; x_wconf 69' lang='lat' dir='ltr'><strong>videns</strong></span> <span class='ocrx_word' id='word_1_46' title='bbox 468 696 558 732; x_wconf 77' lang='lat' dir='ltr'><strong>lianc</strong></span> <span class='ocrx_word' id='word_1_47' title='bbox 576 700 721 733; x_wconf 87' lang='lat' dir='ltr'><strong>domum</strong></span> <span class='ocrx_word' id='word_1_48' title='bbox 740 708 901 734; x_wconf 85' lang='lat' dir='ltr'><strong>ornatam</strong></span> <span class='ocrx_word' id='word_1_49' title='bbox 919 702 1058 746; x_wconf 82' lang='lat' dir='ltr'><strong>fastigio</strong></span> <span class='ocrx_word' id='word_1_50' title='bbox 1070 732 1078 743; x_wconf 75' lang='lat'><strong>,</strong></span> 
     </span>
     <span class='ocr_line' id='line_1_13' title="bbox 267 746 1027 793; baseline 0.007 -13"><span class='ocrx_word' id='word_1_51' title='bbox 267 747 309 780; x_wconf 83' lang='lat' dir='ltr'><strong>Et</strong></span> <span class='ocrx_word' id='word_1_52' title='bbox 326 746 490 791; x_wconf 87' lang='lat' dir='ltr'><strong>pulchras</strong></span> <span class='ocrx_word' id='word_1_53' title='bbox 508 756 628 793; x_wconf 90' lang='lat' dir='ltr'><strong>portas</strong></span> <span class='ocrx_word' id='word_1_54' title='bbox 645 751 762 787; x_wconf 70' lang='lat' dir='ltr'><strong>divitis</strong></span> <span class='ocrx_word' id='word_1_55' title='bbox 779 751 924 785; x_wconf 89' lang='lat' dir='ltr'><strong>alicuius</strong></span> <span class='ocrx_word' id='word_1_56' title='bbox 941 753 1007 785; x_wconf 76' lang='lat' dir='ltr'><strong>viri</strong></span> <span class='ocrx_word' id='word_1_57' title='bbox 1019 780 1027 793; x_wconf 92' lang='lat'>‚</span> 
     </span>
     <span class='ocr_line' id='line_1_14' title="bbox 264 799 1034 845; baseline 0.008 -14"><span class='ocrx_word' id='word_1_58' title='bbox 264 799 415 833; x_wconf 80' lang='lat' dir='ltr'><strong>Accessi.</strong></span> <span class='ocrx_word' id='word_1_59' title='bbox 467 800 553 844; x_wconf 88' lang='lat' dir='ltr'>Spes</span> <span class='ocrx_word' id='word_1_60' title='bbox 571 807 621 834; x_wconf 91' lang='lat' dir='ltr'><strong>est</strong></span> <span class='ocrx_word' id='word_1_61' title='bbox 638 813 678 834; x_wconf 79' lang='lat' dir='ltr'><strong>ex</strong></span> <span class='ocrx_word' id='word_1_62' title='bbox 697 802 872 845; x_wconf 88' lang='lat' dir='ltr'><strong>opulentis</strong></span> <span class='ocrx_word' id='word_1_63' title='bbox 891 803 1034 838; x_wconf 87' lang='lat' dir='ltr'><strong>aedibus</strong></span> 
     </span>
     <span class='ocr_line' id='line_1_15' title="bbox 217 847 1201 901; baseline 0.01 -20"><span class='ocrx_word' id='word_1_64' title='bbox 217 847 290 882; x_wconf 83' lang='lat'><strong>440</strong></span> <span class='ocrx_word' id='word_1_65' title='bbox 309 851 477 894; x_wconf 76' lang='lat' dir='ltr'>Accipere</span> <span class='ocrx_word' id='word_1_66' title='bbox 494 851 628 896; x_wconf 89' lang='lat' dir='ltr'><strong>aliquid</strong></span> <span class='ocrx_word' id='word_1_67' title='bbox 647 852 732 885; x_wconf 87' lang='lat' dir='ltr'><strong>meis</strong></span> <span class='ocrx_word' id='word_1_68' title='bbox 750 854 877 886; x_wconf 79' lang='lat' dir='ltr'><strong>nautis.</strong></span> <span class='ocrx_word' id='word_1_69' title='bbox 910 854 1000 887; x_wconf 63' lang='lat' dir='ltr'><strong>Nam</strong></span> <span class='ocrx_word' id='word_1_70' title='bbox 1017 868 1201 901; x_wconf 74' lang='lat' dir='ltr'>pauperes,</span> 
     </span>
     <span class='ocr_line' id='line_1_16' title="bbox 266 899 984 947; baseline 0.006 -14"><span class='ocrx_word' id='word_1_71' title='bbox 266 899 318 933; x_wconf 83' lang='lat' dir='ltr'><strong>Ne</strong></span> <span class='ocrx_word' id='word_1_72' title='bbox 336 901 477 946; x_wconf 89' lang='lat' dir='ltr'><strong>quidem</strong></span> <span class='ocrx_word' id='word_1_73' title='bbox 494 902 522 935; x_wconf 92' lang='lat' dir='ltr'><strong>si</strong></span> <span class='ocrx_word' id='word_1_74' title='bbox 540 902 649 935; x_wconf 74' lang='lat' dir='ltr'><strong>velint</strong></span> <span class='ocrx_word' id='word_1_75' title='bbox 665 902 805 942; x_wconf 82' lang='lat' dir='ltr'><strong>iuvare,</strong></span> <span class='ocrx_word' id='word_1_76' title='bbox 831 911 984 947; x_wconf 86' lang='lat' dir='ltr'><strong>possent.</strong></span> 
     </span>
     <span class='ocr_line' id='line_1_17' title="bbox 268 952 1004 996; baseline 0.005 -12"><span class='ocrx_word' id='word_1_77' title='bbox 268 953 363 985; x_wconf 75' lang='lat' dir='ltr'><strong>Char.</strong></span> <span class='ocrx_word' id='word_1_78' title='bbox 392 952 480 996; x_wconf 89' lang='lat' dir='ltr'><strong>Quis</strong></span> <span class='ocrx_word' id='word_1_79' title='bbox 498 952 629 985; x_wconf 87' lang='lat' dir='ltr'><strong>ianitor</strong></span> <span class='ocrx_word' id='word_1_80' title='bbox 648 953 765 985; x_wconf 73' lang='lat' dir='ltr'><strong>veniet</strong></span> <span class='ocrx_word' id='word_1_81' title='bbox 781 965 822 986; x_wconf 84' lang='lat' dir='ltr'><strong>ex</strong></span> <span class='ocrx_word' id='word_1_82' title='bbox 839 955 984 988; x_wconf 87' lang='lat' dir='ltr'><strong>aedibus</strong></span> <span class='ocrx_word' id='word_1_83' title='bbox 996 982 1004 994; x_wconf 87' lang='lat'><strong>,</strong></span> 
     </span>
     <span class='ocr_line' id='line_1_18' title="bbox 267 1002 820 1045; baseline 0.004 -11"><span class='ocrx_word' id='word_1_84' title='bbox 267 1002 336 1045; x_wconf 90' lang='lat' dir='ltr'><strong>Qui</strong></span> <span class='ocrx_word' id='word_1_85' title='bbox 354 1009 475 1035; x_wconf 88' lang='lat' dir='ltr'><strong>narret</strong></span> <span class='ocrx_word' id='word_1_86' title='bbox 495 1015 572 1035; x_wconf 86' lang='lat' dir='ltr'><strong>mea</strong></span> <span class='ocrx_word' id='word_1_87' title='bbox 590 1003 680 1034; x_wconf 88' lang='lat' dir='ltr'><strong>mala</strong></span> <span class='ocrx_word' id='word_1_88' title='bbox 700 1003 820 1036; x_wconf 80' lang='lat' dir='ltr'><strong>intro?</strong></span> 
     </span>
     <span class='ocr_line' id='line_1_19' title="bbox 268 1037 1232 1098; baseline 0.004 -13"><span class='ocrx_word' id='word_1_89' title='bbox 268 1054 375 1085; x_wconf 75' lang='lat' dir='ltr'><strong>Anus.</strong></span> <span class='ocrx_word' id='word_1_90' title='bbox 413 1053 501 1098; x_wconf 88' lang='lat' dir='ltr'><strong>Quis</strong></span> <span class='ocrx_word' id='word_1_91' title='bbox 525 1060 575 1087; x_wconf 91' lang='lat' dir='ltr'><strong>est</strong></span> <span class='ocrx_word' id='word_1_92' title='bbox 600 1054 643 1086; x_wconf 90' lang='lat' dir='ltr'><strong>ad</strong></span> <span class='ocrx_word' id='word_1_93' title='bbox 675 1053 840 1097; x_wconf 84' lang='lat' dir='ltr'><strong>portam?</strong></span> <span class='ocrx_word' id='word_1_94' title='bbox 891 1067 962 1087; x_wconf 94' lang='lat' dir='ltr'><strong>non</strong></span> <span class='ocrx_word' id='word_1_95' title='bbox 992 1056 1147 1090; x_wconf 80' lang='lat' dir='ltr'><strong>discedes</strong></span> <span class='ocrx_word' id='word_1_96' title='bbox 1185 1072 1201 1089; x_wconf 81' lang='lat' dir='ltr'><strong>a</strong></span> <span class='ocrx_word' id='word_1_97' title='bbox 1229 1037 1232 1094; x_wconf 76' lang='lat' dir='ltr'><strong>l</strong></span> 
     </span>
     <span class='ocr_line' id='line_1_20' title="bbox 621 1105 751 1144; baseline 0.008 -8"><span class='ocrx_word' id='word_1_98' title='bbox 621 1105 729 1137; x_wconf 90' lang='lat' dir='ltr'><strong>domo</strong></span> <span class='ocrx_word' id='word_1_99' title='bbox 742 1130 751 1144; x_wconf 88' lang='lat'><strong>,</strong></span> 
     </span>
     <span class='ocr_line' id='line_1_21' title="bbox 219 1151 886 1199; baseline 0.003 -14"><span class='ocrx_word' id='word_1_100' title='bbox 219 1151 292 1185; x_wconf 84' lang='lat'><strong>445</strong></span> <span class='ocrx_word' id='word_1_101' title='bbox 318 1153 368 1186; x_wconf 74' lang='lat' dir='ltr'><strong>,Ne</strong></span> <span class='ocrx_word' id='word_1_102' title='bbox 387 1159 484 1187; x_wconf 87' lang='lat' dir='ltr'><strong>stans</strong></span> <span class='ocrx_word' id='word_1_103' title='bbox 501 1155 544 1187; x_wconf 91' lang='lat' dir='ltr'><strong>ad</strong></span> <span class='ocrx_word' id='word_1_104' title='bbox 562 1161 703 1199; x_wconf 86' lang='lat' dir='ltr'><strong>portam</strong></span> <span class='ocrx_word' id='word_1_105' title='bbox 723 1155 886 1189; x_wconf 79' lang='lat' dir='ltr'><strong>vestibuli</strong></span> 
     </span>
     <span class='ocr_line' id='line_1_22' title="bbox 267 1203 1144 1249; baseline 0.008 -14"><span class='ocrx_word' id='word_1_106' title='bbox 267 1203 466 1237; x_wconf 83' lang='lat' dir='ltr'><strong>Molestiam</strong></span> <span class='ocrx_word' id='word_1_107' title='bbox 486 1207 656 1249; x_wconf 78' lang='lat' dir='ltr'><strong>praebeas</strong></span> <span class='ocrx_word' id='word_1_108' title='bbox 674 1206 855 1240; x_wconf 81' lang='lat' dir='ltr'><strong>dominis?</strong></span> <span class='ocrx_word' id='word_1_109' title='bbox 884 1213 945 1240; x_wconf 89' lang='lat' dir='ltr'><strong>aut</strong></span> <span class='ocrx_word' id='word_1_110' title='bbox 962 1208 1144 1249; x_wconf 88' lang='lat' dir='ltr'><strong>morieris,</strong></span> 
     </span>
     <span class='ocr_line' id='line_1_23' title="bbox 267 1253 1206 1302; baseline 0.006 -15"><span class='ocrx_word' id='word_1_111' title='bbox 267 1253 355 1287; x_wconf 90' lang='lat' dir='ltr'><strong>Cum</strong></span> <span class='ocrx_word' id='word_1_112' title='bbox 372 1255 417 1288; x_wconf 88' lang='lat' dir='ltr'><strong>sis</strong></span> <span class='ocrx_word' id='word_1_113' title='bbox 433 1256 607 1297; x_wconf 87' lang='lat' dir='ltr'><strong>Graecus,</strong></span> <span class='ocrx_word' id='word_1_114' title='bbox 635 1257 763 1302; x_wconf 90' lang='lat' dir='ltr'><strong>quibus</strong></span> <span class='ocrx_word' id='word_1_115' title='bbox 787 1270 861 1290; x_wconf 91' lang='lat' dir='ltr'><strong>non</strong></span> <span class='ocrx_word' id='word_1_116' title='bbox 886 1258 1090 1292; x_wconf 82' lang='lat' dir='ltr'><strong>conceditur</strong></span> <span class='ocrx_word' id='word_1_117' title='bbox 1113 1260 1206 1293; x_wconf 90' lang='lat' dir='ltr'><strong>redi-</strong></span> 
     </span>
     <span class='ocr_line' id='line_1_24' title="bbox 627 1306 948 1342; baseline 0.003 -1"><span class='ocrx_word' id='word_1_118' title='bbox 627 1314 682 1341; x_wconf 89' lang='lat' dir='ltr'><strong>tus</strong></span> <span class='ocrx_word' id='word_1_119' title='bbox 699 1321 739 1341; x_wconf 83' lang='lat' dir='ltr'><strong>ex</strong></span> <span class='ocrx_word' id='word_1_120' title='bbox 756 1306 823 1341; x_wconf 88' lang='lat' dir='ltr'><strong>hac</strong></span> <span class='ocrx_word' id='word_1_121' title='bbox 843 1315 948 1342; x_wconf 88' lang='lat' dir='ltr'><strong>terra.</strong></span> 
     </span>
     <span class='ocr_line' id='line_1_25' title="bbox 268 1356 1017 1400; baseline 0.008 -12"><span class='ocrx_word' id='word_1_122' title='bbox 268 1357 362 1390; x_wconf 76' lang='lat' dir='ltr'><strong>Men.</strong></span> <span class='ocrx_word' id='word_1_123' title='bbox 390 1356 422 1390; x_wconf 96' lang='lat' dir='ltr'>O</span> <span class='ocrx_word' id='word_1_124' title='bbox 442 1368 549 1397; x_wconf 89' lang='lat' dir='ltr'><strong>anus,</strong></span> <span class='ocrx_word' id='word_1_125' title='bbox 576 1365 668 1392; x_wconf 84' lang='lat' dir='ltr'><strong>recte</strong></span> <span class='ocrx_word' id='word_1_126' title='bbox 685 1357 771 1392; x_wconf 90' lang='lat' dir='ltr'><strong>haec</strong></span> <span class='ocrx_word' id='word_1_127' title='bbox 789 1360 894 1392; x_wconf 78' lang='lat' dir='ltr'><strong>verba</strong></span> <span class='ocrx_word' id='word_1_128' title='bbox 912 1359 997 1394; x_wconf 88' lang='lat' dir='ltr'><strong>dicis</strong></span> <span class='ocrx_word' id='word_1_129' title='bbox 1009 1386 1017 1400; x_wconf 90' lang='lat'>‚</span> 
     </span>
     <span class='ocr_line' id='line_1_26' title="bbox 265 1405 1170 1453; baseline 0.007 -15"><span class='ocrx_word' id='word_1_130' title='bbox 265 1405 380 1445; x_wconf 88' lang='lat' dir='ltr'><strong>Licet;</strong></span> <span class='ocrx_word' id='word_1_131' title='bbox 408 1408 661 1453; x_wconf 72' lang='lat' dir='ltr'><strong>obtemperabo</strong></span> <span class='ocrx_word' id='word_1_132' title='bbox 673 1436 682 1449; x_wconf 94' lang='lat'><strong>,</strong></span> <span class='ocrx_word' id='word_1_133' title='bbox 713 1412 773 1444; x_wconf 90' lang='lat' dir='ltr'><strong>sed</strong></span> <span class='ocrx_word' id='word_1_134' title='bbox 789 1412 940 1444; x_wconf 88' lang='lat' dir='ltr'><strong>concede</strong></span> <span class='ocrx_word' id='word_1_135' title='bbox 958 1423 1170 1445; x_wconf 85' lang='lat' dir='ltr'><strong>sermonem.</strong></span> 
     </span>
     <span class='ocr_line' id='line_1_27' title="bbox 218 1456 1204 1506; baseline 0.005 -16"><span class='ocrx_word' id='word_1_136' title='bbox 218 1456 290 1491; x_wconf 83' lang='lat'><strong>450</strong></span> <span class='ocrx_word' id='word_1_137' title='bbox 318 1461 385 1491; x_wconf 85' lang='lat' dir='ltr'><strong>An.</strong></span> <span class='ocrx_word' id='word_1_138' title='bbox 405 1459 493 1497; x_wconf 88' lang='lat' dir='ltr'><strong>Abi;</strong></span> <span class='ocrx_word' id='word_1_139' title='bbox 521 1471 604 1492; x_wconf 90' lang='lat' dir='ltr'><strong>nam</strong></span> <span class='ocrx_word' id='word_1_140' title='bbox 623 1459 691 1493; x_wconf 90' lang='lat' dir='ltr'><strong>hoc</strong></span> <span class='ocrx_word' id='word_1_141' title='bbox 706 1460 795 1494; x_wconf 88' lang='lat' dir='ltr'><strong>mihi</strong></span> <span class='ocrx_word' id='word_1_142' title='bbox 814 1462 998 1501; x_wconf 84' lang='lat' dir='ltr'><strong>incumbit,</strong></span> <span class='ocrx_word' id='word_1_143' title='bbox 1027 1474 1046 1494; x_wconf 94' lang='lat' dir='ltr'><strong>o</strong></span> <span class='ocrx_word' id='word_1_144' title='bbox 1066 1459 1204 1506; x_wconf 87' lang='lat' dir='ltr'><strong>hospes,</strong></span> 
     </span>
     <span class='ocr_line' id='line_1_28' title="bbox 268 1507 1095 1554; baseline 0.007 -14"><span class='ocrx_word' id='word_1_145' title='bbox 268 1507 319 1541; x_wconf 68' lang='lat' dir='ltr'><strong>Ne</strong></span> <span class='ocrx_word' id='word_1_146' title='bbox 337 1509 414 1554; x_wconf 87' lang='lat' dir='ltr'><strong>quis</strong></span> <span class='ocrx_word' id='word_1_147' title='bbox 433 1509 590 1544; x_wconf 88' lang='lat' dir='ltr'><strong>Graecus</strong></span> <span class='ocrx_word' id='word_1_148' title='bbox 607 1513 750 1545; x_wconf 80' lang='lat' dir='ltr'><strong>accedat</strong></span> <span class='ocrx_word' id='word_1_149' title='bbox 768 1513 812 1545; x_wconf 89' lang='lat' dir='ltr'><strong>ad</strong></span> <span class='ocrx_word' id='word_1_150' title='bbox 830 1511 921 1545; x_wconf 89' lang='lat' dir='ltr'><strong>hanc</strong></span> <span class='ocrx_word' id='word_1_151' title='bbox 937 1514 1095 1546; x_wconf 89' lang='lat' dir='ltr'><strong>domum.</strong></span> 
     </span>
     <span class='ocr_line' id='line_1_29' title="bbox 269 1560 1203 1608; baseline 0.004 -16"><span class='ocrx_word' id='word_1_152' title='bbox 269 1560 364 1593; x_wconf 66' lang='lat' dir='ltr'><strong>sslen.</strong></span> <span class='ocrx_word' id='word_1_153' title='bbox 393 1560 529 1607; x_wconf 77' lang='lat' dir='ltr'><strong>Non33)</strong></span> <span class='ocrx_word' id='word_1_154' title='bbox 550 1562 676 1596; x_wconf 87' lang='lat' dir='ltr'><strong>afferas</strong></span> <span class='ocrx_word' id='word_1_155' title='bbox 692 1561 781 1596; x_wconf 84' lang='lat' dir='ltr'><strong>mihi</strong></span> <span class='ocrx_word' id='word_1_156' title='bbox 795 1575 934 1603; x_wconf 87' lang='lat' dir='ltr'><strong>manus,</strong></span> <span class='ocrx_word' id='word_1_157' title='bbox 960 1575 1075 1608; x_wconf 90' lang='lat' dir='ltr'><strong>neque</strong></span> <span class='ocrx_word' id='word_1_158' title='bbox 1092 1570 1129 1596; x_wconf 87' lang='lat' dir='ltr'><strong>tn</strong></span> <span class='ocrx_word' id='word_1_159' title='bbox 1148 1575 1203 1596; x_wconf 90' lang='lat' dir='ltr'><strong>me</strong></span> 
     </span>
     <span class='ocr_line' id='line_1_30' title="bbox 624 1615 1233 1664; baseline 0.015 -18"><span class='ocrx_word' id='word_1_160' title='bbox 624 1615 786 1657; x_wconf 77' lang='lat' dir='ltr'><strong>repellas.</strong></span> <span class='ocrx_word' id='word_1_161' title='bbox 1230 1658 1233 1664; x_wconf 57' lang='grc'><em>,</em></span> 
     </span>
     <span class='ocr_line' id='line_1_31' title="bbox 268 1660 1234 1815; baseline 0.003 -121"><span class='ocrx_word' id='word_1_162' title='bbox 268 1663 335 1694; x_wconf 77' lang='lat' dir='ltr'><strong>An.</strong></span> <span class='ocrx_word' id='word_1_163' title='bbox 362 1660 444 1694; x_wconf 76' lang='lat' dir='ltr'><strong>Non</strong></span> <span class='ocrx_word' id='word_1_164' title='bbox 462 1663 684 1708; x_wconf 83' lang='lat' dir='ltr'><strong>obtemperas</strong></span> <span class='ocrx_word' id='word_1_165' title='bbox 701 1665 788 1705; x_wconf 91' lang='lat' dir='ltr'><strong>illis,</strong></span> <span class='ocrx_word' id='word_1_166' title='bbox 821 1677 911 1710; x_wconf 89' lang='lat' dir='ltr'><strong>quae</strong></span> <span class='ocrx_word' id='word_1_167' title='bbox 930 1665 1025 1698; x_wconf 84' lang='lat' dir='ltr'><strong>dico:</strong></span> <span class='ocrx_word' id='word_1_168' title='bbox 1061 1665 1206 1709; x_wconf 87' lang='lat' dir='ltr'><strong>culpan·</strong></span> <span class='ocrx_word' id='word_1_169' title='bbox 1229 1686 1234 1815; x_wconf 64' lang='grc' dir='ltr'>ι</span> 
     </span>
    </p>
   </div>
   <div class='ocr_carea' id='block_1_3' title="bbox 1039 243 1201 278">
    <p class='ocr_par' dir='ltr' id='par_1_3' title="bbox 1039 243 1201 278">
     <span class='ocr_line' id='line_1_32' title="bbox 1039 243 1201 278; baseline 0 -1"><span class='ocrx_word' id='word_1_170' title='bbox 1039 243 1142 278; x_wconf 81' lang='lat' dir='ltr'><strong>Nunc</strong></span> <span class='ocrx_word' id='word_1_171' title='bbox 1165 245 1201 277; x_wconf 90' lang='lat' dir='ltr'><strong>in</strong></span> 
     </span>
    </p>
   </div>
   <div class='ocr_carea' id='block_1_4' title="bbox 218 1716 1233 2412">
    <p class='ocr_par' dir='ltr' id='par_1_4' title="bbox 218 1716 1233 2412">
     <span class='ocr_line' id='line_1_33' title="bbox 625 1716 761 1749; baseline 0.015 -2"><span class='ocrx_word' id='word_1_172' title='bbox 625 1716 690 1749; x_wconf 89' lang='lat' dir='ltr'><strong>dus</strong></span> <span class='ocrx_word' id='word_1_173' title='bbox 715 1728 761 1749; x_wconf 88' lang='lat' dir='ltr'><strong>es.</strong></span> 
     </span>
     <span class='ocr_line' id='line_1_34' title="bbox 266 1763 900 1800; baseline 0.009 -6"><span class='ocrx_word' id='word_1_174' title='bbox 266 1763 361 1796; x_wconf 80' lang='lat' dir='ltr'><strong>Men.</strong></span> <span class='ocrx_word' id='word_1_175' title='bbox 389 1763 520 1797; x_wconf 86' lang='lat' dir='ltr'><strong>Nuntia</strong></span> <span class='ocrx_word' id='word_1_176' title='bbox 537 1765 631 1799; x_wconf 87' lang='lat' dir='ltr'><strong>intus</strong></span> <span class='ocrx_word' id='word_1_177' title='bbox 647 1766 715 1800; x_wconf 89' lang='lat' dir='ltr'><strong>tuis</strong></span> <span class='ocrx_word' id='word_1_178' title='bbox 736 1766 900 1800; x_wconf 87' lang='lat' dir='ltr'><strong>dominis.</strong></span> 
     </span>
     <span class='ocr_line' id='line_1_35' title="bbox 221 1810 1233 1864; baseline 0.007 -20"><span class='ocrx_word' id='word_1_179' title='bbox 221 1810 292 1845; x_wconf 86' lang='lat'><strong>455</strong></span> <span class='ocrx_word' id='word_1_180' title='bbox 320 1816 384 1847; x_wconf 79' lang='lat' dir='ltr'><strong>An.</strong></span> <span class='ocrx_word' id='word_1_181' title='bbox 413 1814 567 1857; x_wconf 79' lang='lat' dir='ltr'><strong>Vereor,</strong></span> <span class='ocrx_word' id='word_1_182' title='bbox 595 1829 639 1850; x_wconf 91' lang='lat' dir='ltr'><strong>ne</strong></span> <span class='ocrx_word' id='word_1_183' title='bbox 666 1819 832 1851; x_wconf 90' lang='lat' dir='ltr'><strong>acerbum</strong></span> <span class='ocrx_word' id='word_1_184' title='bbox 857 1818 917 1850; x_wconf 90' lang='lat' dir='ltr'><strong>fiat</strong></span> <span class='ocrx_word' id='word_1_185' title='bbox 941 1817 1023 1856; x_wconf 85' lang='lat' dir='ltr'><strong>tibi,</strong></span> <span class='ocrx_word' id='word_1_186' title='bbox 1058 1818 1085 1850; x_wconf 91' lang='lat' dir='ltr'><strong>si</strong></span> <span class='ocrx_word' id='word_1_187' title='bbox 1112 1817 1205 1851; x_wconf 87' lang='lat' dir='ltr'><strong>intus</strong></span> <span class='ocrx_word' id='word_1_188' title='bbox 1230 1818 1233 1864; x_wconf 71' lang='grc' dir='ltr'><strong>ξ</strong></span> 
     </span>
     <span class='ocr_line' id='line_1_36' title="bbox 627 1865 1232 1909; baseline -0.002 -9"><span class='ocrx_word' id='word_1_189' title='bbox 627 1874 686 1901; x_wconf 88' lang='lat' dir='ltr'><strong>tua</strong></span> <span class='ocrx_word' id='word_1_190' title='bbox 705 1869 810 1902; x_wconf 85' lang='lat' dir='ltr'><strong>verba</strong></span> <span class='ocrx_word' id='word_1_191' title='bbox 830 1868 1004 1901; x_wconf 84' lang='lat' dir='ltr'><strong>nuntiem.</strong></span> <span class='ocrx_word' id='word_1_192' title='bbox 1230 1865 1232 1909; x_wconf 62' lang='grc' dir='ltr'><strong><em>ἶ</em></strong></span> 
     </span>
     <span class='ocr_line' id='line_1_37' title="bbox 269 1912 1232 1963; baseline 0.004 -16"><span class='ocrx_word' id='word_1_193' title='bbox 269 1915 363 1948; x_wconf 75' lang='lat' dir='ltr'><strong>Men.</strong></span> <span class='ocrx_word' id='word_1_194' title='bbox 390 1915 503 1949; x_wconf 72' lang='lat' dir='ltr'><strong>Venio</strong></span> <span class='ocrx_word' id='word_1_195' title='bbox 520 1918 731 1962; x_wconf 81' lang='lat' dir='ltr'><strong>naufragus,</strong></span> <span class='ocrx_word' id='word_1_196' title='bbox 766 1917 912 1963; x_wconf 87' lang='lat' dir='ltr'><strong>hospes,</strong></span> <span class='ocrx_word' id='word_1_197' title='bbox 946 1930 1018 1951; x_wconf 89' lang='lat' dir='ltr'><strong>non</strong></span> <span class='ocrx_word' id='word_1_198' title='bbox 1036 1918 1203 1951; x_wconf 89' lang='lat' dir='ltr'><strong>idoneum</strong></span> <span class='ocrx_word' id='word_1_199' title='bbox 1230 1912 1232 1951; x_wconf 67' lang='lat' dir='ltr'><strong>l</strong></span> 
     </span>
     <span class='ocr_line' id='line_1_38' title="bbox 626 1955 1232 2014; baseline 0.003 -12"><span class='ocrx_word' id='word_1_200' title='bbox 626 1971 778 2014; x_wconf 76' lang='lat' dir='ltr'><strong>praedae</strong></span> <span class='ocrx_word' id='word_1_201' title='bbox 797 1982 917 2014; x_wconf 88' lang='lat' dir='ltr'><strong>genus.</strong></span> <span class='ocrx_word' id='word_1_202' title='bbox 1229 1955 1232 2012; x_wconf 72' lang='lat' dir='ltr'><strong>l</strong></span> 
     </span>
     <span class='ocr_line' id='line_1_39' title="bbox 270 2016 1231 2066; baseline 0.003 -19"><span class='ocrx_word' id='word_1_203' title='bbox 270 2017 338 2048; x_wconf 76' lang='lat' dir='ltr'><strong>An.</strong></span> <span class='ocrx_word' id='word_1_204' title='bbox 365 2016 463 2050; x_wconf 84' lang='lat' dir='ltr'><strong>Vade</strong></span> <span class='ocrx_word' id='word_1_205' title='bbox 480 2020 523 2051; x_wconf 90' lang='lat' dir='ltr'><strong>ad</strong></span> <span class='ocrx_word' id='word_1_206' title='bbox 545 2020 650 2053; x_wconf 89' lang='lat' dir='ltr'><strong>aliam</strong></span> <span class='ocrx_word' id='word_1_207' title='bbox 669 2021 823 2066; x_wconf 81' lang='lat' dir='ltr'><strong>aliquam</strong></span> <span class='ocrx_word' id='word_1_208' title='bbox 843 2023 987 2054; x_wconf 89' lang='lat' dir='ltr'><strong>domum</strong></span> <span class='ocrx_word' id='word_1_209' title='bbox 1008 2031 1072 2063; x_wconf 85' lang='lat' dir='ltr'><strong>pro</strong></span> <span class='ocrx_word' id='word_1_210' title='bbox 1092 2019 1166 2052; x_wconf 81' lang='lat' dir='ltr'><strong>ista.</strong></span> <span class='ocrx_word' id='word_1_211' title='bbox 1228 2019 1231 2059; x_wconf 62' lang='lat' dir='ltr'><strong>j</strong></span> 
     </span>
     <span class='ocr_line' id='line_1_40' title="bbox 271 2063 1230 2115; baseline 0.004 -17"><span class='ocrx_word' id='word_1_212' title='bbox 271 2067 367 2100; x_wconf 79' lang='lat' dir='ltr'><strong>Men.</strong></span> <span class='ocrx_word' id='word_1_213' title='bbox 393 2068 493 2109; x_wconf 81' lang='lat' dir='ltr'><strong>Non,</strong></span> <span class='ocrx_word' id='word_1_214' title='bbox 521 2072 580 2104; x_wconf 92' lang='lat' dir='ltr'><strong>sed</strong></span> <span class='ocrx_word' id='word_1_215' title='bbox 597 2071 738 2105; x_wconf 76' lang='lat' dir='ltr'><strong>intrabo</strong></span> <span class='ocrx_word' id='word_1_216' title='bbox 753 2099 762 2112; x_wconf 94' lang='lat'><strong>,</strong></span> <span class='ocrx_word' id='word_1_217' title='bbox 790 2073 992 2115; x_wconf 85' lang='lat' dir='ltr'><strong>obtempera</strong></span> <span class='ocrx_word' id='word_1_218' title='bbox 1012 2076 1049 2102; x_wconf 89' lang='lat' dir='ltr'><strong>tu</strong></span> <span class='ocrx_word' id='word_1_219' title='bbox 1068 2067 1166 2102; x_wconf 79' lang='lat' dir='ltr'><strong>milii.</strong></span> <span class='ocrx_word' id='word_1_220' title='bbox 1228 2063 1230 2099; x_wconf 76' lang='lat' dir='ltr'><strong>l</strong></span> 
     </span>
     <span class='ocr_line' id='line_1_41' title="bbox 269 2109 1229 2165; baseline 0.004 -14"><span class='ocrx_word' id='word_1_221' title='bbox 269 2120 336 2151; x_wconf 82' lang='grc' dir='ltr'><strong>Αη.</strong></span> <span class='ocrx_word' id='word_1_222' title='bbox 365 2118 458 2152; x_wconf 77' lang='lat' dir='ltr'><strong>Scito</strong></span> <span class='ocrx_word' id='word_1_223' title='bbox 476 2127 509 2153; x_wconf 90' lang='lat' dir='ltr'><strong>te</strong></span> <span class='ocrx_word' id='word_1_224' title='bbox 527 2134 598 2155; x_wconf 90' lang='lat' dir='ltr'><strong>esse</strong></span> <span class='ocrx_word' id='word_1_225' title='bbox 616 2123 802 2156; x_wconf 89' lang='lat' dir='ltr'><strong>molestum</strong></span> <span class='ocrx_word' id='word_1_226' title='bbox 814 2149 823 2163; x_wconf 88' lang='lat'><strong>,</strong></span> <span class='ocrx_word' id='word_1_227' title='bbox 852 2129 885 2155; x_wconf 93' lang='lat' dir='ltr'><strong>et</strong></span> <span class='ocrx_word' id='word_1_228' title='bbox 902 2120 1086 2165; x_wconf 86' lang='lat' dir='ltr'><strong>depelleris</strong></span> <span class='ocrx_word' id='word_1_229' title='bbox 1107 2120 1151 2153; x_wconf 67' lang='lat' dir='ltr'><strong>vi.</strong></span> <span class='ocrx_word' id='word_1_230' title='bbox 1227 2109 1229 2155; x_wconf 72' lang='lat' dir='ltr'><strong>l</strong></span> 
     </span>
     <span class='ocr_line' id='line_1_42' title="bbox 218 2166 1229 2215; baseline 0.001 -14"><span class='ocrx_word' id='word_1_231' title='bbox 218 2166 290 2201; x_wconf 76' lang='lat'><strong>460</strong></span> <span class='ocrx_word' id='word_1_232' title='bbox 318 2171 414 2204; x_wconf 78' lang='lat' dir='ltr'><strong>Men.</strong></span> <span class='ocrx_word' id='word_1_233' title='bbox 440 2171 538 2212; x_wconf 85' lang='lat' dir='ltr'><strong>Heu,</strong></span> <span class='ocrx_word' id='word_1_234' title='bbox 564 2171 653 2214; x_wconf 91' lang='lat' dir='ltr'><strong>heu,</strong></span> <span class='ocrx_word' id='word_1_235' title='bbox 680 2174 741 2207; x_wconf 90' lang='lat' dir='ltr'><strong>ubi</strong></span> <span class='ocrx_word' id='word_1_236' title='bbox 757 2180 839 2208; x_wconf 89' lang='lat' dir='ltr'><strong>sunt</strong></span> <span class='ocrx_word' id='word_1_237' title='bbox 861 2174 930 2206; x_wconf 89' lang='lat' dir='ltr'><strong>mei</strong></span> <span class='ocrx_word' id='word_1_238' title='bbox 956 2171 1084 2215; x_wconf 83' lang='lat' dir='ltr'><strong>egregii</strong></span> <span class='ocrx_word' id='word_1_239' title='bbox 1107 2182 1201 2203; x_wconf 84' lang='lat' dir='ltr'><strong>exer-</strong></span> <span class='ocrx_word' id='word_1_240' title='bbox 1226 2180 1229 2196; x_wconf 56' lang='grc' dir='ltr'>τ</span> 
     </span>
     <span class='ocr_line' id='line_1_43' title="bbox 628 2202 1228 2258; baseline 0.002 0"><span class='ocrx_word' id='word_1_241' title='bbox 628 2224 742 2258; x_wconf 81' lang='lat' dir='ltr'><strong>citus?</strong></span> <span class='ocrx_word' id='word_1_242' title='bbox 1226 2202 1228 2240; x_wconf 75' lang='lat' dir='ltr'><strong>l</strong></span> 
     </span>
     <span class='ocr_line' id='line_1_44' title="bbox 269 2251 1228 2321; baseline 0.004 -19"><span class='ocrx_word' id='word_1_243' title='bbox 269 2273 335 2303; x_wconf 76' lang='lat' dir='ltr'><strong>An.</strong></span> <span class='ocrx_word' id='word_1_244' title='bbox 355 2273 474 2317; x_wconf 81' lang='lat' dir='ltr'><strong>Quare</strong></span> <span class='ocrx_word' id='word_1_245' title='bbox 490 2276 561 2309; x_wconf 92' lang='lat' dir='ltr'><strong>illic</strong></span> <span class='ocrx_word' id='word_1_246' title='bbox 576 2289 650 2310; x_wconf 91' lang='lat' dir='ltr'><strong>non</strong></span> <span class='ocrx_word' id='word_1_247' title='bbox 665 2275 761 2309; x_wconf 85' lang='lat' dir='ltr'><strong>fuisti</strong></span> <span class='ocrx_word' id='word_1_248' title='bbox 776 2275 958 2320; x_wconf 89' lang='lat' dir='ltr'><strong>superbus,</strong></span> <span class='ocrx_word' id='word_1_249' title='bbox 977 2285 1050 2305; x_wconf 88' lang='lat' dir='ltr'><strong>non</strong></span> <span class='ocrx_word' id='word_1_250' title='bbox 1068 2271 1200 2319; x_wconf 70' lang='lat' dir='ltr'><strong>liic3²)?</strong></span> <span class='ocrx_word' id='word_1_251' title='bbox 1224 2251 1228 2321; x_wconf 66' lang='lat' dir='ltr'><strong>l</strong></span> 
     </span>
     <span class='ocr_line' id='line_1_45' title="bbox 269 2322 1198 2372; baseline 0.002 -19"><span class='ocrx_word' id='word_1_252' title='bbox 269 2322 364 2356; x_wconf 70' lang='lat' dir='ltr'><strong>fllen.</strong></span> <span class='ocrx_word' id='word_1_253' title='bbox 399 2324 432 2358; x_wconf 92' lang='grc' dir='ltr'>Ο</span> <span class='ocrx_word' id='word_1_254' title='bbox 460 2328 633 2368; x_wconf 86' lang='lat' dir='ltr'><strong>daemon,</strong></span> <span class='ocrx_word' id='word_1_255' title='bbox 674 2339 779 2372; x_wconf 86' lang='lat' dir='ltr'><strong>quam</strong></span> <span class='ocrx_word' id='word_1_256' title='bbox 810 2326 954 2370; x_wconf 87' lang='lat' dir='ltr'><strong>indigna</strong></span> <span class='ocrx_word' id='word_1_257' title='bbox 986 2323 1198 2357; x_wconf 89' lang='lat' dir='ltr'><strong>contumelia</strong></span> 
     </span>
     <span class='ocr_line' id='line_1_46' title="bbox 619 2377 779 2412; baseline -0.013 0"><span class='ocrx_word' id='word_1_258' title='bbox 619 2377 779 2412; x_wconf 82' lang='lat' dir='ltr'><strong>afficior?</strong></span> 
     </span>
    </p>
   </div>
   <div class='ocr_carea' id='block_1_5' title="bbox 214 2456 416 2466">
    <p class='ocr_par' dir='ltr' id='par_1_5' title="bbox 214 2456 416 2466">
     <span class='ocr_line' id='line_1_47' title="bbox 214 2456 416 2466; baseline 0 514"><span class='ocrx_word' id='word_1_259' title='bbox 214 2456 416 2466; x_wconf 95' lang='lat' dir='ltr'><strong> </strong></span> 
     </span>
    </p>
   </div>
   <div class='ocr_carea' id='block_1_6' title="bbox 1219 2323 1227 2532">
    <p class='ocr_par' dir='ltr' id='par_1_6' title="bbox 1219 2323 1227 2532">
     <span class='ocr_line' id='line_1_48' title="bbox 1219 2323 1227 2532; baseline 0 448"><span class='ocrx_word' id='word_1_260' title='bbox 1219 2323 1227 2532; x_wconf 95' lang='lat' dir='ltr'><strong> </strong></span> 
     </span>
    </p>
   </div>
   <div class='ocr_carea' id='block_1_7' title="bbox 248 2520 1195 2590">
    <p class='ocr_par' dir='ltr' id='par_1_7' title="bbox 248 2520 1195 2590">
     <span class='ocr_line' id='line_1_49' title="bbox 248 2520 1195 2560; baseline 0.008 -15"><span class='ocrx_word' id='word_1_261' title='bbox 248 2520 389 2560; x_wconf 44' lang='lat' dir='ltr'><strong>aaran-n]</strong></span> <span class='ocrx_word' id='word_1_262' title='bbox 402 2524 441 2547; x_wconf 86' lang='lat' dir='ltr'><strong>sic</strong></span> <span class='ocrx_word' id='word_1_263' title='bbox 452 2526 499 2549; x_wconf 82' lang='lat' dir='ltr'><strong>Ed.</strong></span> <span class='ocrx_word' id='word_1_264' title='bbox 511 2527 600 2557; x_wconf 79' lang='lat'>¹558.;</span> <span class='ocrx_word' id='word_1_265' title='bbox 625 2529 673 2552; x_wconf 86' lang='lat' dir='ltr'><strong>Ed.</strong></span> <span class='ocrx_word' id='word_1_266' title='bbox 687 2527 761 2552; x_wconf 81' lang='lat'>1562.</span> <span class='ocrx_word' id='word_1_267' title='bbox 780 2528 838 2557; x_wconf 76' lang='lat' dir='ltr'><strong>An;</strong></span> <span class='ocrx_word' id='word_1_268' title='bbox 864 2525 946 2550; x_wconf 83' lang='lat' dir='ltr'><strong>Editt.</strong></span> <span class='ocrx_word' id='word_1_269' title='bbox 961 2526 1062 2549; x_wconf 77' lang='lat' dir='ltr'><strong>recent.</strong></span> <span class='ocrx_word' id='word_1_270' title='bbox 1079 2525 1124 2552; x_wconf 84' lang='lat'><strong>(=</strong></span> <span class='ocrx_word' id='word_1_271' title='bbox 1138 2524 1195 2546; x_wconf 80' lang='lat' dir='ltr'><strong>Eu-</strong></span> 
     </span>
     <span class='ocr_line' id='line_1_50' title="bbox 282 2557 596 2590; baseline 0.006 -11"><span class='ocrx_word' id='word_1_272' title='bbox 282 2557 391 2586; x_wconf 71' lang='lat' dir='ltr'><strong>rip.:·1·</strong></span> <span class='ocrx_word' id='word_1_273' title='bbox 412 2557 466 2590; x_wconf 64' lang='grc' dir='ltr'><strong>μή)</strong></span> <span class='ocrx_word' id='word_1_274' title='bbox 486 2561 543 2589; x_wconf 74' lang='lat' dir='ltr'><strong>Ah,</strong></span> <span class='ocrx_word' id='word_1_275' title='bbox 562 2568 596 2585; x_wconf 78' lang='lat' dir='ltr'><strong>ne</strong></span> 
     </span>
    </p>
   </div>
   <div class='ocr_carea' id='block_1_8' title="bbox 247 2613 1191 2715">
    <p class='ocr_par' dir='ltr' id='par_1_8' title="bbox 247 2613 1191 2715">
     <span class='ocr_line' id='line_1_51' title="bbox 247 2613 1191 2648; baseline 0.003 -11"><span class='ocrx_word' id='word_1_276' title='bbox 247 2613 294 2644; x_wconf 76' lang='lat'><strong>34)</strong></span> <span class='ocrx_word' id='word_1_277' title='bbox 315 2615 406 2644; x_wconf 81' lang='lat' dir='ltr'><strong>Quare</strong></span> <span class='ocrx_word' id='word_1_278' title='bbox 418 2628 451 2633; x_wconf 95' lang='lat'><strong>—</strong></span> <span class='ocrx_word' id='word_1_279' title='bbox 463 2623 516 2641; x_wconf 89' lang='lat' dir='ltr'><strong>non</strong></span> <span class='ocrx_word' id='word_1_280' title='bbox 530 2616 609 2648; x_wconf 70' lang='lat' dir='ltr'><strong>11i02]</strong></span> <span class='ocrx_word' id='word_1_281' title='bbox 628 2619 667 2643; x_wconf 78' lang='lat' dir='ltr'><strong>sic</strong></span> <span class='ocrx_word' id='word_1_282' title='bbox 682 2619 862 2647; x_wconf 70' lang='lat' dir='ltr'><strong>Editt.1558.,</strong></span> <span class='ocrx_word' id='word_1_283' title='bbox 882 2618 973 2646; x_wconf 82' lang='lat'>1562.;</span> <span class='ocrx_word' id='word_1_284' title='bbox 991 2617 1076 2642; x_wconf 78' lang='lat' dir='ltr'><strong>Editt.</strong></span> <span class='ocrx_word' id='word_1_285' title='bbox 1091 2618 1191 2641; x_wconf 85' lang='lat' dir='ltr'><strong>recent.</strong></span> 
     </span>
     <span class='ocr_line' id='line_1_52' title="bbox 280 2650 1191 2683; baseline -0.002 -7"><span class='ocrx_word' id='word_1_286' title='bbox 280 2650 327 2676; x_wconf 65' lang='grc' dir='ltr'><strong>(τ-</strong></span> <span class='ocrx_word' id='word_1_287' title='bbox 335 2651 401 2675; x_wconf 78' lang='lat' dir='ltr'><strong>text.</strong></span> <span class='ocrx_word' id='word_1_288' title='bbox 420 2653 477 2682; x_wconf 80' lang='lat' dir='ltr'><strong>gr.)</strong></span> <span class='ocrx_word' id='word_1_289' title='bbox 494 2652 551 2675; x_wconf 77' lang='lat' dir='ltr'><strong>mic</strong></span> <span class='ocrx_word' id='word_1_290' title='bbox 570 2653 654 2683; x_wconf 80' lang='lat' dir='ltr'><strong>igitur</strong></span> <span class='ocrx_word' id='word_1_291' title='bbox 670 2654 792 2677; x_wconf 82' lang='lat' dir='ltr'><strong>fortasse</strong></span> <span class='ocrx_word' id='word_1_292' title='bbox 809 2652 885 2676; x_wconf 77' lang='lat' dir='ltr'><strong>fuisti</strong></span> <span class='ocrx_word' id='word_1_293' title='bbox 909 2653 1046 2682; x_wconf 77' lang='lat' dir='ltr'><strong>[Musgr.:</strong></span> <span class='ocrx_word' id='word_1_294' title='bbox 1074 2651 1191 2679; x_wconf 70' lang='lat' dir='ltr'><strong>fuisses]</strong></span> 
     </span>
     <span class='ocr_line' id='line_1_53' title="bbox 279 2685 612 2715; baseline 0.015 -9"><span class='ocrx_word' id='word_1_295' title='bbox 279 2685 468 2715; x_wconf 80' lang='lat' dir='ltr'><strong>venerandus,</strong></span> <span class='ocrx_word' id='word_1_296' title='bbox 490 2692 544 2711; x_wconf 90' lang='lat' dir='ltr'><strong>non</strong></span> <span class='ocrx_word' id='word_1_297' title='bbox 562 2687 612 2711; x_wconf 81' lang='lat' dir='ltr'><strong>hic.</strong></span> 
     </span>
    </p>
   </div>
   <div class='ocr_carea' id='block_1_9' title="bbox 1213 2536 1221 2713">
    <p class='ocr_par' dir='ltr' id='par_1_9' title="bbox 1213 2536 1221 2713">
     <span class='ocr_line' id='line_1_54' title="bbox 1213 2536 1221 2713; baseline 0 267"><span class='ocrx_word' id='word_1_298' title='bbox 1213 2536 1221 2713; x_wconf 95' lang='lat' dir='ltr'><strong> </strong></span> 
     </span>
    </p>
   </div>
   <div class='ocr_carea' id='block_1_10' title="bbox 793 105 1659 146">
    <p class='ocr_par' dir='ltr' id='par_1_10' title="bbox 793 105 1659 146">
     <span class='ocr_line' id='line_1_55' title="bbox 793 105 1659 146; baseline 0.007 -8"><span class='ocrx_word' id='word_1_299' title='bbox 793 105 914 141; x_wconf 86' lang='lat' dir='ltr'>PHIL.</span> <span class='ocrx_word' id='word_1_300' title='bbox 949 106 1060 142; x_wconf 80' lang='lat' dir='ltr'><strong>MEL.</strong></span> <span class='ocrx_word' id='word_1_301' title='bbox 1093 107 1293 143; x_wconf 85' lang='lat' dir='ltr'><strong>SCRIPTA</strong></span> <span class='ocrx_word' id='word_1_302' title='bbox 1326 108 1659 146; x_wconf 83' lang='lat' dir='ltr'><strong>PHILOLOGICA.</strong></span> 
     </span>
    </p>
   </div>
   <div class='ocr_carea' id='block_1_11' title="bbox 2159 115 2233 153">
    <p class='ocr_par' dir='ltr' id='par_1_11' title="bbox 2159 115 2233 153">
     <span class='ocr_line' id='line_1_56' title="bbox 2159 115 2233 153; baseline 0.027 -2"><span class='ocrx_word' id='word_1_303' title='bbox 2159 115 2233 153; x_wconf 76' lang='lat'><strong>952</strong></span> 
     </span>
    </p>
   </div>
   <div class='ocr_carea' id='block_1_12' title="bbox 1255 194 2245 2471">
    <p class='ocr_par' dir='ltr' id='par_1_12' title="bbox 1255 194 2245 1098">
     <span class='ocr_line' id='line_1_57' title="bbox 1304 194 2240 246; baseline 0.004 -16"><span class='ocrx_word' id='word_1_304' title='bbox 1304 199 1371 230; x_wconf 86' lang='lat' dir='ltr'><strong>An.</strong></span> <span class='ocrx_word' id='word_1_305' title='bbox 1413 196 1532 241; x_wconf 86' lang='lat' dir='ltr'><strong>Quare</strong></span> <span class='ocrx_word' id='word_1_306' title='bbox 1575 195 1764 240; x_wconf 87' lang='lat' dir='ltr'><strong>palpebras</strong></span> <span class='ocrx_word' id='word_1_307' title='bbox 1805 194 1986 234; x_wconf 85' lang='lat' dir='ltr'><strong>humectas</strong></span> <span class='ocrx_word' id='word_1_308' title='bbox 2026 199 2240 246; x_wconf 79' lang='lat' dir='ltr'><strong>lachrymis?</strong></span> 
     </span>
     <span class='ocr_line' id='line_1_58' title="bbox 1662 246 1884 291; baseline 0.023 -13"><span class='ocrx_word' id='word_1_309' title='bbox 1662 246 1746 291; x_wconf 91' lang='lat' dir='ltr'><strong>quid</strong></span> <span class='ocrx_word' id='word_1_310' title='bbox 1763 248 1884 283; x_wconf 80' lang='lat' dir='ltr'><strong>doles?</strong></span> 
     </span>
     <span class='ocr_line' id='line_1_59' title="bbox 1302 296 1821 333; baseline -0.002 -2"><span class='ocrx_word' id='word_1_311' title='bbox 1302 298 1398 331; x_wconf 80' lang='lat' dir='ltr'><strong>Men.</strong></span> <span class='ocrx_word' id='word_1_312' title='bbox 1425 297 1587 330; x_wconf 90' lang='lat' dir='ltr'><strong>Priorem</strong></span> <span class='ocrx_word' id='word_1_313' title='bbox 1606 296 1821 333; x_wconf 86' lang='lat' dir='ltr'><strong>felicitatem.</strong></span> 
     </span>
     <span class='ocr_line' id='line_1_60' title="bbox 1256 346 2240 397; baseline 0.007 -17"><span class='ocrx_word' id='word_1_314' title='bbox 1256 346 1328 381; x_wconf 84' lang='lat'><strong>465</strong></span> <span class='ocrx_word' id='word_1_315' title='bbox 1355 350 1422 382; x_wconf 79' lang='lat' dir='ltr'><strong>An.</strong></span> <span class='ocrx_word' id='word_1_316' title='bbox 1450 347 1560 391; x_wconf 87' lang='lat' dir='ltr'><strong>Igitur</strong></span> <span class='ocrx_word' id='word_1_317' title='bbox 1579 348 1759 381; x_wconf 89' lang='lat' dir='ltr'><strong>discedens</strong></span> <span class='ocrx_word' id='word_1_318' title='bbox 1787 350 1848 383; x_wconf 91' lang='lat' dir='ltr'><strong>des</strong></span> <span class='ocrx_word' id='word_1_319' title='bbox 1870 348 1932 385; x_wconf 88' lang='lat' dir='ltr'><strong>has</strong></span> <span class='ocrx_word' id='word_1_320' title='bbox 1952 351 2150 397; x_wconf 88' lang='lat' dir='ltr'><strong>lachrymas</strong></span> <span class='ocrx_word' id='word_1_321' title='bbox 2173 355 2240 387; x_wconf 84' lang='lat' dir='ltr'><strong>tuis</strong></span> 
     </span>
     <span class='ocr_line' id='line_1_61' title="bbox 1667 410 1800 433; baseline 0.023 -3"><span class='ocrx_word' id='word_1_322' title='bbox 1667 410 1800 433; x_wconf 74' lang='lat' dir='ltr'><strong>amicis.</strong></span> 
     </span>
     <span class='ocr_line' id='line_1_62' title="bbox 1305 446 2241 498; baseline 0.006 -17"><span class='ocrx_word' id='word_1_323' title='bbox 1305 450 1399 482; x_wconf 72' lang='lat' dir='ltr'><strong>DIen.</strong></span> <span class='ocrx_word' id='word_1_324' title='bbox 1428 449 1529 493; x_wconf 84' lang='lat' dir='ltr'><strong>Quae</strong></span> <span class='ocrx_word' id='word_1_325' title='bbox 1547 446 1632 482; x_wconf 87' lang='lat' dir='ltr'><strong>haec</strong></span> <span class='ocrx_word' id='word_1_326' title='bbox 1646 449 1770 493; x_wconf 79' lang='lat' dir='ltr'><strong>regio?</strong></span> <span class='ocrx_word' id='word_1_327' title='bbox 1798 450 1894 485; x_wconf 90' lang='lat' dir='ltr'><strong>cuius</strong></span> <span class='ocrx_word' id='word_1_328' title='bbox 1911 457 1993 485; x_wconf 89' lang='lat' dir='ltr'><strong>sunt</strong></span> <span class='ocrx_word' id='word_1_329' title='bbox 2016 452 2102 486; x_wconf 86' lang='lat' dir='ltr'><strong>istae</strong></span> <span class='ocrx_word' id='word_1_330' title='bbox 2124 454 2241 498; x_wconf 87' lang='lat' dir='ltr'><strong>regiae</strong></span> 
     </span>
     <span class='ocr_line' id='line_1_63' title="bbox 1660 499 1786 533; baseline 0.008 -1"><span class='ocrx_word' id='word_1_331' title='bbox 1660 499 1786 533; x_wconf 82' lang='lat' dir='ltr'><strong>aedes?</strong></span> 
     </span>
     <span class='ocr_line' id='line_1_64' title="bbox 1305 547 2243 591; baseline 0.007 -10"><span class='ocrx_word' id='word_1_332' title='bbox 1305 551 1372 582; x_wconf 76' lang='lat' dir='ltr'><strong>An.</strong></span> <span class='ocrx_word' id='word_1_333' title='bbox 1408 549 1557 583; x_wconf 83' lang='lat' dir='ltr'><strong>Proteus</strong></span> <span class='ocrx_word' id='word_1_334' title='bbox 1588 547 1724 584; x_wconf 85' lang='lat' dir='ltr'><strong>habitat</strong></span> <span class='ocrx_word' id='word_1_335' title='bbox 1754 551 1789 583; x_wconf 90' lang='lat' dir='ltr'><strong>in</strong></span> <span class='ocrx_word' id='word_1_336' title='bbox 1820 549 1886 584; x_wconf 90' lang='lat' dir='ltr'><strong>hac</strong></span> <span class='ocrx_word' id='word_1_337' title='bbox 1909 553 2035 591; x_wconf 91' lang='lat' dir='ltr'><strong>domo;</strong></span> <span class='ocrx_word' id='word_1_338' title='bbox 2071 559 2164 587; x_wconf 89' lang='lat' dir='ltr'><strong>terra</strong></span> <span class='ocrx_word' id='word_1_339' title='bbox 2192 562 2243 589; x_wconf 87' lang='lat' dir='ltr'><strong>est</strong></span> 
     </span>
     <span class='ocr_line' id='line_1_65' title="bbox 1664 602 2177 649; baseline 0.012 -16"><span class='ocrx_word' id='word_1_340' title='bbox 1664 602 1718 634; x_wconf 85' lang='lat' dir='ltr'><strong>vel</strong></span> <span class='ocrx_word' id='word_1_341' title='bbox 1737 608 1883 635; x_wconf 87' lang='lat' dir='ltr'><strong>vocatur</strong></span> <span class='ocrx_word' id='word_1_342' title='bbox 1898 602 2090 649; x_wconf 83' lang='lat' dir='ltr'><strong>Aegyptus.</strong></span> <span class='ocrx_word' id='word_1_343' title='bbox 2175 605 2177 607; x_wconf 64' lang='grc'><strong>’</strong></span> 
     </span>
     <span class='ocr_line' id='line_1_66' title="bbox 1301 649 2243 701; baseline 0.01 -20"><span class='ocrx_word' id='word_1_344' title='bbox 1301 651 1397 684; x_wconf 78' lang='lat' dir='ltr'><strong>Men,</strong></span> <span class='ocrx_word' id='word_1_345' title='bbox 1414 649 1618 696; x_wconf 74' lang='lat' dir='ltr'><strong>Aegyptus?</strong></span> <span class='ocrx_word' id='word_1_346' title='bbox 1646 663 1666 684; x_wconf 94' lang='lat' dir='ltr'><strong>o</strong></span> <span class='ocrx_word' id='word_1_347' title='bbox 1685 664 1740 685; x_wconf 90' lang='lat' dir='ltr'><strong>me</strong></span> <span class='ocrx_word' id='word_1_348' title='bbox 1757 652 1945 694; x_wconf 90' lang='lat' dir='ltr'><strong>infelicem,</strong></span> <span class='ocrx_word' id='word_1_349' title='bbox 1965 667 2035 700; x_wconf 92' lang='lat' dir='ltr'><strong>quo</strong></span> <span class='ocrx_word' id='word_1_350' title='bbox 2052 656 2243 701; x_wconf 80' lang='lat' dir='ltr'><strong>navigavi?</strong></span> 
     </span>
     <span class='ocr_line' id='line_1_67' title="bbox 1304 701 1970 746; baseline 0.008 -13"><span class='ocrx_word' id='word_1_351' title='bbox 1304 702 1372 734; x_wconf 79' lang='lat' dir='ltr'><strong>An.</strong></span> <span class='ocrx_word' id='word_1_352' title='bbox 1400 701 1455 734; x_wconf 84' lang='lat' dir='ltr'><strong>An</strong></span> <span class='ocrx_word' id='word_1_353' title='bbox 1475 709 1512 735; x_wconf 88' lang='lat' dir='ltr'><strong>tu</strong></span> <span class='ocrx_word' id='word_1_354' title='bbox 1532 703 1730 736; x_wconf 86' lang='lat' dir='ltr'><strong>contemnis</strong></span> <span class='ocrx_word' id='word_1_355' title='bbox 1749 715 1858 746; x_wconf 82' lang='lat' dir='ltr'><strong>genus</strong></span> <span class='ocrx_word' id='word_1_356' title='bbox 1873 704 1970 738; x_wconf 85' lang='lat' dir='ltr'><strong>Nili?</strong></span> 
     </span>
     <span class='ocr_line' id='line_1_68' title="bbox 1255 747 2244 800; baseline 0.009 -19"><span class='ocrx_word' id='word_1_357' title='bbox 1255 747 1328 784; x_wconf 86' lang='lat'><strong>470</strong></span> <span class='ocrx_word' id='word_1_358' title='bbox 1356 753 1451 786; x_wconf 79' lang='lat' dir='ltr'><strong>Men.</strong></span> <span class='ocrx_word' id='word_1_359' title='bbox 1488 753 1570 788; x_wconf 87' lang='lat' dir='ltr'><strong>Non</strong></span> <span class='ocrx_word' id='word_1_360' title='bbox 1593 759 1782 787; x_wconf 88' lang='lat' dir='ltr'><strong>contemno</strong></span> <span class='ocrx_word' id='word_1_361' title='bbox 1806 755 1859 793; x_wconf 91' lang='lat' dir='ltr'><strong>id;</strong></span> <span class='ocrx_word' id='word_1_362' title='bbox 1901 767 2003 800; x_wconf 84' lang='lat' dir='ltr'><strong>gemo</strong></span> <span class='ocrx_word' id='word_1_363' title='bbox 2027 769 2142 790; x_wconf 89' lang='lat' dir='ltr'><strong>meam</strong></span> <span class='ocrx_word' id='word_1_364' title='bbox 2173 757 2244 790; x_wconf 85' lang='lat' dir='ltr'><strong>for-</strong></span> 
     </span>
     <span class='ocr_line' id='line_1_69' title="bbox 1667 810 1803 838; baseline 0.007 -1"><span class='ocrx_word' id='word_1_365' title='bbox 1667 810 1803 838; x_wconf 88' lang='lat' dir='ltr'><strong>tunam.</strong></span> 
     </span>
     <span class='ocr_line' id='line_1_70' title="bbox 1304 852 2073 895; baseline 0.009 -11"><span class='ocrx_word' id='word_1_366' title='bbox 1304 854 1372 885; x_wconf 77' lang='lat' dir='ltr'><strong>An.</strong></span> <span class='ocrx_word' id='word_1_367' title='bbox 1400 852 1505 886; x_wconf 87' lang='lat' dir='ltr'><strong>Multi</strong></span> <span class='ocrx_word' id='word_1_368' title='bbox 1521 860 1602 887; x_wconf 91' lang='lat' dir='ltr'><strong>sunt</strong></span> <span class='ocrx_word' id='word_1_369' title='bbox 1619 854 1794 895; x_wconf 80' lang='lat' dir='ltr'><strong>infelices,</strong></span> <span class='ocrx_word' id='word_1_370' title='bbox 1821 867 1894 888; x_wconf 89' lang='lat' dir='ltr'><strong>non</strong></span> <span class='ocrx_word' id='word_1_371' title='bbox 1911 862 1949 889; x_wconf 89' lang='lat' dir='ltr'><strong>tu</strong></span> <span class='ocrx_word' id='word_1_372' title='bbox 1966 857 2073 891; x_wconf 89' lang='lat' dir='ltr'><strong>solus.</strong></span> 
     </span>
     <span class='ocr_line' id='line_1_71' title="bbox 1306 903 2032 952; baseline 0.006 -16"><span class='ocrx_word' id='word_1_373' title='bbox 1306 903 1402 937; x_wconf 73' lang='lat' dir='ltr'><strong>Men.</strong></span> <span class='ocrx_word' id='word_1_374' title='bbox 1429 903 1537 938; x_wconf 86' lang='lat' dir='ltr'><strong>Estne</strong></span> <span class='ocrx_word' id='word_1_375' title='bbox 1553 906 1650 937; x_wconf 91' lang='lat' dir='ltr'><strong>domi</strong></span> <span class='ocrx_word' id='word_1_376' title='bbox 1667 918 1727 939; x_wconf 82' lang='lat' dir='ltr'><strong>rex</strong></span> <span class='ocrx_word' id='word_1_377' title='bbox 1739 933 1747 946; x_wconf 92' lang='lat'><strong>,</strong></span> <span class='ocrx_word' id='word_1_378' title='bbox 1777 907 1819 939; x_wconf 93' lang='lat' dir='ltr'><strong>de</strong></span> <span class='ocrx_word' id='word_1_379' title='bbox 1835 919 1906 952; x_wconf 93' lang='lat' dir='ltr'><strong>quo</strong></span> <span class='ocrx_word' id='word_1_380' title='bbox 1921 907 2032 941; x_wconf 87' lang='lat' dir='ltr'><strong>dicis?</strong></span> 
     </span>
     <span class='ocr_line' id='line_1_72' title="bbox 1306 953 2245 1001; baseline 0.006 -15"><span class='ocrx_word' id='word_1_381' title='bbox 1306 955 1374 987; x_wconf 78' lang='lat' dir='ltr'><strong>An.</strong></span> <span class='ocrx_word' id='word_1_382' title='bbox 1402 953 1478 988; x_wconf 90' lang='lat' dir='ltr'><strong>Hoc</strong></span> <span class='ocrx_word' id='word_1_383' title='bbox 1494 961 1545 990; x_wconf 88' lang='lat' dir='ltr'><strong>est</strong></span> <span class='ocrx_word' id='word_1_384' title='bbox 1561 956 1634 990; x_wconf 90' lang='lat' dir='ltr'><strong>eius</strong></span> <span class='ocrx_word' id='word_1_385' title='bbox 1659 955 1904 1001; x_wconf 85' lang='lat' dir='ltr'><strong>sepulchrum,</strong></span> <span class='ocrx_word' id='word_1_386' title='bbox 1937 958 2030 992; x_wconf 87' lang='lat' dir='ltr'><strong>filius</strong></span> <span class='ocrx_word' id='word_1_387' title='bbox 2055 965 2106 992; x_wconf 87' lang='lat' dir='ltr'><strong>est</strong></span> <span class='ocrx_word' id='word_1_388' title='bbox 2131 959 2245 992; x_wconf 89' lang='lat' dir='ltr'><strong>domi-</strong></span> 
     </span>
     <span class='ocr_line' id='line_1_73' title="bbox 1667 1014 1875 1041; baseline 0.01 -2"><span class='ocrx_word' id='word_1_389' title='bbox 1667 1020 1732 1041; x_wconf 88' lang='lat' dir='ltr'><strong>nus</strong></span> <span class='ocrx_word' id='word_1_390' title='bbox 1749 1014 1875 1041; x_wconf 87' lang='lat' dir='ltr'><strong>terrae.</strong></span> 
     </span>
     <span class='ocr_line' id='line_1_74' title="bbox 1307 1054 2114 1098; baseline 0.007 -12"><span class='ocrx_word' id='word_1_391' title='bbox 1307 1054 1404 1087; x_wconf 81' lang='lat' dir='ltr'><strong>Men.</strong></span> <span class='ocrx_word' id='word_1_392' title='bbox 1432 1056 1500 1088; x_wconf 85' lang='lat' dir='ltr'><strong>Ubi</strong></span> <span class='ocrx_word' id='word_1_393' title='bbox 1520 1057 1594 1090; x_wconf 83' lang='lat' dir='ltr'><strong>est?</strong></span> <span class='ocrx_word' id='word_1_394' title='bbox 1647 1058 1776 1091; x_wconf 85' lang='lat' dir='ltr'><strong>Utrum</strong></span> <span class='ocrx_word' id='word_1_395' title='bbox 1794 1059 1898 1098; x_wconf 87' lang='lat' dir='ltr'><strong>foris,</strong></span> <span class='ocrx_word' id='word_1_396' title='bbox 1926 1070 1972 1090; x_wconf 94' lang='lat' dir='ltr'><strong>an</strong></span> <span class='ocrx_word' id='word_1_397' title='bbox 1991 1059 2114 1092; x_wconf 77' lang='lat' dir='ltr'><strong>domi?</strong></span> 
     </span>
    </p>

    <p class='ocr_par' dir='ltr' id='par_1_13' title="bbox 1258 1102 2245 1249">
     <span class='ocr_line' id='line_1_75' title="bbox 1258 1102 2245 1148; baseline 0.007 -12"><span class='ocrx_word' id='word_1_398' title='bbox 1258 1102 1331 1136; x_wconf 89' lang='lat'><strong>475</strong></span> <span class='ocrx_word' id='word_1_399' title='bbox 1358 1107 1425 1139; x_wconf 78' lang='lat' dir='ltr'><strong>An.</strong></span> <span class='ocrx_word' id='word_1_400' title='bbox 1454 1107 1535 1140; x_wconf 92' lang='lat' dir='ltr'><strong>Non</strong></span> <span class='ocrx_word' id='word_1_401' title='bbox 1553 1115 1604 1141; x_wconf 91' lang='lat' dir='ltr'><strong>est</strong></span> <span class='ocrx_word' id='word_1_402' title='bbox 1620 1107 1725 1148; x_wconf 85' lang='lat' dir='ltr'><strong>intus,</strong></span> <span class='ocrx_word' id='word_1_403' title='bbox 1755 1115 1804 1142; x_wconf 90' lang='lat' dir='ltr'><strong>est</strong></span> <span class='ocrx_word' id='word_1_404' title='bbox 1822 1109 2076 1143; x_wconf 86' lang='lat' dir='ltr'><strong>infensissimus</strong></span> <span class='ocrx_word' id='word_1_405' title='bbox 2087 1109 2245 1144; x_wconf 82' lang='lat' dir='ltr'><strong>Graecis.</strong></span> 
     </span>
     <span class='ocr_line' id='line_1_76' title="bbox 1305 1156 2170 1204; baseline 0.006 -17"><span class='ocrx_word' id='word_1_406' title='bbox 1305 1156 1402 1190; x_wconf 82' lang='lat' dir='ltr'><strong>Men.</strong></span> <span class='ocrx_word' id='word_1_407' title='bbox 1430 1157 1545 1201; x_wconf 87' lang='lat' dir='ltr'><strong>Qaum</strong></span> <span class='ocrx_word' id='word_1_408' title='bbox 1567 1170 1706 1191; x_wconf 86' lang='lat' dir='ltr'><strong>causam</strong></span> <span class='ocrx_word' id='word_1_409' title='bbox 1724 1157 1849 1198; x_wconf 83' lang='lat' dir='ltr'><strong>habet,</strong></span> <span class='ocrx_word' id='word_1_410' title='bbox 1878 1172 1985 1204; x_wconf 87' lang='lat' dir='ltr'><strong>quam</strong></span> <span class='ocrx_word' id='word_1_411' title='bbox 2003 1171 2067 1203; x_wconf 86' lang='lat' dir='ltr'><strong>ego</strong></span> <span class='ocrx_word' id='word_1_412' title='bbox 2083 1160 2170 1194; x_wconf 87' lang='lat' dir='ltr'><strong>luo?</strong></span> 
     </span>
     <span class='ocr_line' id='line_1_77' title="bbox 1309 1206 2130 1249; baseline 0.007 -11"><span class='ocrx_word' id='word_1_413' title='bbox 1309 1208 1376 1239; x_wconf 83' lang='lat' dir='ltr'><strong>An.</strong></span> <span class='ocrx_word' id='word_1_414' title='bbox 1403 1207 1535 1241; x_wconf 90' lang='lat' dir='ltr'><strong>Helena</strong></span> <span class='ocrx_word' id='word_1_415' title='bbox 1556 1216 1605 1242; x_wconf 87' lang='lat' dir='ltr'><strong>est</strong></span> <span class='ocrx_word' id='word_1_416' title='bbox 1624 1208 1659 1240; x_wconf 93' lang='lat' dir='ltr'><strong>in</strong></span> <span class='ocrx_word' id='word_1_417' title='bbox 1678 1206 1731 1242; x_wconf 80' lang='lat' dir='ltr'><strong>his</strong></span> <span class='ocrx_word' id='word_1_418' title='bbox 1747 1209 1911 1249; x_wconf 82' lang='lat' dir='ltr'><strong>aedibus,</strong></span> <span class='ocrx_word' id='word_1_419' title='bbox 1937 1210 2008 1242; x_wconf 86' lang='lat' dir='ltr'><strong>filia</strong></span> <span class='ocrx_word' id='word_1_420' title='bbox 2026 1209 2130 1244; x_wconf 87' lang='lat' dir='ltr'><strong>Iovis.</strong></span> 
     </span>
    </p>

    <p class='ocr_par' dir='ltr' id='par_1_14' title="bbox 1309 1257 2244 1345">
     <span class='ocr_line' id='line_1_78' title="bbox 1309 1257 2244 1304; baseline 0.004 -15"><span class='ocrx_word' id='word_1_421' title='bbox 1309 1257 1403 1292; x_wconf 68' lang='lat' dir='ltr'><strong>BIen.</strong></span> <span class='ocrx_word' id='word_1_422' title='bbox 1433 1259 1624 1304; x_wconf 86' lang='lat' dir='ltr'><strong>Quomodo</strong></span> <span class='ocrx_word' id='word_1_423' title='bbox 1645 1259 1720 1292; x_wconf 85' lang='lat' dir='ltr'><strong>ais?</strong></span> <span class='ocrx_word' id='word_1_424' title='bbox 1748 1271 1851 1304; x_wconf 90' lang='lat' dir='ltr'><strong>quem</strong></span> <span class='ocrx_word' id='word_1_425' title='bbox 1877 1271 2078 1293; x_wconf 87' lang='lat' dir='ltr'><strong>sermonem</strong></span> <span class='ocrx_word' id='word_1_426' title='bbox 2101 1260 2244 1294; x_wconf 82' lang='lat' dir='ltr'><strong>dixisti?</strong></span> 
     </span>
     <span class='ocr_line' id='line_1_79' title="bbox 1664 1308 1986 1345; baseline 0.006 -3"><span class='ocrx_word' id='word_1_427' title='bbox 1664 1310 1718 1343; x_wconf 93' lang='lat' dir='ltr'><strong>dic</strong></span> <span class='ocrx_word' id='word_1_428' title='bbox 1738 1308 1826 1343; x_wconf 90' lang='lat' dir='ltr'><strong>mihi</strong></span> <span class='ocrx_word' id='word_1_429' title='bbox 1846 1310 1986 1345; x_wconf 88' lang='lat' dir='ltr'><strong>iterum.</strong></span> 
     </span>
    </p>

    <p class='ocr_par' dir='ltr' id='par_1_15' title="bbox 1307 1359 2243 1444">
     <span class='ocr_line' id='line_1_80' title="bbox 1307 1359 2243 1406; baseline 0.002 -13"><span class='ocrx_word' id='word_1_430' title='bbox 1307 1362 1375 1393; x_wconf 79' lang='lat' dir='ltr'><strong>An.</strong></span> <span class='ocrx_word' id='word_1_431' title='bbox 1402 1359 1490 1392; x_wconf 84' lang='lat' dir='ltr'><strong>Filia</strong></span> <span class='ocrx_word' id='word_1_432' title='bbox 1509 1360 1688 1405; x_wconf 83' lang='lat' dir='ltr'><strong>Tyndari,</strong></span> <span class='ocrx_word' id='word_1_433' title='bbox 1725 1372 1814 1406; x_wconf 90' lang='lat' dir='ltr'><strong>quae</strong></span> <span class='ocrx_word' id='word_1_434' title='bbox 1841 1361 1878 1393; x_wconf 91' lang='lat' dir='ltr'><strong>in</strong></span> <span class='ocrx_word' id='word_1_435' title='bbox 1902 1361 2028 1406; x_wconf 87' lang='lat' dir='ltr'><strong>Sparta</strong></span> <span class='ocrx_word' id='word_1_436' title='bbox 2052 1361 2243 1406; x_wconf 88' lang='lat' dir='ltr'><strong>aliquando</strong></span> 
     </span>
     <span class='ocr_line' id='line_1_81' title="bbox 1664 1411 1742 1444; baseline 0 0"><span class='ocrx_word' id='word_1_437' title='bbox 1664 1411 1742 1444; x_wconf 83' lang='lat' dir='ltr'><strong>fuit.</strong></span> 
     </span>
    </p>

    <p class='ocr_par' dir='ltr' id='par_1_16' title="bbox 1257 1460 2243 1559">
     <span class='ocr_line' id='line_1_82' title="bbox 1257 1460 2243 1506; baseline 0.001 -13"><span class='ocrx_word' id='word_1_438' title='bbox 1257 1460 1332 1494; x_wconf 84' lang='lat'><strong>480</strong></span> <span class='ocrx_word' id='word_1_439' title='bbox 1358 1462 1454 1495; x_wconf 74' lang='lat' dir='ltr'><strong>Men.</strong></span> <span class='ocrx_word' id='word_1_440' title='bbox 1470 1461 1572 1494; x_wconf 88' lang='lat' dir='ltr'><strong>Unde</strong></span> <span class='ocrx_word' id='word_1_441' title='bbox 1588 1461 1709 1494; x_wconf 85' lang='lat' dir='ltr'><strong>venit?</strong></span> <span class='ocrx_word' id='word_1_442' title='bbox 1731 1473 1837 1506; x_wconf 89' lang='lat' dir='ltr'><strong>quam</strong></span> <span class='ocrx_word' id='word_1_443' title='bbox 1854 1462 2029 1496; x_wconf 89' lang='lat' dir='ltr'><strong>rationem</strong></span> <span class='ocrx_word' id='word_1_444' title='bbox 2044 1474 2098 1496; x_wconf 88' lang='lat' dir='ltr'><strong>res</strong></span> <span class='ocrx_word' id='word_1_445' title='bbox 2115 1460 2243 1495; x_wconf 86' lang='lat' dir='ltr'><strong>habet?</strong></span> 
     </span>
     <span class='ocr_line' id='line_1_83' title="bbox 1307 1510 1999 1559; baseline 0.003 -15"><span class='ocrx_word' id='word_1_446' title='bbox 1307 1514 1375 1545; x_wconf 82' lang='lat' dir='ltr'><strong>An.</strong></span> <span class='ocrx_word' id='word_1_447' title='bbox 1402 1511 1454 1544; x_wconf 77' lang='lat' dir='ltr'><strong>Ex</strong></span> <span class='ocrx_word' id='word_1_448' title='bbox 1463 1512 1508 1559; x_wconf 75' lang='grc'><strong>35)</strong></span> <span class='ocrx_word' id='word_1_449' title='bbox 1524 1511 1791 1545; x_wconf 84' lang='lat' dir='ltr'><strong>Lacedaemone</strong></span> <span class='ocrx_word' id='word_1_450' title='bbox 1808 1510 1876 1546; x_wconf 93' lang='lat' dir='ltr'><strong>huc</strong></span> <span class='ocrx_word' id='word_1_451' title='bbox 1891 1513 1999 1546; x_wconf 75' lang='lat' dir='ltr'><strong>venit.</strong></span> 
     </span>
    </p>

    <p class='ocr_par' dir='ltr' id='par_1_17' title="bbox 1307 1563 2244 1646">
     <span class='ocr_line' id='line_1_84' title="bbox 1307 1563 2244 1607; baseline -0.001 -11"><span class='ocrx_word' id='word_1_452' title='bbox 1307 1563 1401 1596; x_wconf 77' lang='lat' dir='ltr'><strong>Men.</strong></span> <span class='ocrx_word' id='word_1_453' title='bbox 1430 1563 1610 1607; x_wconf 84' lang='lat' dir='ltr'><strong>Quando?</strong></span> <span class='ocrx_word' id='word_1_454' title='bbox 1638 1576 1722 1596; x_wconf 87' lang='lat' dir='ltr'><strong>num</strong></span> <span class='ocrx_word' id='word_1_455' title='bbox 1742 1563 1883 1606; x_wconf 83' lang='lat' dir='ltr'><strong>spoliati</strong></span> <span class='ocrx_word' id='word_1_456' title='bbox 1900 1576 2020 1597; x_wconf 86' lang='lat' dir='ltr'><strong>sumus</strong></span> <span class='ocrx_word' id='word_1_457' title='bbox 2038 1563 2185 1606; x_wconf 87' lang='lat' dir='ltr'><strong>coniuge</strong></span> <span class='ocrx_word' id='word_1_458' title='bbox 2203 1574 2244 1595; x_wconf 86' lang='lat' dir='ltr'><strong>ex</strong></span> 
     </span>
     <span class='ocr_line' id='line_1_85' title="bbox 1659 1613 1790 1646; baseline 0 0"><span class='ocrx_word' id='word_1_459' title='bbox 1659 1613 1790 1646; x_wconf 75' lang='lat' dir='ltr'><strong>antro?</strong></span> 
     </span>
    </p>

    <p class='ocr_par' dir='ltr' id='par_1_18' title="bbox 1308 1663 2243 1759">
     <span class='ocr_line' id='line_1_86' title="bbox 1308 1663 2243 1710; baseline 0 -15"><span class='ocrx_word' id='word_1_460' title='bbox 1308 1665 1375 1696; x_wconf 87' lang='lat' dir='ltr'><strong>An.</strong></span> <span class='ocrx_word' id='word_1_461' title='bbox 1404 1664 1671 1710; x_wconf 64' lang='lat' dir='ltr'><strong>Priusquamssss)</strong></span> <span class='ocrx_word' id='word_1_462' title='bbox 1691 1664 1817 1698; x_wconf 87' lang='lat' dir='ltr'><strong>Graeci</strong></span> <span class='ocrx_word' id='word_1_463' title='bbox 1833 1665 1995 1698; x_wconf 86' lang='lat' dir='ltr'><strong>venirent</strong></span> <span class='ocrx_word' id='word_1_464' title='bbox 2018 1665 2063 1697; x_wconf 88' lang='lat' dir='ltr'><strong>ad</strong></span> <span class='ocrx_word' id='word_1_465' title='bbox 2082 1663 2243 1704; x_wconf 87' lang='lat' dir='ltr'><strong>Troiam,</strong></span> 
     </span>
     <span class='ocr_line' id='line_1_87' title="bbox 1666 1713 1842 1759; baseline 0.006 -11"><span class='ocrx_word' id='word_1_466' title='bbox 1666 1728 1685 1748; x_wconf 93' lang='grc' dir='ltr'>ο</span> <span class='ocrx_word' id='word_1_467' title='bbox 1703 1713 1842 1759; x_wconf 87' lang='lat' dir='ltr'><strong>hospes.</strong></span> 
     </span>
    </p>

    <p class='ocr_par' dir='ltr' id='par_1_19' title="bbox 1308 1764 2243 1850">
     <span class='ocr_line' id='line_1_88' title="bbox 1308 1764 2243 1811; baseline -0.002 -12"><span class='ocrx_word' id='word_1_468' title='bbox 1308 1766 1376 1799; x_wconf 86' lang='lat' dir='ltr'><strong>Sed</strong></span> <span class='ocrx_word' id='word_1_469' title='bbox 1412 1766 1550 1799; x_wconf 86' lang='lat' dir='ltr'><strong>discede</strong></span> <span class='ocrx_word' id='word_1_470' title='bbox 1586 1778 1604 1799; x_wconf 86' lang='lat' dir='ltr'><strong>a</strong></span> <span class='ocrx_word' id='word_1_471' title='bbox 1639 1768 1764 1805; x_wconf 90' lang='lat' dir='ltr'><strong>domo;</strong></span> <span class='ocrx_word' id='word_1_472' title='bbox 1809 1777 1891 1798; x_wconf 88' lang='lat' dir='ltr'><strong>nam</strong></span> <span class='ocrx_word' id='word_1_473' title='bbox 1926 1772 1977 1799; x_wconf 90' lang='lat' dir='ltr'><strong>est</strong></span> <span class='ocrx_word' id='word_1_474' title='bbox 2004 1766 2177 1811; x_wconf 88' lang='lat' dir='ltr'><strong>quaedam</strong></span> <span class='ocrx_word' id='word_1_475' title='bbox 2206 1764 2243 1797; x_wconf 91' lang='lat' dir='ltr'><strong>in</strong></span> 
     </span>
     <span class='ocr_line' id='line_1_89' title="bbox 1666 1818 1774 1850; baseline 0 0"><span class='ocrx_word' id='word_1_476' title='bbox 1666 1818 1774 1850; x_wconf 86' lang='lat' dir='ltr'><strong>domo</strong></span> 
     </span>
    </p>

    <p class='ocr_par' dir='ltr' id='par_1_20' title="bbox 1258 1865 2029 1913">
     <span class='ocr_line' id='line_1_90' title="bbox 1258 1865 2029 1913; baseline 0 -12"><span class='ocrx_word' id='word_1_477' title='bbox 1258 1865 1331 1902; x_wconf 87' lang='lat'><strong>485</strong></span> <span class='ocrx_word' id='word_1_478' title='bbox 1359 1868 1465 1911; x_wconf 82' lang='lat' dir='ltr'><strong>Plaga</strong></span> <span class='ocrx_word' id='word_1_479' title='bbox 1484 1868 1578 1911; x_wconf 83' lang='lat' dir='ltr'><strong>regia</strong></span> <span class='ocrx_word' id='word_1_480' title='bbox 1592 1894 1600 1907; x_wconf 95' lang='lat'>‚</span> <span class='ocrx_word' id='word_1_481' title='bbox 1627 1880 1695 1913; x_wconf 91' lang='lat' dir='ltr'><strong>qua</strong></span> <span class='ocrx_word' id='word_1_482' title='bbox 1713 1869 1876 1901; x_wconf 85' lang='lat' dir='ltr'><strong>turbatur</strong></span> <span class='ocrx_word' id='word_1_483' title='bbox 1893 1869 2029 1901; x_wconf 89' lang='lat' dir='ltr'><strong>domus.</strong></span> 
     </span>
    </p>

    <p class='ocr_par' dir='ltr' id='par_1_21' title="bbox 1306 1919 2006 1963">
     <span class='ocr_line' id='line_1_91' title="bbox 1306 1919 2006 1963; baseline -0.004 -9"><span class='ocrx_word' id='word_1_484' title='bbox 1306 1920 1387 1954; x_wconf 89' lang='lat' dir='ltr'><strong>Non</strong></span> <span class='ocrx_word' id='word_1_485' title='bbox 1403 1919 1528 1952; x_wconf 79' lang='lat' dir='ltr'><strong>venisti</strong></span> <span class='ocrx_word' id='word_1_486' title='bbox 1543 1919 1768 1963; x_wconf 78' lang='lat' dir='ltr'><strong>tempestive3</strong></span> <span class='ocrx_word' id='word_1_487' title='bbox 1796 1919 1824 1952; x_wconf 90' lang='lat' dir='ltr'><strong>si</strong></span> <span class='ocrx_word' id='word_1_488' title='bbox 1840 1919 2006 1951; x_wconf 82' lang='lat' dir='ltr'><strong>dominus</strong></span> 
     </span>
    </p>

    <p class='ocr_par' dir='ltr' id='par_1_22' title="bbox 1305 1968 2059 2014">
     <span class='ocr_line' id='line_1_92' title="bbox 1305 1968 2059 2014; baseline -0.005 -10"><span class='ocrx_word' id='word_1_489' title='bbox 1305 1970 1490 2014; x_wconf 80' lang='lat' dir='ltr'><strong>Acceperit</strong></span> <span class='ocrx_word' id='word_1_490' title='bbox 1506 1977 1538 2003; x_wconf 88' lang='lat' dir='ltr'><strong>te</strong></span> <span class='ocrx_word' id='word_1_491' title='bbox 1549 1996 1557 2009; x_wconf 84' lang='lat'><strong>,</strong></span> <span class='ocrx_word' id='word_1_492' title='bbox 1584 1982 1681 2003; x_wconf 90' lang='lat' dir='ltr'><strong>mors</strong></span> <span class='ocrx_word' id='word_1_493' title='bbox 1698 1970 1764 2002; x_wconf 90' lang='lat' dir='ltr'><strong>erit</strong></span> <span class='ocrx_word' id='word_1_494' title='bbox 1781 1970 1843 2003; x_wconf 89' lang='lat' dir='ltr'><strong>tibi</strong></span> <span class='ocrx_word' id='word_1_495' title='bbox 1859 1970 1937 2002; x_wconf 94' lang='lat' dir='ltr'><strong>loco</strong></span> <span class='ocrx_word' id='word_1_496' title='bbox 1954 1968 2059 2002; x_wconf 85' lang='lat' dir='ltr'><strong>xenii.</strong></span> 
     </span>
    </p>

    <p class='ocr_par' dir='ltr' id='par_1_23' title="bbox 1306 2019 2087 2060">
     <span class='ocr_line' id='line_1_93' title="bbox 1306 2019 2087 2060; baseline -0.008 -4"><span class='ocrx_word' id='word_1_497' title='bbox 1306 2022 1483 2056; x_wconf 75' lang='lat' dir='ltr'><strong>Benevola</strong></span> <span class='ocrx_word' id='word_1_498' title='bbox 1502 2034 1578 2054; x_wconf 89' lang='lat' dir='ltr'><strong>sum</strong></span> <span class='ocrx_word' id='word_1_499' title='bbox 1598 2021 1760 2060; x_wconf 88' lang='lat' dir='ltr'><strong>Graecis,</strong></span> <span class='ocrx_word' id='word_1_500' title='bbox 1788 2021 1929 2054; x_wconf 85' lang='lat' dir='ltr'><strong>tametsi</strong></span> <span class='ocrx_word' id='word_1_501' title='bbox 1951 2019 2087 2053; x_wconf 90' lang='lat' dir='ltr'><strong>duriter</strong></span> 
     </span>
    </p>

    <p class='ocr_par' dir='ltr' id='par_1_24' title="bbox 1307 2071 2188 2111">
     <span class='ocr_line' id='line_1_94' title="bbox 1307 2071 2188 2111; baseline -0.006 -5"><span class='ocrx_word' id='word_1_502' title='bbox 1307 2074 1439 2106; x_wconf 91' lang='lat' dir='ltr'><strong>Tecum</strong></span> <span class='ocrx_word' id='word_1_503' title='bbox 1457 2084 1532 2106; x_wconf 93' lang='lat' dir='ltr'><strong>sum</strong></span> <span class='ocrx_word' id='word_1_504' title='bbox 1551 2072 1681 2111; x_wconf 90' lang='lat' dir='ltr'><strong>locuta,</strong></span> <span class='ocrx_word' id='word_1_505' title='bbox 1707 2071 1836 2105; x_wconf 87' lang='lat' dir='ltr'><strong>timens</strong></span> <span class='ocrx_word' id='word_1_506' title='bbox 1854 2071 2039 2104; x_wconf 89' lang='lat' dir='ltr'><strong>dominum</strong></span> <span class='ocrx_word' id='word_1_507' title='bbox 2057 2080 2188 2102; x_wconf 87' lang='lat' dir='ltr'><strong>meum.</strong></span> 
     </span>
    </p>

    <p class='ocr_par' dir='ltr' id='par_1_25' title="bbox 1258 2119 2239 2167">
     <span class='ocr_line' id='line_1_95' title="bbox 1258 2119 2239 2167; baseline -0.009 -8"><span class='ocrx_word' id='word_1_508' title='bbox 1258 2124 1331 2158; x_wconf 82' lang='lat'><strong>490</strong></span> <span class='ocrx_word' id='word_1_509' title='bbox 1357 2127 1452 2159; x_wconf 75' lang='lat' dir='ltr'><strong>Men.</strong></span> <span class='ocrx_word' id='word_1_510' title='bbox 1489 2123 1584 2167; x_wconf 90' lang='lat' dir='ltr'><strong>Quid</strong></span> <span class='ocrx_word' id='word_1_511' title='bbox 1611 2121 1751 2155; x_wconf 89' lang='lat' dir='ltr'><strong>dicam?</strong></span> <span class='ocrx_word' id='word_1_512' title='bbox 1791 2122 1877 2167; x_wconf 88' lang='lat' dir='ltr'><strong>quid</strong></span> <span class='ocrx_word' id='word_1_513' title='bbox 1903 2119 2054 2167; x_wconf 86' lang='lat' dir='ltr'><strong>loquar?</strong></span> <span class='ocrx_word' id='word_1_514' title='bbox 2094 2119 2239 2152; x_wconf 89' lang='lat' dir='ltr'><strong>miseras</strong></span> 
     </span>
    </p>

    <p class='ocr_par' dir='ltr' id='par_1_26' title="bbox 1662 2185 1850 2206">
     <span class='ocr_line' id='line_1_96' title="bbox 1662 2185 1850 2206; baseline 0 -1"><span class='ocrx_word' id='word_1_515' title='bbox 1662 2185 1850 2206; x_wconf 88' lang='lat' dir='ltr'><strong>aerumnas</strong></span> 
     </span>
    </p>

    <p class='ocr_par' dir='ltr' id='par_1_27' title="bbox 1303 2224 1852 2268">
     <span class='ocr_line' id='line_1_97' title="bbox 1303 2224 1852 2268; baseline -0.005 -10"><span class='ocrx_word' id='word_1_516' title='bbox 1303 2226 1420 2260; x_wconf 86' lang='lat' dir='ltr'><strong>Audio</strong></span> <span class='ocrx_word' id='word_1_517' title='bbox 1438 2224 1617 2268; x_wconf 83' lang='lat' dir='ltr'><strong>prioribus</strong></span> <span class='ocrx_word' id='word_1_518' title='bbox 1633 2225 1852 2257; x_wconf 89' lang='lat' dir='ltr'><strong>accedentes:</strong></span> 
     </span>
    </p>

    <p class='ocr_par' dir='ltr' id='par_1_28' title="bbox 1302 2272 1919 2318">
     <span class='ocr_line' id='line_1_98' title="bbox 1302 2272 1919 2318; baseline -0.008 -8"><span class='ocrx_word' id='word_1_519' title='bbox 1302 2277 1339 2310; x_wconf 91' lang='lat' dir='ltr'><strong>Si</strong></span> <span class='ocrx_word' id='word_1_520' title='bbox 1360 2277 1536 2309; x_wconf 89' lang='lat' dir='ltr'><strong>adducens</strong></span> <span class='ocrx_word' id='word_1_521' title='bbox 1556 2280 1732 2318; x_wconf 89' lang='lat' dir='ltr'><strong>receptam</strong></span> <span class='ocrx_word' id='word_1_522' title='bbox 1752 2287 1792 2307; x_wconf 84' lang='lat' dir='ltr'><strong>ex</strong></span> <span class='ocrx_word' id='word_1_523' title='bbox 1807 2272 1919 2306; x_wconf 87' lang='lat' dir='ltr'><strong>Troia</strong></span> 
     </span>
    </p>

    <p class='ocr_par' dir='ltr' id='par_1_29' title="bbox 1301 2320 2234 2415">
     <span class='ocr_line' id='line_1_99' title="bbox 1301 2320 2234 2370; baseline -0.009 -9"><span class='ocrx_word' id='word_1_524' title='bbox 1301 2327 1494 2370; x_wconf 83' lang='lat' dir='ltr'><strong>Coniugem</strong></span> <span class='ocrx_word' id='word_1_525' title='bbox 1512 2325 1616 2358; x_wconf 89' lang='lat' dir='ltr'><strong>venio</strong></span> <span class='ocrx_word' id='word_1_526' title='bbox 1628 2351 1637 2365; x_wconf 90' lang='lat'>‚</span> <span class='ocrx_word' id='word_1_527' title='bbox 1662 2331 1696 2358; x_wconf 93' lang='lat' dir='ltr'><strong>et</strong></span> <span class='ocrx_word' id='word_1_528' title='bbox 1710 2325 1739 2358; x_wconf 89' lang='lat' dir='ltr'><strong>si</strong></span> <span class='ocrx_word' id='word_1_529' title='bbox 1755 2325 1813 2357; x_wconf 88' lang='lat' dir='ltr'><strong>illa</strong></span> <span class='ocrx_word' id='word_1_530' title='bbox 1825 2351 1834 2365; x_wconf 89' lang='lat'>‚</span> <span class='ocrx_word' id='word_1_531' title='bbox 1859 2334 1949 2369; x_wconf 88' lang='lat' dir='ltr'><strong>quae</strong></span> <span class='ocrx_word' id='word_1_532' title='bbox 1966 2322 2003 2355; x_wconf 90' lang='lat' dir='ltr'><strong>in</strong></span> <span class='ocrx_word' id='word_1_533' title='bbox 2019 2327 2122 2355; x_wconf 90' lang='lat' dir='ltr'><strong>antro</strong></span> <span class='ocrx_word' id='word_1_534' title='bbox 2137 2320 2234 2360; x_wconf 87' lang='lat' dir='ltr'><strong>latet,</strong></span> 
     </span>
     <span class='ocr_line' id='line_1_100' title="bbox 1654 2375 1843 2415; baseline 0 -6"><span class='ocrx_word' id='word_1_535' title='bbox 1654 2375 1748 2409; x_wconf 86' lang='lat' dir='ltr'><strong>salva</strong></span> <span class='ocrx_word' id='word_1_536' title='bbox 1773 2381 1843 2415; x_wconf 87' lang='lat' dir='ltr'><strong>est,</strong></span> 
     </span>
    </p>

    <p class='ocr_par' dir='ltr' id='par_1_30' title="bbox 1297 2426 2006 2471">
     <span class='ocr_line' id='line_1_101' title="bbox 1297 2426 2006 2471; baseline -0.007 -8"><span class='ocrx_word' id='word_1_537' title='bbox 1297 2429 1343 2463; x_wconf 88' lang='lat' dir='ltr'><strong>Et</strong></span> <span class='ocrx_word' id='word_1_538' title='bbox 1359 2427 1491 2462; x_wconf 91' lang='lat' dir='ltr'><strong>habens</strong></span> <span class='ocrx_word' id='word_1_539' title='bbox 1510 2427 1602 2460; x_wconf 87' lang='lat' dir='ltr'><strong>idem</strong></span> <span class='ocrx_word' id='word_1_540' title='bbox 1618 2438 1750 2459; x_wconf 88' lang='lat' dir='ltr'><strong>nomen</strong></span> <span class='ocrx_word' id='word_1_541' title='bbox 1762 2453 1771 2467; x_wconf 90' lang='lat'><strong>,</strong></span> <span class='ocrx_word' id='word_1_542' title='bbox 1799 2426 1894 2471; x_wconf 90' lang='lat' dir='ltr'><strong>quod</strong></span> <span class='ocrx_word' id='word_1_543' title='bbox 1911 2436 1985 2458; x_wconf 90' lang='lat' dir='ltr'><strong>mea</strong></span> <span class='ocrx_word' id='word_1_544' title='bbox 1997 2451 2006 2464; x_wconf 88' lang='lat'><strong>,</strong></span> 
     </span>
    </p>
   </div>
   <div class='ocr_carea' id='block_1_13' title="bbox 1334 2517 1450 2521">
    <p class='ocr_par' dir='ltr' id='par_1_31' title="bbox 1334 2517 1450 2521">
     <span class='ocr_line' id='line_1_102' title="bbox 1334 2517 1450 2521; baseline 0 0"><span class='ocrx_word' id='word_1_545' title='bbox 1334 2517 1450 2521; x_wconf 95' lang='lat' dir='ltr'><strong> </strong></span> 
     </span>
    </p>
   </div>
   <div class='ocr_carea' id='block_1_14' title="bbox 1276 2564 2227 2712">
    <p class='ocr_par' dir='ltr' id='par_1_32' title="bbox 1279 2564 2227 2630">
     <span class='ocr_line' id='line_1_103' title="bbox 1279 2564 2227 2601; baseline -0.009 -4"><span class='ocrx_word' id='word_1_546' title='bbox 1279 2571 1325 2601; x_wconf 84' lang='lat'><strong>35)</strong></span> <span class='ocrx_word' id='word_1_547' title='bbox 1345 2572 1397 2596; x_wconf 80' lang='lat' dir='ltr'><strong>An.</strong></span> <span class='ocrx_word' id='word_1_548' title='bbox 1415 2571 1471 2599; x_wconf 87' lang='lat' dir='ltr'><strong>Ex]</strong></span> <span class='ocrx_word' id='word_1_549' title='bbox 1497 2569 1538 2593; x_wconf 90' lang='lat' dir='ltr'><strong>sic</strong></span> <span class='ocrx_word' id='word_1_550' title='bbox 1556 2568 1603 2600; x_wconf 73' lang='lat' dir='ltr'><strong>(z</strong></span> <span class='ocrx_word' id='word_1_551' title='bbox 1621 2570 1686 2595; x_wconf 83' lang='lat' dir='ltr'><strong>text.</strong></span> <span class='ocrx_word' id='word_1_552' title='bbox 1706 2568 1762 2600; x_wconf 81' lang='lat' dir='ltr'><strong>gr.)</strong></span> <span class='ocrx_word' id='word_1_553' title='bbox 1781 2569 1865 2593; x_wconf 85' lang='lat' dir='ltr'><strong>Editt.</strong></span> <span class='ocrx_word' id='word_1_554' title='bbox 1883 2568 1956 2592; x_wconf 80' lang='lat'>1558.</span> <span class='ocrx_word' id='word_1_555' title='bbox 1975 2568 2002 2590; x_wconf 85' lang='lat' dir='ltr'><strong>et</strong></span> <span class='ocrx_word' id='word_1_556' title='bbox 2021 2567 2153 2595; x_wconf 81' lang='lat' dir='ltr'><strong>recentt.;</strong></span> <span class='ocrx_word' id='word_1_557' title='bbox 2178 2564 2227 2588; x_wconf 83' lang='lat' dir='ltr'><strong>Ed.</strong></span> 
     </span>
     <span class='ocr_line' id='line_1_104' title="bbox 1313 2605 1612 2630; baseline -0.013 0"><span class='ocrx_word' id='word_1_558' title='bbox 1313 2606 1387 2630; x_wconf 79' lang='lat'>1562.</span> <span class='ocrx_word' id='word_1_559' title='bbox 1406 2605 1488 2628; x_wconf 80' lang='lat' dir='ltr'><strong>male:</strong></span> <span class='ocrx_word' id='word_1_560' title='bbox 1517 2605 1559 2627; x_wconf 78' lang='lat' dir='ltr'><strong>An</strong></span> <span class='ocrx_word' id='word_1_561' title='bbox 1581 2610 1612 2627; x_wconf 88' lang='lat' dir='ltr'><strong>ex</strong></span> 
     </span>
    </p>

    <p class='ocr_par' dir='ltr' id='par_1_33' title="bbox 1276 2643 2225 2712">
     <span class='ocr_line' id='line_1_105' title="bbox 1276 2643 2225 2678; baseline -0.009 -4"><span class='ocrx_word' id='word_1_562' title='bbox 1276 2650 1324 2678; x_wconf 78' lang='lat'><strong>36)</strong></span> <span class='ocrx_word' id='word_1_563' title='bbox 1343 2649 1396 2672; x_wconf 82' lang='lat' dir='ltr'><strong>An.</strong></span> <span class='ocrx_word' id='word_1_564' title='bbox 1418 2647 1594 2677; x_wconf 85' lang='lat' dir='ltr'><strong>Priusquam]</strong></span> <span class='ocrx_word' id='word_1_565' title='bbox 1628 2646 1667 2670; x_wconf 83' lang='lat' dir='ltr'><strong>sic</strong></span> <span class='ocrx_word' id='word_1_566' title='bbox 1690 2645 1736 2677; x_wconf 94' lang='lat'><strong>(=</strong></span> <span class='ocrx_word' id='word_1_567' title='bbox 1754 2646 1822 2671; x_wconf 83' lang='lat' dir='ltr'><strong>text.</strong></span> <span class='ocrx_word' id='word_1_568' title='bbox 1843 2646 1900 2677; x_wconf 83' lang='lat' dir='ltr'><strong>gr.)</strong></span> <span class='ocrx_word' id='word_1_569' title='bbox 1925 2644 2007 2668; x_wconf 84' lang='lat' dir='ltr'><strong>Editt.</strong></span> <span class='ocrx_word' id='word_1_570' title='bbox 2027 2643 2099 2667; x_wconf 81' lang='lat'><strong>1558.</strong></span> <span class='ocrx_word' id='word_1_571' title='bbox 2126 2643 2152 2666; x_wconf 84' lang='lat' dir='ltr'><strong>et</strong></span> <span class='ocrx_word' id='word_1_572' title='bbox 2177 2647 2225 2665; x_wconf 87' lang='lat' dir='ltr'><strong>re-</strong></span> 
     </span>
     <span class='ocr_line' id='line_1_106' title="bbox 1311 2680 1808 2712; baseline -0.008 -5"><span class='ocrx_word' id='word_1_573' title='bbox 1311 2684 1410 2712; x_wconf 84' lang='lat' dir='ltr'><strong>centt.;</strong></span> <span class='ocrx_word' id='word_1_574' title='bbox 1433 2682 1481 2706; x_wconf 88' lang='lat' dir='ltr'><strong>Ed.</strong></span> <span class='ocrx_word' id='word_1_575' title='bbox 1496 2681 1570 2706; x_wconf 77' lang='lat'>¹562.</span> <span class='ocrx_word' id='word_1_576' title='bbox 1588 2682 1631 2705; x_wconf 85' lang='lat' dir='ltr'><strong>An</strong></span> <span class='ocrx_word' id='word_1_577' title='bbox 1649 2680 1808 2711; x_wconf 82' lang='lat' dir='ltr'><strong>priusquam</strong></span> 
     </span>
    </p>
   </div>
   <div class='ocr_carea' id='block_1_15' title="bbox 2339 0 2373 2980">
    <p class='ocr_par' dir='ltr' id='par_1_34' title="bbox 2339 0 2373 2980">
     <span class='ocr_line' id='line_1_107' title="bbox 2339 0 2373 2980; baseline 0 0"><span class='ocrx_word' id='word_1_578' title='bbox 2339 0 2373 2980; x_wconf 95' lang='lat' dir='ltr'><strong> </strong></span> 
     </span>
    </p>
   </div>
  </div>
 </body>
</html>
