2373 2980
20 319 25 327 ·
22 267 25 277 v·
21 178 29 255 --⁴.⁴
20 0 30 167 ...μ-Μ·-

99 93 176 129 397
509 89 614 125 LVII.

101 182 165 214 bas
196 180 369 212 duxerant
401 177 616 216 exercitum,
646 176 848 221 perierunt;
880 183 914 209 et
939 177 1094 221 insepul-

101 238 157 265 tus
181 229 367 274 Polynices
401 228 633 272 proponitur3
664 235 698 261 et
721 228 880 272 Oedipus
904 240 945 261 ex
977 229 1091 271 patria

102 282 258 319 eiicitur,
286 286 319 312 et
344 291 413 312 una
440 292 518 312 cum
544 292 584 312 eo
617 280 687 312 filia
712 279 903 323 Antigone.
956 278 1090 312 Fabula

100 332 187 366 haec
210 329 319 364 habet
339 331 468 364 multas
494 343 684 375 personas,
709 337 744 364 et
767 332 870 375 plena
896 336 948 364 est
971 331 1092 364 multis

100 395 140 416 ac
158 382 422 427 praestantibus
443 382 638 416 sententiis.

497 458 549 490 Al
561 458 635 490 iud
651 457 695 504 ⁵).

201 518 278 551 Hoc
312 529 438 562 poema
463 514 651 561 pulchrum
675 522 726 549 est
746 515 782 549 in
815 522 991 560 apparatu
1020 529 1092 550 sce-

97 570 200 610 nico,
226 569 308 614 quia
333 569 444 601 multa
473 566 580 601 habet
603 567 859 601 additamenta.
912 568 1092 612 Antigone

97 621 141 654 de
165 620 352 653 moenibus
376 626 559 664 spectans,
585 631 660 651 non
684 625 735 652 est
765 630 847 663 pars
870 619 1032 657 sabulae;
1060 625 1093 651 et

95 672 197 706 factis
223 671 393 711 induciis,
419 671 607 716 Polynices
625 671 755 703 frustra
780 670 817 702 in
834 670 959 703 urbem
983 670 1092 704 venit.

97 723 212 767 Super
244 721 332 755 haec
365 722 485 754 omnia
508 721 669 765 Oedipus
697 721 840 765 loquaci
866 722 1023 755 carmine
1055 722 1091 754 in

97 774 242 807 exilium
270 773 417 814 missus,
441 773 607 806 adiicitur
631 783 862 816 supervacue.

167 857 416 892 Oraculum
449 858 601 890 datum
631 855 744 889 Laio
779 854 1014 889 Thebano.

144 917 232 951 Laie
251 916 453 950 Labdacida
471 915 502 963 ⁷)
526 916 685 961 postulas
703 916 846 949 beatum
865 927 973 959 genus
1002 914 1093 948 filio-

507 980 601 1002 rum.

146 1019 251 1053 Dabo
278 1020 342 1053 tibi
368 1017 514 1053 charum
541 1019 673 1057 filium;
703 1018 764 1051 sed
786 1017 893 1050 fatale
915 1023 979 1057 est,

147 1071 200 1105 Te
227 1071 330 1115 pueri
365 1071 417 1105 tui
445 1071 613 1104 manibus
646 1070 853 1102 relicturum
883 1075 1004 1107 tuum;
1043 1067 1092 1101 sic

514 1122 609 1155 enim
636 1120 764 1153 annuit

129 1230 162 1259 7)
179 1229 352 1258 Labdacida]
371 1228 411 1252 sic
428 1228 478 1252 Ed.
500 1227 592 1258 1562.;
609 1227 659 1251 Ed.
681 1227 754 1251 1558.
772 1226 934 1251 Labdacide.

661 89 1061 125 INTERPRETATIO
1087 90 1461 125 PHOENISSARUM
1488 88 1739 125 EURIPIDIS.

2069 89 2143 124 398

1200 176 1334 222 Iupiter
1351 177 1539 211 Saturnius
1551 203 1560 216 ‚
1585 187 1773 220 persuasus
1792 175 1878 208 diris
1904 173 2062 208 tristibus
2078 174 2145 208 Pe-

1557 228 1662 271 Iopis,

1201 278 1309 312 Cuius
1333 277 1478 312 charum
1503 278 1654 323 rapuisti
1682 277 1815 317 filium,
1841 276 1900 310 ille
1929 276 2144 320 imprecatus

1559 336 1611 362 est
1636 329 1700 362 tibi
1726 326 1812 361 haec
1841 327 2016 374 omnia⁸).

1399 413 1617 456 Aenigma
1650 411 1884 456 Sphingis.

1194 471 1259 506 Est
1281 472 1381 517 bipes
1406 473 1443 505 in
1467 473 1589 511 terris,
1615 478 1649 504 et
1673 473 1897 516 quadrupes,
1926 472 1981 505 cui
1998 484 2069 506 una
2089 478 2141 506 est

1560 535 1643 562 vox,

1194 574 1242 608 Et
1257 574 1366 619 tripes
1378 601 1386 615 ,
1402 575 1517 608 solum
1537 579 1654 607 mutat
1671 578 1838 605 naturam
1857 573 2033 613 omnium,
2052 584 2144 618 quae

1564 636 1672 669 super
1696 629 1829 656 terram

1196 675 1353 719 Reptilia
1380 682 1594 715 moventur,
1618 681 1652 708 et
1680 675 1716 706 in
1743 685 1823 706 aere
1850 672 1943 705 etin
1969 673 2073 707 mari.

1196 727 1266 760 Sed
1289 729 1435 772 quando
1460 727 1626 772 plurimis
1650 725 1822 759 festinans
1846 724 1995 768 pedibus
2018 724 2129 765 venit,

1199 778 1303 812 Tunc
1347 779 1509 812 celeritas
1542 778 1789 811 membrorum
1824 775 1898 809 eius
1927 775 2144 809 debilissima

1568 835 1620 863 est
1635 828 1679 875 ⁹).

1178 934 1209 967 8)
1230 936 1288 959 Hoc
1312 936 1452 959 oraculum
1472 935 1541 959 Laio
1564 935 1693 958 Thebano
1720 932 1821 956 editum
1844 934 1870 956 et
1894 932 2011 955 alterum
2038 931 2140 961 Oedipo

1214 971 1323 999 datum,
1349 978 1381 994 ex
1401 970 1556 998 Thebaicis,
1582 969 1609 992 in
1628 968 1678 993 Ed.
1698 966 1779 991 Bam.
1805 972 1906 997 graece
1931 972 1993 989 cum
2013 966 2141 989 Barnesii

1209 1005 1444 1033 interpretatione
1461 1005 1600 1034 leguntur.

1179 1055 1209 1087 9)
1231 1056 1288 1079 noc
1314 1056 1396 1079 etiam
1422 1055 1550 1085 aenigma
1576 1053 1704 1083 Sphingis
1731 1053 1916 1082 subsequente
1941 1050 2043 1080 duplici
2067 1051 2144 1075 solu-

1216 1091 1289 1113 tione
1309 1090 1491 1120 aenigmatis,
1512 1095 1545 1112 ex
1565 1088 1727 1117 Thebaicis,
1749 1087 1774 1110 in
1794 1087 1844 1112 Ed.
1864 1088 1943 1110 Bai-n.
1965 1091 2064 1116 graece
2083 1091 2144 1109 cum

1215 1125 1342 1148 Bai-nesii
1363 1123 1592 1153 interpretatione
1611 1123 1713 1146 exstat.
1756 1121 1830 1144 Haec
1855 1120 2021 1150 aenigmatis
2041 1120 2143 1144 solutio

1215 1160 1242 1182 et
1266 1159 1334 1182 illud
1359 1159 1499 1182 oraculum
1522 1157 1626 1186 Oedipo
1647 1157 1755 1184 datum,
1781 1161 1849 1185 quae
1876 1155 1903 1178 in
1921 1155 1971 1177 Ed.
1990 1155 2072 1179 Barn.
2091 1155 2143 1177 ad-

1215 1194 1273 1217 dita
1298 1196 1380 1223 sunt,
1408 1193 1577 1217 Melantlion.
1603 1192 1628 1215 h.
1648 1192 1665 1215 Ι.
1691 1196 1750 1213 eam
1777 1191 1810 1213 ob
1835 1194 1948 1213 causam
1972 1194 2027 1212 non
2046 1188 2143 1218 vertit,

1215 1227 1286 1258 quod
1305 1227 1332 1251 iu
1350 1227 1445 1256 Eurip.
1465 1227 1514 1250 Ed.
1535 1225 1619 1249 Basil.
1641 1225 1716 1249 1551.
1741 1225 1849 1247 desunt.

883 1312 1116 1346 Personae
1147 1314 1345 1348 fabulae.

195 1391 330 1426 Iocaste
1000 1390 1191 1435 Polynices
1838 1385 2054 1420 Internuntii
2071 1387 2143 1420 duo

195 1443 245 1476 Pa
252 1443 430 1486 edagogus
1003 1441 1167 1475 Eteocles
1848 1437 2008 1482 Oedipus

196 1494 378 1537 Antigone
1002 1493 1219 1526 Menoeceus
1846 1488 1965 1522 Creon

662 1549 802 1586 Chorus
837 1564 879 1585 ex
901 1550 1108 1587 Phoenissis
1135 1550 1356 1585 mulieribus.

1410 1549 1580 1583 Tiresias.

886 1633 1348 1667 PHOENISSAE.

384 1694 535 1728 Orditur
544 1692 589 1739 ¹⁰)
619 1695 800 1729 Iocaste.

149 1755 231 1795 Sol,
257 1755 319 1801 qui
343 1766 438 1788 secas
461 1753 556 1786 viam
585 1754 674 1787 coeli
698 1753 736 1786 in
763 1754 879 1794 astris,

145 1806 194 1840 Et
220 1807 257 1839 in
285 1818 392 1839 aurea
419 1806 518 1839 sedes
541 1807 636 1845 sede,

146 1858 304 1891 Volvens
330 1857 512 1890 flammam
536 1856 709 1889 celeribus
735 1855 854 1901 equis:

146 1910 265 1955 Quam
294 1908 469 1941 infelicem
496 1906 678 1942 Thebanis
705 1919 746 1940 eo
770 1913 844 1940 tum
873 1907 930 1940 die

92 1959 118 1996 5
148 1961 305 1994 Radium
335 1960 534 1999 immisisti,
562 1959 707 2004 quando
740 1957 896 1992 Cadmus
926 1958 1024 1991 venit
1053 1959 1091 1992 in

506 2008 599 2043 hanc
627 2016 758 2043 terram
771 2009 817 2056 ¹¹)

144 2063 366 2108 Relinquens
391 2059 646 2101 Phoeniciam,
670 2067 802 2093 terram
832 2060 1069 2094 maritimam!

144 2114 218 2160 Qui
244 2115 375 2147 (lucens
400 2112 638 2145 Harmoniam
663 2112 772 2144 filiam
798 2111 961 2152 Veneris,

142 2166 366 2210 Polydorum
393 2165 533 2208 genuit;
558 2176 600 2197 ex
624 2161 691 2196 hoc
718 2162 924 2197 Labdacum

142 2217 278 2250 Dicunt
299 2222 445 2256 natum,
470 2228 511 2249 ex
535 2228 576 2248 eo
602 2227 687 2247 vero
711 2213 852 2249 Laium.

95 2268 142 2302 10
165 2268 241 2313 Ego
266 2280 351 2301 vero
377 2280 487 2300 vocor
511 2267 582 2300 filia
608 2266 812 2305 Menoecei;

145 2320 192 2353 Et
216 2319 334 2354 Creon
359 2320 469 2352 frater
493 2324 597 2352 natus
621 2324 673 2351 est
696 2330 737 2351 ex
759 2318 882 2351 eadem
909 2322 1034 2350 matre.

130 2435 176 2462 1⁰)
197 2434 321 2467 orditur]
342 2435 384 2459 sie
403 2436 454 2462 Ed,
476 2435 567 2466 1562.;
586 2435 635 2464 Ed.
657 2435 732 2458 1558.
752 2433 865 2459 orditur
884 2434 985 2458 autem.
1010 2445 1036 2449 —
1058 2433 1088 2456 ln

162 2470 255 2499 Eurip.
273 2470 356 2494 Basil.
372 2471 446 2494 1551.
467 2472 494 2494 et
508 2471 598 2499 Barn.,
618 2471 723 2500 Musgr.
743 2470 811 2492 haec
825 2469 911 2491 verba
931 2473 985 2491 non
999 2467 1087 2497 primo

163 2505 257 2527 versui
276 2505 418 2535 praefixa,
444 2506 493 2528 sed
518 2510 699 2534 personarum
723 2505 802 2527 huius
827 2503 936 2526 fabulae
957 2503 1087 2532 catalogo

162 2536 189 2560 in
213 2538 266 2561 fine
290 2539 330 2562 sic
353 2539 481 2563 adiuncta
506 2542 584 2563 sunt:
620 2538 780 2571 Προλογίζει
804 2535 831 2561 δὲ
862 2533 876 2567 ἡ
896 2533 1032 2566 Ἰοκάστη.
1055 2550 1085 2553 --

169 2571 315 2602 Prologum
334 2575 424 2597 autem
443 2574 501 2605 agit
521 2574 638 2599 lot-asta.

131 2614 177 2641 11)
197 2614 312 2646 terram]
332 2616 372 2639 sic
393 2617 474 2640 Editt.
493 2617 579 2647 1562,
599 2618 690 2644 Bam,
709 2618 827 2647 Musgr„
847 2615 911 2640 Fix.
931 2616 981 2643 (=
994 2613 1086 2643 Eurip.

161 2649 224 2673 lect.
247 2651 363 2679 recept.:
389 2650 474 2682 γῆν);
503 2652 551 2675 Ed.
573 2652 647 2677 ¹558.
667 2653 772 2676 terram
790 2651 911 2675 Deorum
931 2654 978 2678 t:
992 2649 1086 2678 Eurip-

162 2683 209 2708 Ed.
232 2684 318 2708 nasu.
339 2685 412 2710 1551.
437 2684 492 2716 γῆν
508 2685 607 2714 θεῶν).

1196 1695 1339 1727 Vocant
1364 1705 1419 1726 me
1443 1691 1625 1731 Iocasten,
1654 1689 1739 1737 (hoc
1763 1691 1856 1724 enim
1882 1704 2016 1725 nomen
2041 1697 2143 1736 pater

1195 1745 1346 1790 Indidit)
1373 1744 1473 1777 duxit
1497 1756 1552 1776 me
1576 1742 1704 1781 Laius;
1746 1756 1825 1776 cum
1854 1750 1972 1776 autem
1999 1743 2074 1777 sine
2101 1742 2143 1774 li-

1559 1794 1654 1828 beris

1194 1848 1314 1887 Esset,
1339 1847 1400 1881 diu
1424 1845 1558 1880 habens
1577 1846 1796 1879 connubium
1815 1858 1933 1880 meum
1954 1846 1991 1878 in
2011 1846 2139 1878 domo:

1147 1898 1194 1934 15
1232 1899 1385 1932 Veniens
1408 1899 1607 1942 interrogat
1630 1895 1818 1931 Phoebum
1850 1904 1884 1931 et
1908 1897 2024 1943 poscit
2049 1908 2142 1931 mas·

1563 1949 1661 1982 culos

1193 2001 1345 2035 Liberos
1373 2002 1419 2034 ad
1446 2000 1742 2045 prorogationem
1769 2013 1851 2033 suae
1879 2000 2050 2034 familiae.

1192 2051 1253 2085 Ille
1277 2053 1463 2097 respondit
1480 2052 1532 2085 ei:
1558 2051 1590 2084 O
1608 2064 1668 2084 rex
1685 2051 1901 2097 equestrium
1919 2050 2140 2091 Thebarum,

1192 2104 1244 2138 Ne
1268 2104 1404 2137 semina
1430 2104 1625 2136 liberorum
1653 2103 1790 2136 sulcum
1816 2103 1937 2137 invitis
1962 2102 2057 2140 Diis;

1192 2155 1229 2189 Si
1254 2155 1348 2188 enim
1373 2155 1539 2200 genueris
1565 2154 1699 2194 filium,
1724 2154 1911 2187 interficiet
1925 2161 1958 2187 te
1975 2154 2053 2193 ille,
2077 2151 2138 2197 qui

1557 2212 1653 2239 satus
1676 2206 1796 2245 fuerit,

1141 2259 1192 2293 20
1226 2256 1272 2290 Et
1299 2264 1373 2290 tota
1401 2258 1529 2290 domus
1554 2263 1614 2290 tua
1644 2257 1709 2288 ibit
1732 2268 1795 2300 per
1821 2256 2045 2300 sanguinem.

1192 2308 1253 2342 llle
1278 2321 1364 2342 vero
1399 2310 1487 2341 dans
1512 2320 1547 2341 se
1576 2307 1774 2351 voluptati,
1805 2313 1840 2340 et
1863 2308 2062 2340 concedens
2087 2305 2140 2338 in-

1560 2358 1681 2392 saniae
1703 2356 1848 2398 Bacchi,

1192 2411 1390 2445 Seminavit
1424 2409 1528 2443 nobis
1565 2410 1698 2448 filium;
1740 2416 1773 2442 et
1813 2422 1892 2443 cum
1931 2409 2139 2443 seminasset

1559 2461 1746 2500 infantem,

1191 2513 1396 2557 Agnoscens
1420 2517 1578 2544 erratum
1604 2518 1638 2545 et
1664 2512 1732 2545 Dei
1758 2511 1956 2552 oraculum,

1191 2563 1228 2597 In
1252 2570 1394 2608 pratum
1419 2562 1566 2597 Iunonis
1589 2570 1623 2596 et
1649 2564 1791 2597 culmen
1817 2561 2043 2597 Cithaeronis

1139 2614 1190 2652 25
1220 2615 1292 2648 Dat
1318 2615 1521 2660 pastoribus
1547 2615 1677 2659 exponi
1704 2628 1869 2660 puerum,

1190 2667 1346 2700 Fodiens
1369 2668 1503 2700 ferreos
1530 2667 1670 2701 aculeos
1694 2679 1758 2711 per
1782 2667 1869 2699 tales
1893 2665 2042 2700 medios.
