2373 2980
238 103 330 139 1059

282 189 459 222 Alimenta
477 187 617 225 matris,
644 197 760 231 neque
775 185 913 218 lavacra
931 183 1108 218 manibus.

281 240 320 273 In
335 246 437 272 antro
455 240 592 272 deserto

233 289 329 324 1495
356 290 485 323 Avium
504 288 626 322 rostris

279 341 485 379 Necandus,
515 346 548 372 et
565 338 705 382 epulum
723 339 767 369 ad
787 342 938 370 mortem
957 334 1108 369 eiiciens.

280 395 350 425 lon.
379 391 411 424 O
428 391 548 435 gravia
569 400 652 423 ausa
673 395 797 421 mater.

558 471 771 520 [Sirophe
801 469 885 518 11.]

279 545 351 575 Cre.
379 541 477 574 Metu
498 540 684 573 constricta
705 546 801 572 tuam

279 592 444 625 Animam
463 591 600 636 perdidi
615 618 622 627 ,

230 642 327 675 1500
354 643 397 675 Et
419 643 530 676 occidi
548 649 579 674 te
600 641 721 674 invita.

278 695 347 726 Ion.
376 692 419 726 Et
437 706 477 727 ex
495 706 550 726 me
568 705 640 725 non
659 691 714 736 pie
731 695 873 722 mortua
891 701 936 721 es.

553 777 767 825 [Strophe
798 771 883 819 12]

277 849 350 881 Cre.
379 846 455 879 Heu
473 846 598 879 misera
618 843 760 889 quidem
783 848 863 874 tunc
880 841 1020 872 fortuna
1035 866 1043 879 ,

276 897 404 930 Misera
423 909 506 929 vero
528 902 560 929 et
579 894 681 928 liaec‘.

274 947 463 980 Volvimur
482 945 549 979 hue

229 996 323 1032 1505
351 998 466 1042 Atque
485 998 566 1029 illuc
585 993 782 1031 aerumnis,

272 1048 317 1081 Et
333 1060 473 1081 rursum
495 1048 538 1079 ad
558 1044 743 1079 meliorem
764 1043 946 1075 fortunam

272 1099 394 1132 Flatus
411 1098 539 1131 mutati
560 1101 654 1131 sunt.

272 1150 441 1182 Maneant
459 1149 578 1189 modo,
595 1145 769 1181 sufficiant
784 1142 966 1187 superiora
987 1141 1096 1177 mala;
1122 1151 1215 1172 nunc

272 1200 410 1233 Accidit
428 1200 601 1233 secundus
618 1202 764 1230 eventus
782 1207 822 1228 ex
841 1192 1008 1237 malisss).

227 1249 322 1284 1510
360 1252 455 1285 Cher.
494 1251 639 1291 „Nemo
662 1252 761 1292 putet
788 1245 982 1291 quidquam
1008 1240 1214 1275 hominibus

633 1310 791 1343 Uanlel'l

274 1352 526 1396 „Insperatum
546 1363 636 1390 esse,
665 1348 891 1382 considerans
917 1356 972 1383 ea,
1008 1354 1096 1388 quae
1121 1353 1214 1375 nunc

632 1400 808 1433 accidunt.

273 1457 342 1487 lon.
372 1453 434 1493 „O
453 1464 543 1498 quae
562 1458 678 1485 mutas
695 1447 973 1483 innumerabiles
990 1443 1172 1481 homines,

273 1532 294 1543 ,.
307 1505 354 1537 Ut
369 1504 438 1537 sint
456 1502 666 1536 infortunati
684 1508 717 1534 et
733 1512 853 1533 rursus
871 1495 1062 1535 fortunati,

272 1555 473 1594 „Fori11na,
503 1555 545 1586 ad
565 1553 668 1598 quale
686 1557 906 1584 momentum
927 1548 1020 1580 vitae
1040 1546 1212 1583 venimus,

226 1604 322 1640 1515
352 1606 398 1639 Ut
414 1612 529 1638 mater
545 1604 801 1637 interficeretur
820 1607 853 1633 et
868 1597 1030 1643 ferret⁴⁴)
1054 1596 1212 1639 indigna,

272 1656 409 1700 Papae!

272 1707 374 1741 Certe
392 1706 430 1739 in
443 1705 570 1740 lucidis
588 1705 671 1739 solis
690 1699 1067 1737 circumvolutionibus

271 1758 369 1791 Licet
386 1756 473 1790 haec
490 1757 650 1802 quotidie
669 1756 813 1788 discere.

255 1893 303 1920 43)
323 1892 387 1916 Cre.
411 1889 571 1919 Virginales
596 1901 620 1904 -
644 1885 731 1911 malis.
760 1886 815 1917 (vs.
838 1884 950 1907 1489-
967 1882 1072 1909 1509.)]
1095 1880 1133 1902 sic
1164 1879 1210 1905 Ed.

292 1925 385 1954 1562.;
411 1924 458 1947 Ed.
478 1923 563 1946 1555:

326 1960 389 1984 Cre.
412 1957 561 1985 virgineas
580 1961 647 1978 vero
667 1959 743 1977 meac
764 1953 860 1976 matris

325 1992 455 2021 Fascias,
482 1990 638 2020 tegumenta
657 1989 704 2011 tibi
725 1989 791 2010 haec

324 2026 463 2057 Appendi‚
482 2024 552 2047 radii
571 2029 644 2046 meos
665 2027 783 2046 errores,

325 2061 384 2084 Non
405 2061 476 2083 laete
496 2064 562 2082 vero
581 2056 694 2087 praebui
714 2061 800 2084 neque
818 2053 933 2077 mamma

325 2095 461 2118 Alimenta
480 2092 590 2120 matris,
616 2096 703 2120 neque
723 2090 834 2112 lavacra
853 2087 985 2111 manibus.

325 2129 378 2152 Per
397 2130 503 2151 autrum
523 2131 590 2148 vero
609 2125 764 2153 desertum,

324 2162 421 2186 Avium
441 2160 543 2184 rostris

325 2196 431 2221 Caedes
451 2196 477 2218 et
495 2199 560 2217 esca
577 2193 611 2216 ad
631 2192 745 2215 mortem
764 2188 882 2213 eiiceris.

324 2230 386 2254 lon.
407 2230 429 2253 0
448 2228 545 2260 gravia
563 2232 632 2250 ausa
650 2227 747 2249 mater.

327 2264 389 2289 Cre.
408 2263 437 2286 lu
457 2263 528 2285 metu
548 2260 716 2289 constricta,
742 2260 814 2281 tuam

319 2298 443 2322 Animam
462 2295 565 2320 abieci.
592 2300 606 2317 o
626 2294 681 2322 fili,

326 2331 454 2355 luterseci
476 2333 504 2353 te
524 2328 618 2352 invita.

327 2366 387 2389 lon.
408 2366 442 2388 Et
461 2371 493 2388 ex
514 2369 553 2386 me
571 2368 625 2385 non
644 2361 688 2391 pie
707 2362 815 2384 mortua
833 2366 872 2383 es.

328 2399 389 2423 Cre.
408 2399 436 2422 10
455 2398 557 2422 misera
575 2395 679 2425 quidem
699 2397 753 2418 tum
779 2395 906 2423 fortuna,

325 2433 429 2456 Misera
447 2437 513 2455 vero
534 2432 560 2453 et
578 2430 651 2453 haec.

325 2467 468 2490 Trahimur
486 2465 549 2488 iude

326 2501 385 2524 Huc
407 2499 582 2527 infelicitate,

325 2534 521 2563 Felicitateque
539 2537 655 2555 rursum.

327 2567 490 2592 commutati
509 2567 597 2590 autem
617 2566 681 2588 sunt
700 2566 788 2589 flatus.

326 2603 458 2626 Maneant
474 2600 567 2630 priora
586 2599 656 2622 satis
675 2600 755 2622 mala.
791 2598 866 2622 Nunc

327 2636 404 2660 Vero
423 2634 556 2665 contingit
573 2632 672 2662 aliquis
691 2634 791 2656 ventus
815 2639 847 2656 ex
865 2631 963 2659 maliS,
990 2636 1005 2654 o
1025 2629 1071 2653 fili.

257 2686 303 2718 44)
322 2687 422 2716 ferret]
443 2685 484 2709 sic
499 2684 549 2708 Ed.
565 2681 655 2710 1562.;
680 2682 762 2706 Editt.
782 2683 899 2706 recent.:
926 2681 985 2710 ipse
1004 2681 1123 2708 paterer.

811 98 933 134 PHlL.
966 97 1079 133 MEL.
1111 96 1312 133 SCRIPTA
1344 93 1679 130 PHILOLOGICA.

2154 102 2249 136 1060

1321 179 1478 216 Charum
1504 180 1646 226 quidem
1672 179 1854 213 inventum
1890 187 1939 222 te,
1979 189 2111 223 mater,
2155 184 2251 218 inve-

1678 242 1794 263 mmus
1805 257 1813 270 ‚

1318 282 1364 316 Et
1379 295 1487 327 genus
1501 279 1591 314 nihil
1609 280 1836 324 culpandum,
1860 282 1955 326 quod
1973 283 2015 315 ad
2034 281 2101 316 boc
2116 284 2251 319 attinet.

1271 333 1368 370 1520
1395 334 1541 367 Caetera
1558 344 1642 365 vero
1661 332 1705 364 ad
1724 338 1756 364 te
1775 332 1884 365 solam
1903 333 1983 365 volo
2000 334 2111 379 loqui.

1320 386 1396 418 Huc
1410 384 1546 423 accede,
1560 382 1597 415 in
1613 394 1735 415 aurem
1751 380 1816 420 hos
1832 395 2012 418 sermones
2028 385 2142 418 dicere
2158 386 2253 426 volo,

1318 435 1365 468 Et
1380 435 1561 467 involvere
1578 434 1740 467 tenebras
1757 431 1811 466 his
1828 434 1943 468 rebus.

1319 486 1426 525 Vide,
1454 491 1587 525 mater,
1614 497 1658 517 ne
1676 486 1819 528 decepta
1839 485 1939 529 virgo

1321 536 1549 569 Commiseris
1566 535 1689 568 vitium
1709 535 1746 568 in
1764 536 1953 569 concubitu
1971 548 2118 575 arcano3

1271 585 1368 622 1525
1396 586 1532 619 Deinde
1548 586 1624 619 Deo
1642 587 1821 630 imputans
1839 598 1977 620 causam
1992 614 2000 627 ‚

1320 638 1436 671 Meam
1457 638 1713 681 turpitudinem
1739 637 1890 681 effugere
1906 644 2031 670 conata
2043 665 2052 678 ,

1318 689 1499 733 Peperisse
1517 701 1572 721 me
1590 689 1684 721 dicas
1694 686 1839 721 Phoebo
1851 715 1859 729 ,
1887 702 1965 722 cum
1985 701 2057 721 non
2077 689 2255 734 pepereris

1677 752 1716 772 ex
1734 738 1822 773 Deo.

1320 793 1391 825 Cre.
1419 790 1520 830 Non,
1548 803 1610 834 per
1630 791 1857 824 adiuvantem
1875 790 2035 824 curribus

1318 841 1515 874 Victoriam
1532 840 1624 875 lovis
1639 842 1821 874 Palladem
1839 848 1960 875 contra
1978 841 2190 886 terrigenas:

1271 891 1367 926 1530
1395 892 1508 926 Nemo
1526 905 1566 925 ex
1583 893 1792 926 mortalibus
1809 900 1858 926 est
1874 893 1939 925 tibi
1954 899 2055 936 pater
2067 919 2075 932 ‚

1319 943 1386 976 Sed
1403 943 1464 988 qui
1481 949 1513 976 te
1532 943 1637 983 aluit,
1664 942 1858 989 Apollo45).

1319 996 1390 1026 lon.
1419 994 1610 1037 Quomodo
1636 994 1742 1038 igitur
1768 1007 1869 1028 suum
1897 994 2005 1027 filium
2032 993 2129 1027 dedit
2155 993 2256 1026 alteri

1680 1045 1794 1089 patri,

1319 1092 1372 1126 Ex
1390 1092 1508 1127 Xutho
1525 1107 1609 1127 vero
1627 1095 1711 1128 dicit
1729 1108 1786 1129 me
1804 1101 1926 1128 natum
1948 1107 2019 1129 esse
2037 1095 2147 1128 filium
2159 1094 2175 1127 ’.Ρ

1320 1144 1440 1190 Gresffi)
1460 1146 1542 1178 Non
1558 1146 1642 1178 dicit
1659 1153 1691 1179 te
1708 1153 1830 1179 natum
1849 1158 1932 1185 esse,
1957 1148 2016 1180 sed
2033 1152 2066 1179 te
2080 1147 2189 1179 donat
2207 1145 2256 1177 illi

1272 1192 1367 1228 1535
1394 1195 1447 1228 Ex
1462 1208 1496 1230 se
1514 1203 1649 1229 natum.
1703 1197 1794 1230 Nam
1814 1196 1947 1229 amicus
1968 1197 2083 1230 amico

1319 1246 1413 1279 Dare
1432 1254 1538 1292 queat
1554 1260 1655 1285 suum
1672 1248 1782 1280 filium
1798 1245 1986 1280 haeredem
2004 1249 2142 1281 domus.

1319 1299 1390 1331 Ιοη.
1426 1298 1520 1331 Deus
1545 1298 1686 1343 quidem
1713 1311 1819 1331 verax
1850 1303 1920 1337 est,
1963 1298 2097 1343 alioqui
2126 1298 2257 1331 frustra

1676 1350 1941 1382 vaticinaretur.

1318 1399 1435 1431 Meam
1457 1400 1582 1432 merito
1602 1401 1807 1443 perturbas,
1836 1405 1969 1437 mater,
1995 1404 2162 1432 mentem.

1320 1452 1393 1484 Cre.
1420 1450 1514 1483 Audi
1532 1462 1637 1489 nunc,
1660 1463 1749 1495 quae
1766 1448 1853 1482 mihi
1870 1450 1907 1481 in
1924 1455 2077 1481 mentem
2096 1448 2254 1482 veniunt.

1271 1498 1367 1534 1540
1395 1501 1482 1534 Cum
1504 1502 1586 1533 velit
1606 1501 1669 1533 tibi
1688 1501 1783 1534 Deus
1799 1500 2021 1537 benefacere,
2047 1499 2083 1531 in
2098 1499 2232 1542 regiam

1317 1551 1474 1584 Domum
1493 1552 1659 1589 collocat;
1686 1552 1716 1585 si
1735 1552 1858 1584 fuisses
1872 1551 1985 1583 dictus
2003 1549 2071 1582 Dei
2087 1549 2198 1589 filius,

1316 1602 1508 1648 Nunquam
1527 1601 1617 1635 hanc
1637 1601 1892 1635 haereditatem
1910 1602 2057 1644 adeptus
2074 1612 2183 1640 esses,

1316 1653 1439 1699 Neque
1451 1665 1581 1686 nomen
1595 1653 1722 1697 patris3
1740 1653 1837 1686 cuius
1852 1652 1943 1684 enim
1955 1650 2021 1683 Dei
2033 1662 2097 1694 ego
2111 1650 2253 1695 nuptias

1316 1704 1499 1737 Occultavi
1519 1705 1610 1748 ipsa,
1639 1710 1672 1736 et
1687 1710 1720 1736 te
1738 1703 1896 1736 interfeci
1913 1703 2002 1735 clam
2015 1728 2024 1741 ,

1298 1821 1346 1847 45)
1368 1820 1450 1843 Chor.
1473 1819 1554 1841 Nemo
1572 1832 1603 1836 —
1625 1818 1730 1847 Apollo.
1749 1816 1803 1847 (νε.
1821 1815 2029 1846 1510—1531.)]
2045 1815 2085 1838 sic
2098 1815 2147 1839 Ed.
2164 1815 2252 1839 1562.:

1332 1854 1381 1877 Ed.
1402 1853 1492 1876 1558:

1368 1888 1452 1912 Cher.
1472 1886 1595 1915 „Nullus
1617 1886 1754 1909 existimet
1773 1884 1914 1913 quicquam
1932 1883 2067 1906 hominum
2087 1887 2203 1912 unquam

1368 1921 1566 1949 „liisperatum
1587 1926 1649 1943 esse
1667 1920 1702 1942 ad
1721 1918 1878 1947 praesentia
1897 1923 1975 1940 nunc.

1366 1955 1428 1978 Ion.
1449 1954 1498 1984 „0
1519 1959 1586 1983 quae
1605 1954 1754 1977 commutas
1771 1951 1895 1974 infinitos
1914 1951 1965 1973 iam
1984 1950 2156 1975 mortalium,

1368 1989 1429 2019 „Et
1448 1988 1519 2011 male
1537 1988 1655 2015 habere,
1676 1988 1703 2010 et
1723 1992 1818 2008 rursus
1840 1985 1907 2007 bene
1924 1989 2026 2014 agere,

1367 2022 1534 2052 „Fortuna,
1559 2021 1593 2044 ad
1613 2021 1692 2050 quale
1710 2020 1834 2042 venimus
1855 2019 2018 2041 momentum
2037 2015 2132 2041 vitae?

1367 2057 1482 2079 Matrem
1502 2055 1677 2085 interficere,
1707 2055 1733 2077 et
1753 2053 1810 2083 pati
1829 2048 1962 2083 indigna?

1366 2089 1474 2119 Papae!

1366 2124 1450 2148 Certe
1470 2123 1497 2146 in
1516 2123 1599 2146 claris
1619 2122 1688 2146 solis
1711 2119 1998 2145 circumvolutionibus

1365 2158 1443 2181 Licet
1462 2158 1551 2181 omnia
1569 2158 1634 2180 baec
1653 2156 1773 2186 quotidie
1791 2156 1907 2178 discere.

1366 2192 1483 2216 charum
1503 2191 1607 2221 quidem
1626 2191 1765 2213 inventum
1784 2191 1827 2219 te,
1845 2189 1949 2218 mater,
1974 2187 2145 2217 invenimus,

1366 2226 1401 2249 Et
1418 2232 1504 2255 genus
1523 2225 1589 2248 nihil
1607 2224 1766 2253 culpandum
1786 2222 1864 2246 nobis
1882 2222 1948 2251 hoc3

1366 2259 1485 2283 Caetera
1503 2265 1569 2282 vero
1588 2258 1621 2281 ad
1642 2260 1668 2280 te
1688 2258 1750 2280 volo
1769 2257 1857 2280 solam
1876 2255 1959 2285 loqui.
2330 2266 2331 2282 i

1368 2294 1424 2316 uuo
1442 2293 1555 2321 accede3
1582 2292 1607 2314 in
1627 2297 1721 2314 aurem
1741 2291 1810 2313 enim
1830 2295 1972 2313 sermones
1992 2288 2083 2313 dicere
2102 2289 2179 2319 volo,

1366 2328 1400 2350 Et
1419 2327 1616 2354 circumtegere
1635 2326 1715 2348 rebus
1735 2325 1873 2347 tenebras.

1366 2360 1436 2384 Vide
1454 2362 1498 2389 tu,
1517 2362 1622 2387 mater,
1642 2365 1675 2381 ne
1694 2359 1772 2388 lapsa
1790 2358 1887 2388 virgo,

1366 2395 1544 2418 commiseris
1562 2394 1655 2416 vitium
1674 2392 1701 2415 in
1720 2392 1833 2416 occultis
1853 2392 1972 2423 nuptiis,
2328 2410 2331 2430 r

1366 2429 1468 2452 Deinde
1489 2429 1544 2452 Deo
1563 2427 1724 2451 adscribens
1744 2426 1867 2456 culpam,
2328 2450 2329 2457 ἵ

1366 2464 1453 2486 Meum
1472 2462 1587 2485 dedecus
1606 2461 1728 2491 effugere
1746 2462 1863 2489 conata,
2328 2469 2330 2481 ι

1365 2497 1471 2520 Phoebo
1492 2496 1631 2526 peperisse
1650 2502 1693 2518 me
1712 2495 1802 2525 dicas,
1827 2500 1886 2517 cum
1906 2499 1958 2517 non
1977 2493 2118 2524 pepereris
2134 2501 2166 2518 ex
2179 2495 2244 2518 Deo.
2328 2495 2329 2500 ¹

1366 2531 1428 2555 Cre.
1447 2530 1506 2553 Non
1526 2536 1573 2559 per
1591 2530 1762 2553 adiuvantem
1781 2528 1906 2551 curribus
1926 2528 1988 2551 olim

1364 2565 1514 2588 Victoriam
1532 2564 1588 2588 lovi
1607 2566 1701 2587 contra
1720 2562 1893 2592 terrigenas,

1365 2600 1423 2622 Non
1443 2600 1501 2626 est,
1526 2597 1570 2628 qui
1588 2598 1634 2620 tibi
1655 2599 1732 2626 pater
1751 2603 1783 2620 ex
1801 2596 1977 2625 mortalibus,
2003 2595 2057 2625 fili,

1365 2634 1466 2656 Verum
1486 2633 1529 2662 qui
1549 2632 1688 2656 educavit.
1707 2631 1806 2660 Apollo
1825 2636 1883 2653 rex.

1297 2677 1343 2705 46)
1363 2675 1440 2703 Cra]
1458 2675 1484 2697 in
1505 2674 1552 2697 Ed.
1572 2674 1643 2697 1562.
1664 2674 1687 2697 h.
1707 2673 1724 2697 Ι.
1744 2673 1828 2695 deest.
