2373 2980
240 94 335 127 1079

289 178 468 212 Seilitione
487 179 653 211 laborans
670 182 703 209 et
720 176 821 209 inalis
837 175 1002 209 consiliis.

289 229 483 275 Nunquam
502 228 596 261 enini
615 227 700 261 alias
718 233 750 260 te
768 226 953 259 dominum
971 224 1219 273 habuisset²⁷).
1246 243 1248 281 ἢ

239 280 313 316 275
340 283 430 323 Meq.
456 280 580 313 Laudo
601 291 716 315 senes;
742 278 937 311 amicorum
959 277 1052 310 enim
1069 277 1189 324 gratia¹
1246 284 1249 334 i

290 332 433 364 Amicos
449 332 538 363 iram
558 330 686 363 iustam
705 327 837 362 habere
855 329 1031 362 convenit.
1247 335 1250 358 l

291 384 358 416 Sed
378 388 522 426 propter
539 394 603 414 nos
622 381 703 414 irati
722 380 877 414 dominis
1247 362 1250 391 ¹

290 432 387 467 Nihil
406 432 612 477 patiainini;
637 433 697 466 sed
713 444 848 471 meam,
870 427 1099 474 Amphitryo,
1248 409 1251 437 Ι

291 484 510 518 Sententiam
528 483 610 517 andi
623 510 631 523 ,
659 483 687 517 si
704 483 788 528 quid
804 483 868 515 tibi
886 482 1007 515 videar
1021 481 1147 513 dicere.

241 536 314 570 280
342 535 517 580 Equidem
545 535 674 568 liberos
699 546 798 571 aino;
825 533 1005 579 quomodo
1030 531 1123 564 enim
1151 541 1223 562 non
1249 542 1252 584 *i

657 597 828 625 amarem,
1249 592 1252 621 ι

295 638 395 681 Quae
413 637 554 681 peperi,
581 649 670 681 quae
689 637 791 670 enixa
810 635 912 670 sum?
940 641 972 668 et
989 640 1103 667 morte
1190 644 1222 664 m
1250 645 1253 680 ᾗ

295 688 463 721 Miseram
483 688 618 725 iudico;
643 695 675 721 et
692 687 891 721 necessitati
1250 686 1253 698 ⁴

295 739 367 783 Qui
384 739 531 778 resistit,
555 751 634 772 eum
651 737 834 771 hominem
850 736 996 771 stultum
1015 735 1186 769 existimo.

296 790 367 823 Nos
386 796 502 823 autem
520 791 663 835 quando
683 790 776 822 mori
793 800 931 822 necesse
949 793 1017 826 est,
1036 787 1128 819 niori
1145 797 1225 818 con-

654 841 762 880 venit,

246 890 320 927 285
344 892 396 926 Ne
414 892 487 936 igni
505 892 724 936 consumpti,
748 889 909 923 hostibus
924 889 1033 921 risum

296 943 520 976 Moveumus:
541 943 625 988 quid
643 941 730 974 milii
748 941 888 973 videtur
897 945 1011 972 morte
1030 939 1103 982 ipsa
1114 937 1228 970 maius

652 993 798 1025 malum.

297 1043 438 1077 Etenim
467 1043 634 1076 debemus
661 1043 811 1076 multam
845 1039 1067 1074 honestatem
1103 1039 1230 1071 domus

660 1093 764 1127 tueri

298 1146 349 1178 Te
370 1144 461 1189 cepit
481 1144 602 1188 opinio
620 1144 765 1178 celebris
779 1140 975 1186 hastae²⁸);

297 1196 416 1240 Quare
448 1207 523 1229 non
555 1202 604 1229 est
635 1196 819 1229 serendum
833 1220 842 1233 ‚
881 1199 921 1226 ut
949 1191 1115 1224 moriaris
1144 1201 1229 1234 prae

661 1247 849 1280 timiditate
861 1258 868 1282 3
1095 1247 1097 1249 ’

249 1298 323 1334 290
339 1297 438 1331 Meus
458 1310 542 1331 vero
562 1310 752 1342 generosus
764 1296 913 1330 maritus
929 1293 1003 1327 sine
1023 1299 1108 1326 teste
1126 1292 1232 1338 etiam

664 1349 808 1388 indicat,

302 1400 408 1445 Quod
427 1412 501 1433 non
520 1400 604 1433 velit
618 1401 749 1434 liberos
767 1411 848 1433 suos
864 1397 1014 1430 liberare

302 1451 436 1484 Malam
455 1452 587 1484 famam
608 1453 772 1496 adeptos;
796 1453 883 1483 nam'
896 1445 1059 1492 generosi

302 1502 396 1535 Male
418 1502 567 1536 audiunt
586 1504 681 1547 apud
699 1501 817 1535 hostes
832 1512 898 1544 pro
914 1497 1046 1531 liberis.

303 1551 394 1586 Mihi
410 1565 483 1586 non
500 1560 549 1587 est
565 1554 786 1598 repudianda
804 1550 956 1584 imitatio
973 1547 1041 1581 viri
1050 1544 1108 1590 ²⁹).

290 1704 338 1735 27)
358 1704 445 1729 Char.
470 1705 492 1728 Ο
511 1705 608 1734 partus
621 1717 654 1721 -
667 1702 814 1727 habuisset.
835 1699 891 1732 (vs.
910 1695 1098 1729 252—274.)]
1125 1696 1165 1720 sic
1189 1696 1237 1720 Ed.

328 1739 420 1767 1562.;
442 1739 491 1762 Ed.
513 1739 607 1763 1558.:

364 1772 448 1797 Chor.
469 1773 490 1797 Ο
510 1774 603 1796 terrae
621 1771 779 1801 exercitus,
799 1775 867 1799 quos
885 1769 962 1791 Mars
982 1765 1099 1790 seminat
1117 1764 1190 1796 olim,

361 1808 474 1837 ,amplas
491 1807 618 1830 draconis
636 1811 755 1830 vacuans
775 1804 913 1830 maxillas,

362 1843 422 1865 Non
441 1843 549 1870 sceptra
569 1847 663 1864 manus
683 1841 796 1863 dextrae
815 1837 965 1861 statumina

362 1876 470 1899 Tollitis
483 1873 496 1899 '3
517 1878 542 1898 et
561 1875 638 1897 huius
659 1874 711 1897 viri
728 1873 836 1902 impium
855 1872 935 1900 capnt

363 1906 544 1934 cruentatis?
561 1909 605 1938 qui
623 1915 677 1932 non
695 1908 839 1930 Thebanus
857 1905 988 1932 existens,

364 1944 507 1973 Imperium
527 1944 629 1966 obtinet
648 1941 785 1971 pessimus
805 1941 948 1963 iuvenum,
967 1938 1073 1960 advena
1093 1932 1236 1959 existens?

366 1978 419 2001 Sed
438 1984 491 2001 non
510 1977 560 2000 mei
578 1980 605 1999 tu
625 1975 806 1999 dominaberis
826 1974 914 1997 laetus
933 1976 1059 2001 unquam,

367 2014 459 2042 Neque
478 2018 546 2041 quae
564 2009 704 2034 elaboravi
722 2009 807 2032 multa
825 2013 876 2033 ego
895 2008 1009 2036 patrans
1027 2010 1117 2034 manu,

369 2046 497 2069 Habebis.
535 2045 588 2069 sed
608 2046 678 2067 male
697 2043 792 2067 abiens
810 2042 880 2064 unde
901 2039 1016 2065 venisti,
1035 2039 1091 2061 illic

369 2081 499 2104 Petulans
517 2080 573 2107 sis;
598 2085 640 2102 me
659 2077 730 2101 enim
753 2077 865 2099 vivente
883 2080 936 2097 non
960 2073 1110 2096 interficies
1129 2076 1244 2101 unquam

369 2114 495 2138 Herculis
514 2113 600 2141 fili0s3
619 2118 672 2135 non
691 2116 777 2140 usque
792 2110 860 2133 adeo
879 2110 982 2132 terram

366 2149 441 2172 Infra
460 2148 507 2171 ille
525 2147 678 2171 occultatur
696 2144 816 2168 desertis
834 2143 910 2171 filiis,

368 2182 499 2212 Quoniam
518 2183 547 2204 tu
566 2180 672 2210 quidem
690 2181 793 2202 terram
812 2178 880 2201 hanc
898 2174 1056 2205 perdidisti3

369 2218 416 2241 ille
437 2222 501 2240 vero
520 2221 582 2239 cum
599 2213 724 2242 auxerit,
743 2213 867 2236 meritum
886 2216 939 2234 non
960 2208 1144 2238 consequitur.

371 2252 403 2274 Et
423 2250 519 2274 deinde
538 2249 635 2273 faciam
655 2248 767 2277 egregie
786 2252 854 2276 ego,
873 2244 967 2269 amicis
987 2243 1054 2266 meis

371 2285 514 2314 „Mortuis
534 2282 707 2307 benefaciens
719 2298 726 2310 ,
745 2281 789 2304 ubi
807 2280 902 2303 amicis
920 2278 1037 2302 maxime
1055 2283 1122 2307 opus
1141 2278 1192 2300 est.

373 2321 394 2344 Ο
414 2320 512 2343 dextra
529 2323 641 2345 manus,
661 2317 691 2339 ut
709 2315 849 2339 desideras
868 2312 1073 2343 apprehendere
1091 2311 1207 2337 hastam,

373 2354 426 2377 Sed
444 2359 492 2383 per
514 2351 726 2376 imbecillitatem
745 2350 883 2373 fortunam
899 2346 1029 2377 amisisti,

370 2387 501 2417 Quoniam
519 2389 546 2410 te
564 2390 779 2414 compescerem,
801 2389 911 2406 servum
929 2380 1111 2410 appellantem
1129 2385 1181 2408 me,
1274 2368 1277 2415 l

371 2424 406 2445 Et
423 2423 472 2445 has
491 2421 596 2444 Thebas
614 2418 736 2449 gloriose
755 2418 945 2446 incoleremus,

372 2456 472 2485 Quibus
491 2457 520 2478 tu
539 2454 666 2478 insultas.
703 2453 789 2481 „Non
809 2452 878 2474 enim
900 2452 975 2474 recte
993 2447 1066 2477 sapit
1083 2447 1194 2476 civitas,

371 2489 537 2518 „seditione
555 2489 701 2516 laborans,
721 2488 747 2510 et
767 2486 846 2509 malis
865 2482 1120 2508 consultationibus.

375 2526 433 2548 ,Non
452 2523 522 2546 enim
541 2527 657 2552 unquam
675 2523 702 2544 te
720 2521 855 2544 domiuum
873 2518 1033 2548 accepisset.

306 2576 354 2607 ⁴28)
373 2576 409 2599 Te
427 2574 497 2604 cepit
515 2586 548 2590 -
566 2570 690 2603 hastam]
717 2572 782 2595 haec
810 2571 838 2594 in
859 2576 944 2600 marg.
963 2569 1013 2595 Ed.
1033 2568 1108 2594 1562.
1133 2567 1173 2591 sic
1201 2573 1250 2591 ex-

340 2610 489 2640 plicantur:
513 2607 621 2631 habitus
640 2613 670 2630 es
690 2612 738 2635 pro
757 2605 832 2630 forti.

306 2661 362 2719 29}
374 2661 476 2718 '9153ae
475 2659 568 2682 nando
587 2670 620 2675 -
638 2656 700 2680 viri.
726 2658 783 2685 (vs.
804 2653 990 2686 πεῖ-2943]
1021 2654 1062 2678 sic
1090 2654 1139 2678 Ed.
1160 2653 1250 2684 15623
1275 2635 1280 2713 i

357 2703 373 2718 Α
386 2714 389 2717 .
479 2701 501 2719 ,ἶ

802 89 922 124 PHlL.
960 89 1070 125 MEL.
1105 88 1306 124 SCRIPTA
1342 90 1674 126 PfflLOLOGlCA.

2155 99 2250 133 1080

1272 174 1347 211 295
1387 176 1518 210 Verum
1555 176 1760 217 considera,
1805 178 1985 222 quomodo
2022 192 2119 225 spem
2152 188 2249 216 tuam

1687 227 1895 264 existimem.

1324 278 1380 311 An
1401 285 1502 322 putas
1519 277 1630 311 filium
1649 284 1750 312 tuum
1767 290 1786 311 a
1804 285 1899 312 terra
1916 283 2129 316 venturum}>

1325 330 1412 373 Quis
1428 335 1653 362 mortuorum
1674 341 1714 362 ex
1733 329 1854 364 inseris
1870 330 1997 364 rediit?

1327 381 1394 413 Sed
1413 380 1551 413 etiamsi
1565 380 1680 414 verbis
1695 378 1789 413 hunc
1805 381 2037 424 placaremus,

1327 430 1476 464 Minime
1495 431 1659 464 convenit
1671 431 1785 464 virum
1803 432 1948 465 stultum
1966 430 2102 467 hostem
2117 435 2254 478 fugere;

1277 481 1350 514 300
1384 481 1609 525 Sapientibus
1627 494 1709 515 vero
1733 488 1766 515 et
1783 480 1928 516 honeste
1952 484 2106 518 educatis
2132 486 2254 518 cedere

1685 534 1860 567 convenit.

1328 582 1480 616 Facilius
1499 582 1591 614 enim
1609 583 1782 626 pudorem
1801 584 1961 619 iniiciens
1976 586 2110 620 bonum
2123 586 2256 632 aliquid

1683 647 1910 680 consequare.

1329 681 1396 715 Sed
1414 684 1510 716 venit
1526 681 1615 716 mihi
1640 684 1710 718 iani
1728 686 1765 718 in
1781 692 1953 720 mentem:
1981 687 2010 720 si
2033 688 2256 732 deprecando

1686 736 1956 780 impetraremus
2281 733 2284 734 ⁷

1330 782 1442 817 Exilia
1460 784 1653 820 liberorum
1672 785 1818 820 horum:
1842 794 1962 821 tamen
1977 788 2012 822 id
2032 800 2173 834 quoque
2193 788 2259 823 mi-

1689 850 1805 871 serum
1825 844 1887 879 est,

1331 885 1488 918 Salutem
1504 887 1696 921 miserabili
1712 901 1791 922 cum
1809 895 2016 934 paupertate
2033 889 2192 933 adipisci,

1281 934 1354 968 305
1378 962 1400 976 „
1411 936 1503 981 Quia
1520 939 1624 971 amici
1638 939 1779 983 fugiunt
1792 940 1928 974 vultum
1945 938 2140 984 hospitum,

1334 986 1478 1025 „Unum
1487 988 1579 1022 diem
1590 990 1704 1023 solum
1712 990 1905 1024 iucundum
1917 992 2120 1035 adspectum
2129 988 2260 1023 hahere

1695 1041 1827 1075 dicunt.

1334 1088 1437 1122 Ausis
1453 1089 1637 1123 nobiscum
1654 1098 1805 1124 mortem
1824 1098 2009 1136 oppetere,
2034 1103 2125 1137 quae
2142 1097 2262 1124 tamen

1691 1148 1723 1174 te
1740 1149 1870 1175 manet.

1336 1188 1504 1223 Obtestor
1522 1197 1554 1223 te
1572 1203 1635 1235 per
1649 1199 1746 1225 tuam
1764 1192 2018 1236 ingenuitatem
2031 1218 2040 1232 ,
2068 1204 2088 1224 o
2104 1203 2221 1225 senex.

1337 1240 1579 1286 „Quicunque
1596 1242 1720 1276 incidit
1737 1243 1775 1275 in
1793 1243 2008 1276 calamitates
2023 1242 2205 1281 divinitus,

1286 1291 1359 1323 310
1386 1291 1605 1330 „Confidens
1621 1300 1689 1332 est3
1713 1295 1774 1327 sed
1790 1293 1936 1327 audacia
1952 1293 2010 1325 illa
2030 1293 2134 1326 stulta
2151 1298 2214 1326 est.

1338 1341 1493 1382 „Nullus
1511 1344 1624 1385 enim,
1648 1357 1691 1378 ne
1708 1344 1804 1378 Deus
1822 1345 1964 1389 quidem
1976 1370 1984 1383 ‚
2001 1344 2124 1383 faciet,
2147 1355 2191 1376 ne
2206 1343 2267 1375 fiat

1699 1395 1752 1435 id,
1775 1396 1871 1440 quod
1887 1407 1975 1439 opus
1990 1400 2041 1427 est
2049 1393 2108 1440 ³⁰).

1342 1444 1436 1477 Chor.
1464 1444 1501 1477 Si
1519 1445 1597 1490 quis
1615 1445 1811 1479 valentibus
1828 1445 1915 1478 meis
1930 1443 2085 1478 brachiis

1393 1553 1466 1583 Mea.
1485 1552 1506 1576 Ο
1526 1558 1607 1575 senes
1626 1552 1716 1577 laudo.
1754 1552 1890 1583 „Amicos
1909 1552 1979 1576 enim
1998 1552 2110 1582 propter

1396 1588 1481 1617 „tras
1502 1586 1589 1610 iustas
1608 1587 1710 1610 amicos
1727 1587 1827 1610 habere
1846 1586 1981 1611 convenit.

1394 1621 1489 1645 Nostri
1506 1621 1553 1643 sed
1572 1621 1662 1650 gratia
1681 1621 1798 1644 dominis
1817 1621 1892 1649 irati,

1394 1655 1539 1679 Potiamini
1557 1655 1640 1683 niliil;
1659 1660 1747 1678 meam
1766 1661 1850 1685 vero,
1868 1653 2040 1684 Amphitryo,

1398 1689 1565 1714 Sententiam
1584 1688 1661 1717 audi,
1680 1689 1704 1711 si
1723 1689 1785 1718 quid
1803 1688 1851 1712 tibi
1868 1689 1964 1712 videor
1982 1688 2082 1712 dicere.

1396 1725 1455 1753 Ego
1474 1729 1534 1746 aino
1553 1722 1658 1752 quidem
1674 1723 1794 1752 liberos·‚
1813 1722 1904 1752 quidni
1920 1722 1990 1745 euim
2010 1727 2147 1751 amarem,

1399 1760 1473 1787 Quae
1493 1756 1598 1786 peperi,
1618 1763 1689 1786 quae
1707 1757 1788 1780 enixa
1807 1753 1886 1780 sum?
1905 1758 1932 1779 et
1950 1756 2020 1780 mori

1398 1793 1529 1815 Miserum
1547 1792 1620 1820 puto.
1657 1790 1848 1821 „Necessitati
1866 1796 1933 1814 vero

1398 1826 1477 1855 „Qui
1495 1825 1642 1855 obnititur,
1661 1825 1767 1848 laevum
1786 1824 1910 1847 existimo
1928 1823 2069 1847 hominem.

1398 1861 1482 1891 „hos
1503 1865 1568 1882 vero
1588 1859 1712 1888 quoniam
1733 1860 1840 1888 oportet
1859 1858 1943 1887 mori,
1963 1858 2030 1881 mori
2049 1857 2187 1885 convenit,

1401 1894 1487 1924 „Non
1507 1893 1569 1923 igne
1587 1893 1703 1916 ambusti
1721 1893 1844 1915 hostibus
1863 1893 1947 1914 risum

1401 1927 1612 1956 „Exliibentes,
1632 1926 1701 1956 quod
1721 1926 1783 1949 milii
1802 1926 1861 1955 ipsa
1880 1927 1967 1949 morte
1986 1925 2073 1948 maius
2091 1925 2199 1950 malum.

1402 1963 1535 1984 Debemus
1555 1961 1624 1983 enim
1646 1961 1755 1983 multam
1774 1960 1926 1983 dominibus
1946 1960 2124 1984 honestatem.

1404 1997 1440 2019 Te
1459 1995 1564 2024 quidem
1584 1994 1751 2016 existimatio
1770 1994 1839 2022 cepit
1857 1993 1981 2023 gloriosa
2000 1993 2040 2016 rei
2059 1993 2181 2024 bellicae,

1402 2031 1496 2059 ltaque
1516 2034 1568 2051 non
1588 2028 1731 2051 tolerabile
1751 2034 1798 2056 per
1817 2027 1987 2050 timiditatem
2006 2027 2084 2052 mori.

1403 2065 1481 2088 Meus
1501 2068 1567 2086 vero
1586 2063 1687 2091 absque
1704 2063 1775 2084 teste
1794 2061 1934 2090 gloriosus
1952 2061 2076 2090 maritus,

1403 2098 1454 2128 Qui
1471 2097 1552 2120 hosce
1571 2096 1642 2119 filios
1662 2096 1747 2119 nollet
1766 2096 1875 2119 servari
1910 2113 1918 2119 .

1401 2133 1514 2156 Famam
1532 2131 1631 2154 malam
1649 2131 1773 2159 adeptos.
1809 2129 1971 2159 „Generosi
1990 2129 2061 2153 enim

1404 2167 1503 2197 „Male
1521 2165 1633 2188 audiunt
1651 2164 1721 2194 apud
1739 2164 1850 2192 hostes,
1869 2166 1982 2193 propter
1999 2163 2080 2187 filios.

1402 2200 1522 2229 Mihique
1541 2198 1655 2222 imitatio
1675 2198 1727 2221 viri
1746 2204 1799 2221 non
1820 2198 1995 2227 repudianda.

1333 2243 1380 2274 30)
1405 2243 1509 2267 Verum
1533 2254 1567 2259 -
1593 2246 1662 2270 opus
1686 2243 1737 2264 est.
1767 2239 1820 2270 (vs.
1840 2238 2029 2270 295-311.)]
2055 2239 2096 2263 sic
2120 2239 2170 2264 Ed.
2191 2240 2282 2269 ¹562.;

1369 2278 1419 2302 Ed.
1441 2277 1531 2299 155&.:

1405 2311 1458 2335 Sed
1476 2309 1651 2332 considerato
1669 2310 1742 2331 tuam
1761 2314 1853 2337 spem,
1872 2309 2006 2337 quatenus
2025 2307 2134 2339 colligo.

1402 2345 1557 2369 Venturum
1576 2343 1718 2366 existimas
1735 2342 1817 2365 filium
1836 2345 1909 2365 tunm
1929 2344 1979 2365 sub
1997 2340 2096 2367 terra?

1405 2380 1467 2411 „Et
1485 2378 1544 2408 quis
1563 2378 1729 2400 mortuorum
1748 2382 1880 2399 reversus
1899 2378 1942 2399 est
1963 2382 1980 2400 a
1998 2373 2134 2401 Plutone?

1407 2415 1508 2438 Verum
1527 2413 1556 2435 ut
1574 2411 1746 2434 sermonibus
1767 2417 1826 2433 euin
1846 2411 2011 2437 molliamus.

1405 2447 1542 2479 „Minime
1560 2446 1657 2475 fugere
1674 2445 1823 2474 improbum
1843 2445 1930 2468 virum
1949 2445 2053 2468 hostem
2072 2444 2207 2468 convenit.

1405 2499 1424 2513 ‚‚
1436 2480 1609 2510 sapientibus
1629 2485 1695 2502 vero
1715 2480 1828 2504 cedere.
1848 2481 1874 2501 et
1893 2479 2017 2502 educatis
2035 2479 2161 2502 honeste.

1407 2515 1556 2547 „Facilius
1582 2513 1652 2537 enim
1678 2520 1726 2543 per
1751 2513 1942 2536 verecundiam
1960 2519 2090 2542 monens,
2115 2516 2196 2540 grata
2215 2513 2282 2537 effe·

1715 2554 1795 2571 ceris.

1406 2584 1485 2609 Modo
1509 2587 1575 2605 vero
1600 2581 1626 2605 in
1650 2581 1767 2605 animum
1787 2581 1876 2611 venit,
1905 2581 1930 2604 si
1954 2580 2125 2610 deprecando
2151 2581 2280 2611 impetra-

1713 2622 1804 2639 remus

1405 2651 1494 2676 Exilia
1512 2651 1627 2674 filiorum
1646 2651 1750 2674 horum.
1786 2650 1918 2679 „Verum
1938 2648 2017 2672 etiam
2037 2650 2086 2672 boc
2107 2649 2246 2673 miserum.

1407 2687 1594 2719 „Paupertate
1612 2691 1672 2709 cum
1689 2684 1840 2708 miserabili
1857 2683 2000 2714 acquirere
2018 2684 2146 2707 salutem.
