2373 2980
144 70 218 104 117
323 65 460 101 XLVII.
503 61 901 100 INTERPRETATIO
927 62 1097 97 OPERIS
1124 60 1510 109 QUADRIPARTITI
1532 60 1814 95 PTOLEMAEI
1840 60 1929 95 LIB.
1944 59 2003 95 IV.
2110 60 2181 94 118

141 162 261 201 putas;
312 164 351 184 ac
383 151 579 184 tribuemus
611 150 756 194 singulis
781 149 888 193 signis
913 149 986 182 dies
1009 148 1135 191 viginti

143 213 236 240 octo.
288 202 446 247 Itemque
468 202 540 234 dies
565 208 646 245 post
668 201 821 233 natalem
849 200 942 232 diem
969 212 1135 232 numera-

140 258 257 291 bimus
272 266 290 286 a
307 253 393 285 locis
411 253 608 290 mensium,
636 252 831 284 tribuentes
855 251 998 283 cuilibet
1021 250 1134 293 signo,

142 307 266 341 ordine
284 304 358 336 dies
375 305 463 336 duos
483 310 516 335 et
534 303 734 336 dimidium.

240 355 609 389 Animadvertendusn
642 354 768 392 etiam,
812 364 902 397 qnae
926 351 1044 384 stellae
1071 363 1134 394 po-

138 407 315 442 tissimum
341 405 522 449 generales
545 405 641 437 locos
664 409 859 437 transeant.
926 402 1009 436 Non
1039 403 1132 433 enim

137 471 266 503 parum
288 458 330 488 ad
349 454 646 499 deprehendenda
664 460 826 497 tempora
843 459 1033 485 eventuum
1058 464 1134 484 mo-

137 509 250 542 menti
266 508 441 540 adserunt.
494 504 533 537 In
551 505 774 548 generalibus
793 510 910 536 autem
930 503 1015 535 locis
1032 515 1134 546 prae-

138 561 242 604 cipua
261 559 312 590 vis
331 563 382 589 est
397 555 562 595 Saturni,
590 555 683 588 Iovis
706 555 743 587 iu
771 554 916 591 annuis;
950 553 1076 585 Martis
1101 560 1134 585 et

137 611 250 649 Solis,
277 607 426 639 Veneris
444 613 477 638 et
495 606 685 645 Mercurii,
714 606 750 637 in
770 604 976 640 menstruis;
1010 602 1133 636 Lunae

136 673 222 694 vero
259 658 427 691 transitus
463 657 499 688 in
534 657 684 689 diurnis.
743 656 951 689 Notandum
986 660 1020 686 et
1055 652 1133 694 hoc,

137 712 235 757 quod
253 709 434 753 generales
452 714 654 751 temporum
675 707 800 738 arbitri
818 705 1006 749 praecipue
1029 717 1133 737 even-

135 761 192 796 tus
220 761 423 805 producunt
452 764 485 791 et
514 759 733 802 gubernant;
776 757 1007 800 particulares
1047 767 1132 788 vero

136 814 192 846 vel
209 812 381 844 adiuvant
398 809 539 842 illorum
557 809 726 848 actiones,
754 808 811 840 vel
828 807 1039 851 impediunt,
1066 819 1132 850 pro

135 870 286 897 naturae
303 873 386 894 suae
403 859 649 893 convenientia
668 865 729 892 aut
746 858 963 891 diversitate.
999 857 1132 890 Trans-

135 915 205 947 itus
237 912 417 947 stellarum
452 911 507 943 vel
532 916 662 954 augent
685 910 966 953 intendnntque,
1000 909 1055 940 vel
1078 920 1132 940 re-

134 966 258 999 laxant
281 969 316 995 et
339 962 507 995 minuunt
533 961 740 994 accidentia.
793 960 934 993 Etenim
960 959 1132 1002 generali-

134 1022 190 1049 ter
220 1014 466 1058 prorogatoris
496 1013 593 1045 locus
627 1019 660 1045 et
682 1012 901 1055 generalium
926 1017 1130 1054 temporum

135 1066 322 1104 dominus,
350 1070 532 1107 assumpto
551 1064 658 1096 etiam
679 1062 853 1106 participe
877 1062 999 1094 finium
1018 1060 1131 1093 ‹lomi-

134 1129 203 1157 no,
232 1115 467 1149 accidentium
488 1114 694 1159 qualitatem
715 1120 749 1145 et
771 1113 997 1145 durationem
1026 1111 1132 1154 signi-

133 1169 253 1201 ficant.
302 1166 473 1198 Retinent
492 1165 584 1197 enim
602 1164 760 1207 singulae
778 1163 898 1196 stellae
919 1162 1132 1194 convenien-

134 1219 222 1251 tiam
240 1229 318 1250 cum
337 1216 404 1248 illis
422 1215 607 1258 geniturae
623 1214 728 1253 locis,
756 1226 909 1258 quorum
930 1213 1130 1245 dominium

135 1269 239 1301 initio
258 1266 535 1311 acquisiverunt.
589 1265 719 1298 Utrum
736 1276 906 1308 prospera
926 1265 1044 1296 sutura
1062 1263 1132 1296 sint

134 1318 353 1355 accidentia,
388 1317 444 1348 vel
467 1317 635 1354 adversa,
671 1312 958 1358 deprehendetur
984 1326 1024 1346 ex
1049 1326 1131 1357 pro-

133 1369 286 1413 prietate
307 1366 464 1399 naturali
480 1372 514 1398 et
531 1365 701 1410 acquisita
716 1391 725 1404 ,
762 1365 918 1397 benefica
944 1364 999 1397 vel
1024 1365 1131 1397 male-

132 1420 198 1452 fica
224 1418 441 1451 arbitrorum
469 1416 659 1460 temporis3
696 1415 853 1461 itemque
870 1428 911 1448 ex
934 1416 1129 1448 eorundem

135 1482 155 1502 a
172 1468 350 1513 principio
366 1480 446 1500 cnm
472 1467 578 1506 locis,
616 1479 707 1512 quae
733 1467 967 1506 obsederunt,
1003 1478 1131 1499 conve-

135 1520 271 1553 nientia
291 1525 352 1552 aut
371 1517 620 1561 discrepantia.

240 1571 322 1614 Quo
353 1575 513 1612 tempore
543 1581 579 1602 se
614 1570 838 1602 decretorum
861 1568 913 1602 vis
938 1569 1129 1613 praecipue

137 1626 320 1654 ostensura
336 1620 392 1660 sit,
409 1625 641 1663 cognoscetur
658 1632 699 1652 ex
717 1619 997 1663 configuratione
1013 1620 1131 1663 signo-

134 1683 216 1705 rum
232 1683 435 1705 annuorum
454 1677 487 1703 et
504 1677 769 1704 menstruorum
787 1672 830 1703 ad
847 1671 906 1705 illa
924 1671 1013 1711 loca,
1039 1683 1130 1716 quae

1190 160 1312 180 earum
1331 148 1557 181 effectionum
1578 159 1701 180 causae
1718 153 1818 186 sunt,
1853 146 2008 191 itemque
2027 158 2067 178 ex
2081 144 2183 178 habi-

1189 198 1311 230 tudine
1332 200 1373 230 ad
1393 211 1509 231 annua
1527 205 1561 231 et
1586 204 1767 230 menstrua
1795 197 1893 241 signa
1918 198 2061 229 illorum
2086 198 2181 229 loco-

1188 261 1288 287 rum,
1314 260 1377 291 per
1403 262 1493 292 quae
1519 250 1681 292 planetae
1706 249 1874 281 transitus
1897 249 2051 287 faciunt,
2086 253 2119 279 et
2142 259 2182 279 ex

1189 299 1316 343 quibus
1333 299 1394 331 Sol
1420 298 1594 343 Lunaque
1620 300 1740 331 eadem
1764 300 1959 332 intuentur.
2021 298 2057 330 Si
2087 298 2181 330 enim

1187 350 1294 382 suerit
1316 363 1333 381 a
1361 349 1538 392 principio
1565 349 1602 380 in
1627 349 1786 391 genitura
1812 348 1941 382 horum
1975 361 2054 381 cum
2084 349 2182 387 locis,

1189 413 1277 445 quos
1297 400 1471 439 afficiunt,
1510 399 1760 442 congruentia,
1794 406 1827 432 et
1853 400 2035 433 accesserit
2059 406 2180 442 postea

1188 451 1224 482 in
1262 451 1415 483 transitu
1448 450 1663 482 conveniens
1699 451 1741 481 ad
1778 451 1899 482 eadem
1936 451 2182 493 configuratio,

1188 514 1253 545 pro
1277 513 1314 533 re
1342 508 1425 533 nata
1451 501 1606 536 bonuuu
1635 500 1663 533 si
1679 501 1856 532 contraria
1875 501 1961 539 illis,
1990 501 2180 533 imbecillia

1188 552 1322 584 onmia.
1375 553 1422 584 At
1437 552 1465 584 si
1482 550 1728 583 convenientia
1746 551 1841 582 nulla
1862 551 1924 589 sit,
1950 551 2048 595 sique
2068 552 2183 584 diver-

1187 603 1270 635 sitas
1289 602 1504 634 conditionis
1521 602 1625 634 simul
1642 601 1795 640 incidat,
1824 601 1936 633 autin
1953 602 2103 634 transitu
2121 615 2183 646 op-

1187 652 1311 697 positis
1329 652 1558 697 quadratisve
1575 652 1684 684 radiis
1702 652 1777 684 loca
1796 652 1854 683 illa
1873 651 2038 684 infestent
2062 653 2183 695 plane-

1187 711 1261 741 tae,
1288 704 1422 735 malum
1444 704 1621 739 adserunt,
1676 701 1784 747 quue
1805 703 1841 734 in
1860 703 2006 748 reliquis
2028 703 2183 747 configu-

1186 754 1386 788 rationibus
1404 753 1479 786 fieri
1498 765 1571 786 non
1588 753 1688 786 solet.

1291 804 1379 838 Cum
1397 805 1505 837 iidem
1523 803 1659 837 domini
1677 803 1858 836 extiterint
1873 809 1907 836 et
1923 809 2125 847 temporum
2151 810 2184 835 et

1187 856 1374 893 transitus;
1404 855 1561 899 ingentia
1582 861 1615 887 et
1630 855 1810 887 mediocre
1829 852 1918 886 nihil
1934 856 2131 887 decernunt
2148 854 2184 886 in

1187 914 1376 951 utramque
1401 912 1560 950 partem,
1602 906 1786 950 multoque
1809 905 1920 948 magis
1946 905 2085 938 etiamsi
2110 918 2183 937 non

1185 958 1302 992 solum
1319 958 1419 997 ideo,
1449 958 1544 1002 quod
1562 962 1763 1000 temporum
1781 956 1925 995 arbitri,
1959 957 2020 989 sed
2045 957 2141 1002 quod
2163 968 2183 988 a

1186 1009 1363 1053 principio
1384 1008 1583 1040 dominium
1604 1007 1640 1039 in
1659 1007 1820 1050 genitura
1839 1007 1956 1041 sortiti
1973 1014 2073 1047 sunt,
2102 1020 2184 1040 cau-

1185 1072 1240 1093 sas
1257 1072 1376 1092 rerum
1397 1058 1572 1103 complexi
1588 1059 1732 1091 fuerint.
1786 1058 1937 1091 Prorsus
1961 1065 2079 1091 autem
2106 1058 2182 1091 feli-

1186 1124 1240 1144 ces
1257 1111 1365 1150 flunt,
1393 1122 1546 1154 quorum
1565 1122 1656 1142 unus
1682 1109 1846 1154 idemque
1872 1110 1969 1142 locus
1995 1109 2032 1142 in
2060 1122 2183 1143 omnes

1187 1168 1248 1194 aut
1266 1161 1385 1205 plures
1403 1160 1676 1204 prorogationes
1695 1160 1875 1198 inciderit;
1912 1167 1973 1193 aut
1995 1161 2023 1194 si
2046 1159 2113 1194 liae
2131 1161 2183 1193 di-

1185 1224 1308 1245 versae
1339 1211 1491 1251 fuerint,
1539 1224 1616 1244 cum
1652 1211 1775 1244 iisdem
1809 1211 2030 1255 temporibus
2060 1224 2182 1245 omnes

1185 1264 1348 1308 pluresve
1381 1275 1544 1296 occursus
1575 1262 1816 1295 beneficorum
1849 1269 1911 1295 aut
1938 1263 2181 1296 maleficorum

1186 1313 1444 1347 concurrerint.

1287 1364 1382 1396 Haec
1407 1365 1449 1396 de
1475 1364 1759 1398 consideratione
1783 1372 1986 1409 temporum
2009 1363 2077 1398 hoc
2100 1366 2178 1398 loco

1185 1414 1311 1448 dixisse
1338 1415 1499 1448 sufficiat.
1553 1415 1693 1448 Genera
1721 1422 1912 1449 eventuum
1929 1416 1966 1448 in
1983 1418 2181 1461 quibusque

1185 1466 1406 1510 temporibus
1424 1478 1498 1498 non
1515 1472 1667 1498 attexam
1680 1493 1689 1504 ,
1718 1479 1759 1499 eo
1779 1468 1874 1511 quod
1886 1494 1895 1506 ,
1923 1473 1962 1499 nt
1977 1467 2079 1500 initio
2097 1480 2180 1511 pro-

1184 1518 1387 1562 posuimus,
1424 1517 1616 1550 universali
1638 1518 1820 1551 stellarum
1845 1518 1997 1550 efficacia
2027 1519 2180 1562 cognita,

1184 1568 1414 1613 particularia
1439 1575 1697 1613 consequenter
1725 1569 1990 1602 accommodari
2019 1576 2180 1613 possunt,

1184 1620 1212 1653 si
1246 1626 1326 1664 apte
1368 1632 1448 1652 cum
1487 1618 1730 1653 mathematici
1769 1632 1873 1654 causa
1921 1621 2041 1653 iuncta
2071 1621 2180 1654 suerit

1184 1671 1291 1704 etiam
1307 1682 1412 1704 causa
1431 1671 1624 1705 mixtionis.
