2373 2980
12 2061 15 2075 1

134 92 213 128 '473
615 86 736 123 LVHI.
786 86 1186 125 INTERPRETATIO
1210 87 1411 123 MEDEAE
1438 85 1690 122 EURIPIDIS.

190 176 295 216 Velit,
314 173 570 219 permissurum
587 180 622 207 te
637 174 674 208 id
688 173 866 208 viventem
885 181 919 208 et
933 175 1125 210 volentem.

189 232 269 272 Aeq.
298 225 381 259 Iuro
410 231 561 266 terram,
586 231 621 259 et
639 226 864 271 splendidum
881 227 1004 260 lumen
1021 227 1125 267 Solis,

187 279 232 311 Et
265 289 389 310 omnes
412 276 530 318 Deos,
561 278 660 322 quod
685 277 791 311 velim
822 290 967 311 manere
985 278 1023 311 in
1043 278 1125 318 illis,

548 340 640 373 quae
662 340 703 362 ex
729 335 763 362 te
788 330 908 363 audio.

186 381 281 414 Med.
314 379 406 413 Satis
429 386 497 417 est;
536 379 623 425 quid
647 386 765 413 autem
799 381 962 426 patieris,
991 380 1020 414 si
1049 393 1124 413 non

546 431 765 474 praestiteris
774 430 842 466 hoc
851 432 1096 466 iusiurandum
1108 431 1123 464 ¹?

136 479 210 515 755
233 483 316 525 Aegy.
344 481 445 526 Quae
460 480 666 516 hominibus
684 482 804 528 impiis
819 484 935 518 solent
953 483 1122 517 accidere.

183 534 277 566 Med.
302 532 401 566 Vade
426 539 460 566 et
487 533 582 571 vale3
609 534 731 567 omnia
758 542 852 568 recte
877 548 912 568 se
938 533 1081 569 habent.

184 584 259 627 Ego
287 584 406 617 statim
432 584 574 617 veniam
594 584 633 618 in
656 592 756 619 tuam
784 587 977 626 civitatem,

184 635 255 668 Ubi
278 636 462 669 confecero
475 663 484 676 ,
511 648 602 681 quae
620 648 729 680 paro,
753 644 787 670 et
804 644 990 671 consecuta
1009 638 1122 677 fuero,

543 699 634 732 quae
658 688 753 722 volo.

185 737 281 771 Char.
306 737 373 770 Sed
392 743 445 777 te,
466 749 528 770 rex
541 764 550 778 ,
574 745 680 772 natus
699 751 740 772 ex
756 738 852 772 Maia
865 766 874 779 ,
900 738 1072 772 deductor

132 786 206 821 760
229 788 345 821 Ducat
372 789 533 829 domum,

181 837 229 870 Et
254 851 292 872 ea
307 866 316 879 ,
341 851 496 885 quorum
517 839 742 884 propositum
768 837 902 874 habens
925 839 1082 880 festinas,

181 888 369 930 Perficias,
394 891 478 936 quia
504 897 693 935 praestans
718 891 774 924 vir

181 939 274 974 Mihi
295 941 390 975 visus
415 954 470 982 es,
498 954 519 975 o
544 942 677 986 Aegeu.

180 993 275 1026 Med.
313 993 346 1026 O
369 992 525 1038 Iupiter,
556 999 591 1026 et
615 993 772 1027 vindicta
793 991 904 1033 Iovis,
939 1000 973 1027 et
999 993 1119 1027 lumen

540 1044 645 1084 Solis,

130 1092 203 1129 765
221 1093 324 1129 Nunc
341 1095 517 1140 gloriosae
532 1095 695 1129 victrices
703 1107 867 1128 meorum
878 1095 1120 1134 inimicorum,

544 1159 566 1180 o
593 1147 740 1186 amicae,

179 1196 343 1236 Erimus,
369 1203 404 1230 et
426 1197 606 1241 ingressae
629 1210 751 1231 sumus
773 1197 811 1230 in
834 1197 942 1231 viam.

179 1246 253 1280 lam
277 1259 356 1292 spes
378 1254 430 1281 est
452 1260 551 1281 meos
577 1246 698 1281 hostes
720 1249 867 1282 daturos
887 1259 1061 1292 poenam;

181 1298 247 1331 Hic
272 1298 367 1331 enim
391 1299 467 1338 vir,
490 1299 551 1331 ubi
574 1299 728 1331 maxime
751 1299 1016 1339 laborabamus,

179 1349 358 1393 Apparuit
381 1356 506 1393 portus
528 1361 691 1382 meorum
720 1350 965 1391 consiliorum,

131 1402 203 1436 770
224 1400 280 1433 Ab
295 1398 364 1433 hoc
386 1401 643 1444 suspendemus
664 1401 853 1434 rudentem
876 1401 913 1434 in
934 1413 1066 1446 puppe,

180 1450 251 1484 Ubi
276 1451 480 1485 venerimus
505 1452 542 1484 in
567 1452 691 1485 urbem
718 1451 885 1486 Palladis.

178 1501 253 1535 Iam
281 1503 345 1535 tibi
368 1503 489 1536 onmia
512 1515 592 1536 mea
621 1503 768 1536 consilia

177 1552 323 1592 Dicam;
351 1554 470 1599 accipe
494 1554 658 1588 insuaves
680 1552 746 1588 hos
769 1566 962 1589 sermones.

179 1604 327 1638 Mittens
354 1618 467 1639 unum
492 1617 534 1638 ex
558 1605 646 1640 meis
668 1607 800 1647 servis,
825 1613 865 1640 ut
887 1605 992 1640 Iason

128 1654 203 1691 775
230 1655 360 1690 Veniat
380 1657 418 1690 in
433 1669 555 1690 meum
579 1664 806 1702 conspectum
819 1684 828 1698 ,
851 1657 1052 1703 postulabo.

178 1705 345 1741 Venienti
370 1709 438 1753 ipsi
463 1708 578 1741 dicam
604 1709 766 1753 placidos
786 1721 981 1749 sermones,

177 1758 285 1804 Quod
309 1757 399 1793 mihi
423 1761 549 1793 eadem
572 1760 757 1804 placeant,
783 1767 817 1794 et
842 1761 939 1806 quod
966 1761 1056 1794 bene
1081 1772 1116 1793 se

539 1809 698 1845 habeant

177 1861 330 1905 Nuptiae
354 1863 492 1906 regiae,
520 1874 629 1907 quas,
652 1861 793 1907 prodita
818 1874 894 1901 me,
921 1860 1040 1901 habet,

176 1912 223 1945 Et
248 1913 349 1946 utilia
373 1911 461 1947 haec
483 1925 558 1947 esse
585 1919 619 1946 et
643 1919 737 1946 recte
761 1913 866 1946 sacta.

128 1962 201 1997 780
222 1963 367 2005 Petam,
391 1971 431 1998 ut
454 1964 558 1998 liberi
582 1964 654 1997 mei
678 1970 865 1997 maneant:

175 2014 258 2049 Non
282 2015 450 2049 relictura
474 2016 513 2048 in
538 2021 654 2056 terra,
677 2022 718 2049 ut
742 2021 913 2061 tanquam
938 2013 1057 2048 hostes

178 2065 402 2101 Contumelia
429 2066 585 2100 afficiant
601 2079 701 2101 meos
722 2067 854 2100 liberos
871 2067 1007 2100 inimici
1026 2067 1114 2103 mei;

177 2116 247 2152 Sed
270 2125 310 2152 ut
333 2119 416 2152 dolo
438 2119 545 2152 filiam
570 2118 664 2162 regis
685 2118 909 2157 interficiam,

174 2168 318 2204 Mittam
342 2182 422 2210 eos,
447 2167 618 2203 habentes
640 2170 735 2202 dona
762 2169 800 2202 in
826 2169 1003 2209 manibus,

127 2217 201 2254 785
218 2222 266 2256 Et
274 2222 425 2256 ferentes
435 2233 598 2266 sponsae,
614 2232 659 2254 ne
673 2221 854 2265 pellantur
866 2232 907 2253 ex
924 2218 989 2253 hac
1007 2226 1113 2260 terra,

182 2273 346 2308 Tenuem
370 2280 502 2306 vestem
529 2278 563 2306 et
588 2272 792 2305 inauratum
819 2271 1036 2305 cincinnum.

175 2326 227 2360 Ea
265 2325 295 2359 si
327 2331 510 2370 acceptum
551 2329 805 2357 ornamentum
841 2322 1111 2357 circumdederit

518 2412 521 2413 ⁷
538 2375 696 2420 corpori,

175 2428 309 2463 Misere
321 2427 472 2474 peribit,
490 2432 524 2460 et
541 2426 670 2467 omnis,
686 2425 747 2472 qui
765 2425 920 2470 attigerit
939 2425 1091 2469 puellam
1106 2438 1112 2461 ;

177 2478 389 2513 Huiusmodi
410 2477 616 2524 pharmacis
639 2489 838 2523 perungam
863 2478 970 2510 dona.

129 2528 204 2563 790
230 2529 297 2563 Hic
317 2531 402 2564 finio
425 2528 520 2564 hunc
543 2541 758 2564 sermonem.

176 2580 256 2614 Heu
277 2582 391 2627 qualis
412 2594 468 2616 res
490 2587 542 2616 est
562 2581 725 2615 facienda

124 2633 129 2678 ᾗ
176 2629 270 2666 Mihi
290 2632 395 2669 inde?
445 2631 661 2667 luterficiam
683 2632 815 2667 liberos

177 2683 295 2724 Meos,
323 2695 428 2717 nemo
455 2691 522 2725 est,
547 2684 608 2730 qui
633 2683 744 2728 possit
771 2695 830 2717 eos
853 2681 1006 2726 eripete;

2093 84 2168 119 474

1227 174 1273 208 Et
1298 175 1504 222 miscensoe)
1530 180 1643 208 totam
1666 173 1815 206 domum
1837 170 1986 210 Iasonis,

1179 224 1253 259 795
1282 226 1396 260 Exibo
1423 240 1464 260 ex
1489 225 1554 259 hac
1576 232 1691 264 terra,
1723 236 1847 257 necem
1873 220 2164 256 charissimorum

1588 276 1784 309 liberorum

1227 327 1400 371 Fugiens,
1424 334 1458 360 et
1482 339 1564 360 ausa
1588 328 1724 360 facinus
1748 326 2012 371 impiissimum.

1229 379 1343 419 „Non
1368 379 1552 412 ferendum
1577 384 1647 417 est,
1670 384 1710 411 ut
1733 378 1960 411 derideamur
1980 377 2023 410 ab
2046 375 2165 408 inimi-

1589 429 1657 467 cis,
1686 440 1706 461 ο
1733 429 1880 468 amicae,

1227 481 1323 526 Quid
1350 480 1450 515 tum?
1475 479 1561 526 quid
1579 492 1635 512 me
1654 479 1755 512 iuvat
1771 480 1917 513 vivere?
1942 490 2056 523 neque
2076 474 2165 510 mihi

1593 530 1710 575 patria

1226 583 1307 624 Est,
1332 595 1448 629 neque
1474 583 1623 621 domus,
1647 593 1763 626 neque
1790 586 1951 624 receptus
1976 578 2104 624 aliquis
2124 590 2163 609 ex

1587 631 1642 666 his
1664 632 1779 666 malis.

1177 683 1249 718 800
1273 685 1422 718 Peccavi
1446 691 1548 724 tunc,
1573 684 1717 729 quando
1741 682 1871 728 reliqui

1224 736 1382 770 Domum
1407 743 1617 781 paternam,
1645 735 1763 768 verbis
1789 733 1859 767 viri
1882 732 2012 766 Graeci

1225 787 1415 822 Persuasa:
1442 788 1503 833 qui
1521 784 1607 820 mihi
1625 798 1779 830 poenam
1799 784 1897 818 dabit
1912 783 1990 816 Deo
2011 781 2164 815 volente.

1225 839 1317 873 Nam
1342 852 1526 885 nunquam
1552 838 1703 877 liberos,
1739 849 1828 882 quos
1853 848 1896 870 ex
1924 847 1982 868 me
2013 832 2165 870 sustulit,

1584 889 1718 922 videbit

1227 941 1403 986 Deinceps
1432 941 1549 979 vivos;
1577 952 1694 986 neque
1714 953 1756 973 ex
1782 950 1876 973 nova

1175 991 1248 1027 805
1273 993 1408 1037 Sponsa
1436 993 1555 1037 gignet
1581 992 1738 1036 aliquos,
1770 996 2004 1035 posteaquam
2030 985 2162 1019 malam

1589 1043 1682 1075 male

1225 1095 1347 1127 Perire
1375 1095 1488 1138 ipsam
1515 1106 1654 1127 necesse
1680 1099 1731 1126 est
1753 1093 1842 1126 meis
1864 1089 2077 1136 pharmacis.

1224 1146 1339 1179 'Nemo
1364 1158 1420 1178 me
1449 1145 1615 1189 ignavam
1642 1150 1675 1177 et
1698 1144 1911 1177 imbecillem
1938 1141 2124 1178 existimet,

1224 1197 1347 1242 'Neque
1374 1197 1627 1242 tranquillam,
1657 1197 1717 1230 sed
1743 1195 1889 1228 alterius
1912 1192 2060 1236 ingenii,

1226 1249 1412 1287 „Gravem
1437 1248 1610 1288 inimicis,
1636 1254 1669 1280 et
1690 1247 1883 1291 benignam
1908 1244 2042 1278 amicis.

1173 1300 1247 1334 810
1271 1299 1516 1340 „Huiusmodi
1534 1299 1627 1332 enim
1652 1297 1841 1332 hominum
1864 1296 1935 1329 vita
1955 1302 2005 1330 est
2031 1291 2161 1338 glorio-

1580 1350 1730 1384 sissima.

1224 1403 1321 1437 Chor.
1348 1402 1543 1448 Postquam
1561 1402 1665 1435 nohis
1686 1399 1958 1435 communicasti
1974 1397 2069 1432 hunc
2090 1406 2161 1429 ser-

1585 1465 1744 1492 monem,

1221 1504 1353 1538 Volens
1378 1504 1443 1537 tibi
1466 1505 1655 1548 prodesse,
1679 1511 1713 1537 et
1738 1503 1874 1547 legibus
1900 1499 2090 1534 hominum

1219 1556 1450 1595 Auscultans,
1477 1554 1648 1589 dehortor
1669 1562 1703 1588 te
1728 1556 1771 1588 ab
1794 1553 1850 1588 his
1875 1551 2059 1586 faciendis.

1221 1609 1315 1642 Med.
1340 1607 1423 1641 Non
1441 1607 1507 1640 erit
1531 1607 1650 1645 aliter;
1675 1607 1739 1640 tibi
1762 1607 1929 1651 ignosco,
1956 1604 2053 1649 quod
2073 1602 2159 1636 dicis

1171 1657 1244 1693 815
1271 1657 1358 1698 Ista,
1387 1671 1478 1704 quae
1502 1671 1575 1691 non
1601 1671 1639 1692 ea
1665 1659 1757 1691 mala
1786 1656 1938 1702 pateris,
1965 1666 2055 1700 quae
2082 1666 2159 1697 ego.

1223 1711 1318 1744 Cher.
1334 1711 1391 1743 An
1411 1710 1556 1743 audebis
1572 1716 1652 1744 tuos
1668 1710 1799 1743 liberos
1817 1708 1989 1743 occidere,
2005 1706 2134 1739 mulier
2144 1704 2158 1735 2³

1221 1763 1313 1795 Med.
1343 1761 1399 1794 Sic
1422 1761 1576 1794 maxime
1602 1761 1818 1795 cruciabitur
1843 1758 2005 1791 maritus.

1223 1814 1318 1847 Char.
1347 1813 1403 1845 Tu
1426 1819 1548 1845 tamen
1573 1813 1678 1845 etiam
1707 1812 1775 1846 eris
1798 1811 1927 1844 misera
1953 1810 2093 1843 mulier.

1221 1865 1315 1897 Med.
1341 1863 1439 1897 Esto,
1493 1864 1669 1908 Superflui
1694 1871 1776 1897 sunt
1801 1873 1983 1896 sermones
2006 1858 2146 1904 reliqui.

1170 1915 1243 1949 820
1268 1914 1335 1947 Sed
1353 1927 1429 1958 age,
1446 1915 1547 1954 vade,
1565 1921 1600 1947 et
1617 1915 1783 1948 adducito
1801 1913 1977 1949 Iasonem,

1221 1966 1291 2009 (Ad
1320 1966 1439 1998 omnia
1464 1965 1559 1998 enim
1583 1966 1700 1999 fidelia
1731 1972 1764 1998 te
1790 1964 1954 2009 utimur).

1219 2014 1317 2050 Nihil
1345 2017 1439 2050 dices
1464 2028 1608 2057 eorum,
1634 2029 1725 2063 quae
1748 2016 1902 2055 decrevi,

1220 2068 1255 2101 Si
1280 2067 1424 2113 quidem
1445 2069 1535 2101 liene
1560 2068 1612 2102 vis
1636 2069 1825 2108 dominae,
1850 2073 1883 2100 et
1906 2079 1939 2100 es
1963 2063 2103 2098 mulier.

1518 2155 1719 2199 [strophe
1751 2156 1801 2196 1.]

1222 2222 1318 2255 Chor.
1354 2220 1387 2254 O
1418 2224 1553 2266 posteri
1582 2223 1675 2267 regis
1706 2219 1917 2260 Erechthei,
1944 2219 2052 2262 longo
2085 2215 2156 2248 iam

1574 2280 1736 2318 tempore
1759 2273 1866 2311 beati,

1167 2320 1240 2357 825
1266 2321 1312 2355 Et
1335 2322 1397 2356 filii
1424 2323 1611 2357 beatorum
1636 2324 1810 2363 Deorum,

1217 2373 1289 2418 Qui
1317 2386 1438 2407 sacrae
1465 2375 1620 2419 regionis
1648 2373 2002 2420 inexpugnabilisque

1215 2424 1391 2458 Fruimini

1216 2475 1349 2522 Inclyta
1375 2476 1563 2521 sapientia,

1217 2527 1289 2573 Qui
1312 2540 1453 2572 semper
1478 2540 1542 2572 per
1565 2529 1823 2564 lucidissimum

1195 2659 1244 2692 68)
1264 2659 1397 2693 miscens]
1422 2667 1439 2686 a
1461 2662 1542 2687 Bai-n.
1563 2664 1590 2687 et
1613 2664 1719 2695 Musgr.
1747 2663 1869 2688 additur:
1906 2664 2002 2693 luctu7
2029 2669 2044 2686 a
2064 2662 2156 2687 Fixio:

1231 2695 1318 2719 ruina.
