2373 2980
237 81 286 117 27
814 80 935 115 PHlL.

239 178 365 199 occasu
385 166 428 198 ad
451 165 559 198 iniuin
579 166 684 203 coeli;
713 167 911 209 x‘espertina
933 178 1016 198 xero
1036 172 1069 199 et
1087 172 1229 200 noctur-

238 229 281 249 na
295 244 304 255 ,
331 218 419 250 duos
441 217 596 262 reliquos
615 217 841 262 quadrantes.

341 294 428 326 Sunt
447 300 478 326 et
498 294 585 326 aliae
604 294 880 337 appell.‘itiones,
906 293 1014 337 signis
1032 306 1230 327 accommo-

238 346 342 376 datae
373 357 391 376 a
419 345 559 377 formis:
601 351 639 377 nt
672 345 739 376 alia
773 345 940 378 dicuntur
973 345 1230 390 quadrupedia,

238 396 305 427 alia
334 396 533 433 terrestria,
580 395 646 427 alia
673 396 917 436 dominantia,
951 397 1018 428 alia
1044 398 1230 435 foecunda,

238 454 297 479 ant
317 446 449 491 aliquid
469 444 693 486 huiusmodi,
722 460 812 492 quae
830 460 907 479 eum
935 460 975 480 ex
1005 448 1087 492 ipsis
1111 447 1231 490 figuris

237 497 421 530 manifesta
441 498 531 537 sint,
558 510 861 542 supervacaneum
881 499 964 531 duxi
989 511 1046 532 eas
1076 499 1231 542 appella-

239 549 353 581 tiones
386 561 587 588 recensere,
631 562 709 582 enin
744 550 885 594 quidem
919 556 1020 582 antea
1046 550 1229 593 signorum

238 599 426 644 qualitates
443 601 687 644 exposuerim,
715 602 897 645 quomodo
915 601 951 633 in
975 601 1112 634 iudiciis
1137 601 1231 634 utili-

238 656 290 682 ter
310 651 399 684 xircs
417 663 538 684 earum
564 651 844 685 considerentur.

483 779 536 810 De
559 778 767 820 adspectibus
793 779 979 821 δίψιοι-κη».

339 861 500 893 Primum
539 862 724 905 adspectus
761 863 917 906 partium
955 862 1118 903 zodiaci,
1169 863 1231 908 qni

236 913 365 955 figuras
381 918 493 945 certas
510 912 685 953 efficiunt,
720 914 877 959 aliquam
904 914 996 947 inter
1020 927 1055 947 se
1080 915 1230 947 familia-

236 964 376 996 ritatem
406 962 550 997 liabent.

340 1031 501 1064 Primum
526 1038 664 1076 partes,
692 1045 782 1077 quae
811 1033 986 1065 diametro
1011 1033 1162 1072 distant,
1198 1039 1232 1066 et

236 1083 325 1115 duos
358 1089 472 1116 rectos
503 1084 650 1127 angulos
684 1084 887 1123 continent,
938 1084 1102 1117 videlicet
1130 1084 1228 1127 signa

236 1146 314 1172 sex,
365 1147 426 1167 seu
449 1136 579 1177 gradus
605 1141 744 1167 centum
773 1141 806 1167 et
832 1135 1024 1179 octoginta.
1091 1135 1230 1168 Deinde

236 1191 374 1228 partes,
403 1198 493 1230 quae
514 1186 660 1229 figuram
689 1187 845 1219 efficiunt
867 1187 1103 1230 triangulam,
1139 1199 1229 1231 quae

236 1236 394 1269 continet
413 1248 524 1269 unum
546 1243 681 1269 rectum
707 1237 876 1281 angulum
903 1245 936 1270 et
961 1238 1148 1276 trientem,
1180 1237 1230 1269 vi-

235 1287 361 1319 delicet
375 1287 473 1331 signa
494 1294 668 1333 quatuor,
703 1301 765 1322 seu
787 1289 916 1332 gradus
935 1295 1074 1321 centum
1092 1288 1229 1332 viginti.

234 1338 422 1371 Praeterea
455 1345 593 1382 partes,
637 1352 727 1385 quae
752 1341 1038 1385 quadrangulum
1063 1340 1229 1379 efficiunt,

235 1396 270 1422 et
299 1389 480 1422 continent
513 1402 624 1423 unum
657 1398 792 1424 rectum
830 1392 1021 1435 angulum,
1066 1391 1230 1423 videlicet

233 1440 333 1484 signa
349 1440 436 1481 tria,
472 1454 534 1474 seu
560 1443 689 1485 gradus
712 1443 922 1485 nonaginta.
983 1443 1108 1476 Partes
1132 1453 1229 1481 vero,

235 1504 326 1537 quae
349 1492 578 1535 sexangulum
599 1493 773 1533 efficiunt,
807 1493 992 1527 continent
1015 1492 1120 1526 unius
1143 1492 1229 1525 recti

235 1543 356 1586 anguli
371 1544 459 1577 duas
476 1543 617 1584 tertias,
645 1544 808 1577 videlicet
824 1545 922 1589 signa
945 1546 1038 1584 duo,
1065 1556 1126 1577 seu
1152 1556 1229 1588 gra-

234 1595 300 1628 dus
322 1595 516 1638 sexaginta.

337 1663 410 1696 Cur
431 1669 548 1696 antem
576 1660 664 1696 haec
689 1670 829 1697 tantum
858 1663 1062 1697 discrimina
1088 1671 1227 1709 recepta

234 1715 324 1754 sint,
352 1714 453 1747 facile
469 1712 552 1747 hinc
569 1714 718 1759 intelligi
738 1721 864 1759 potest.

337 1782 498 1815 Primum
522 1781 708 1816 manifesta
733 1789 784 1816 est
814 1782 926 1822 ratio,
971 1795 1033 1816 cur
1064 1782 1228 1816 diametri

236 1834 345 1876 figura
371 1834 555 1866 observata
581 1833 637 1867 sit.
696 1833 787 1867 Nam
815 1833 993 1878 oppositio
1021 1841 1073 1867 est
1098 1834 1134 1867 in
1158 1847 1228 1867 nna

235 1891 329 1918 recta
349 1885 454 1918 linea.
509 1885 637 1918 Postea
656 1897 764 1925 vero,
791 1885 820 1918 si
843 1887 930 1918 duas
953 1885 1125 1918 maximas
1147 1898 1229 1929 por-

235 1937 350 1969 tiones
385 1936 479 1969 iuxta
511 1934 718 1969 harmonias
751 1943 784 1969 et
815 1937 1107 1980 superportiones
1140 1937 1229 1969 acci-

235 1987 396 2031 piamus,
425 1987 586 2019 videlicet
603 1987 825 2020 semicirculo
849 1988 962 2021 diviso
986 1988 1041 2020 vel
1067 2000 1130 2031 per
1156 2000 1229 2020 me-

235 2038 334 2072 dium
348 2064 357 2078 ,
385 2045 424 2071 ut
441 2038 512 2071 sint
531 2039 602 2071 duo
620 2038 705 2071 recti
722 2039 863 2082 anguli,
891 2039 947 2071 vel
968 2051 1032 2082 per
1054 2039 1139 2072 tria:
1177 2039 1229 2071 di-

235 2090 325 2123 visio
344 2102 407 2133 per
426 2089 582 2122 medium
607 2089 732 2122 efficiet
757 2090 1039 2135 quadrangulam
1066 2091 1229 2134 figuram,

236 2141 364 2174 divisio
396 2153 481 2173 vero
513 2141 549 2172 in
582 2141 649 2173 tria
683 2139 790 2174 habet
813 2142 1042 2185 sexangulam
1066 2142 1228 2185 figuram.

235 2191 560 2236 Superportionum
593 2197 733 2230 autem,
772 2192 800 2225 si
826 2193 1061 2226 constituatur
1089 2205 1106 2225 a
1131 2199 1228 2225 recto

238 2243 368 2286 angulo
413 2244 588 2288 quadrato
630 2243 847 2288 sesquiplum
884 2250 918 2276 et
952 2243 1230 2289 sesquitertium,

237 2294 414 2339 sesquipla
448 2294 540 2327 ratio
571 2301 622 2328 est
649 2295 887 2340 quadranguli
911 2296 955 2328 ad
980 2295 1229 2339 sexangulum;

237 2344 459 2390 sesquitertia
478 2357 561 2378 vero
579 2352 630 2378 est
647 2345 816 2390 trianguli
833 2347 875 2378 ad
896 2347 1194 2391 quadrangulum.

316 2412 574 2446 Existimantur
591 2420 706 2446 antem
723 2420 850 2447 natura
870 2420 1104 2458 congruentes
1120 2415 1230 2447 trian-

238 2464 312 2508 guli
331 2470 364 2496 et
379 2464 562 2508 sexangnli
581 2465 784 2508 adspectus,
811 2473 1000 2510 propterea
1026 2466 1123 2510 quod
1147 2472 1231 2499 tunc

239 2522 386 2558 cognata
407 2516 504 2558 signa
523 2515 695 2548 feminina
719 2522 780 2548 aut
803 2518 958 2550 mascula
985 2517 1229 2551 conferuntur.

238 2566 321 2601 Non
339 2573 540 2609 congruunt
556 2573 672 2599 autem
698 2567 935 2612 quadranguli
958 2569 1161 2612 adspectus,
1197 2574 1228 2601 et

240 2617 418 2661 oppositi,
455 2618 537 2663 quia
559 2617 637 2651 talis
663 2617 868 2652 constitutio
894 2626 945 2653 est
966 2619 1230 2653 contrariorum

239 2668 435 2713 signorum.

972 79 1084 114 MEL.
1119 78 1321 114 SCRIPTA
1357 78 1693 114 PHlLOLOGICA.
2226 81 2275 117 28

1391 168 1444 199 De
1472 167 1713 209 iamet-antibus
1739 170 1770 199 ei
1794 166 2018 200 obedientibus
2044 167 2163 210 siquis.

1367 233 1545 266 Dicuntur
1563 234 1667 266 etiam
1686 233 1897 277 imperantia
1916 240 1950 266 et
1968 233 2168 266 obedientia
2185 233 2276 274 loca,

1284 298 1373 330 quae
1392 285 1532 330 aequali
1549 285 1663 329 spatio
1684 285 1814 318 distant
1832 285 1875 316 ab
1898 286 2020 317 codem
2044 285 2099 318 vel
2122 291 2276 330 utroque

1285 342 1497 380 punctorum
1535 336 1850 381 aequinoctialium
1869 349 1874 367 z
1925 348 1966 369 co
2002 337 2098 381 qnod
2135 335 2277 381 aequali

1285 388 1454 431 temporis
1475 387 1589 431 spatio
1617 388 1801 426 oriuntur,
1836 388 2048 432 eosdemque
2072 387 2277 421 describunt

1285 439 1484 481 parallelos.
1516 437 1730 482 impet-antia
1751 450 1834 470 vero
1851 445 1932 471 sunt
1950 438 1984 470 in
2002 438 2132 471 aestiva
2151 436 2277 483 sphae-

1284 502 1343 522 rae
1362 495 1480 533 parte,
1505 489 1683 522 audientia
1705 501 1788 522 vero
1810 489 1844 521 in
1864 496 1963 533 parte
1989 487 2156 529 hiberna,
2191 488 2276 535 quia

1284 540 1344 573 Sol
1369 541 1404 572 in
1429 541 1560 573 aestiva
1586 547 1686 583 parte
1710 540 1889 584 longiores
1914 541 1997 573 facit
2022 541 2116 580 dies,
2153 540 2190 573 in
2221 538 2276 573 bi-

1284 592 1393 624 berna
1413 604 1496 624 vero
1516 591 1708 625 breviores.

1373 687 1426 718 De
1454 687 1660 719 intuentibus
1686 690 1717 719 ei
1744 686 1830 719 idem
1858 685 2041 719 valentibus
2065 686 2185 729 siquis.

1386 752 1546 786 Dicimus
1562 753 1717 786 eiusdem
1737 753 1827 786 inter
1843 766 1878 786 se
1897 752 2077 797 potentiae
2100 764 2173 786 esse
2195 764 2277 796 par-

1285 809 1355 843 tes,
1398 804 1441 837 ab
1472 817 1544 837 uno
1570 805 1626 836 vel
1650 810 1804 849 utroque
1829 804 2048 848 tropicorum
2081 803 2276 848 aequaliter

1284 855 1465 889 distantes.
1525 855 1615 889 Sunt
1637 856 1731 888 enim
1757 855 1917 900 aequalia
1941 855 2053 899 spatia
2080 854 2219 887 dierum
2243 860 2277 887 et

1285 907 1442 940 noctium
1464 913 1497 940 et
1512 905 1682 940 horarum
1696 933 1705 947 ,
1737 907 1881 952 quando
1904 906 1965 939 Sol
1988 906 2155 939 alterutra
2174 917 2277 949 pera-

1284 965 1375 1001 grat.
1428 958 1523 991 Haec
1541 958 1646 991 etiam
1665 958 1794 990 intueri
1812 970 1847 991 se
1870 964 1995 991 mutuo
2021 957 2207 997 dicuntur,
2243 962 2278 989 et

1285 1016 1431 1054 propter
1456 1022 1594 1049 causas,
1635 1022 1722 1054 quas
1743 1009 1835 1049 dixi,
1875 1015 1909 1042 et
1933 1008 2016 1054 quia
2041 1014 2194 1053 utraque
2219 1007 2278 1041 iis-

1284 1061 1363 1093 dem
1382 1061 1467 1094 locis
1484 1058 1680 1094 horizontis
1700 1059 1879 1100 oriuntur,
1908 1066 1941 1093 et
1955 1060 2079 1093 iisdem
2098 1059 2276 1092 occidunt.

1661 1156 1893 1188 Inconiuncta.

1387 1220 1616 1254 Inconiuncta
1641 1233 1726 1253 vero
1756 1227 1790 1254 et
1814 1222 1927 1253 aliena
1957 1221 2142 1261 dicuntur,
2184 1233 2275 1267 quae

1284 1272 1417 1306 nullam
1436 1272 1528 1305 inter
1549 1285 1584 1306 se
1609 1272 1887 1305 familiaritatem
1912 1270 2062 1313 habent,
2097 1272 2195 1305 iuxta
2219 1284 2276 1305 ra-

1283 1324 1397 1357 tiones
1415 1324 1542 1356 dietas:
1569 1323 1732 1356 videlicet
1752 1336 1842 1369 quae
1859 1335 1973 1368 neque
1991 1324 2189 1367 imperant,
2215 1336 2277 1357 ne-

1284 1387 1352 1420 que
1378 1375 1570 1415 obediunt,
1604 1386 1718 1419 neque
1741 1386 1776 1408 se
1802 1374 2006 1414 intuentur,
2040 1386 2155 1419 neque
2181 1375 2276 1408 idem

1283 1426 1423 1466 valent,
1467 1438 1583 1470 neque
1614 1426 1724 1458 ullam
1757 1426 1952 1469 figurarum
1984 1424 2125 1458 illarum
2150 1426 2280 1459 descri-

1282 1477 1390 1517 bunt,
1424 1489 1512 1522 quas
1535 1476 1794 1510 recensuimus:
1831 1488 1904 1509 non
1930 1477 2166 1518 diametrum,
2201 1489 2277 1510 non

1283 1528 1485 1572 trigonum,
1512 1540 1586 1561 non
1604 1528 1910 1573 quadrangulum,
1936 1540 2011 1561 non
2027 1529 2277 1573 sexangulum3

1283 1581 1343 1613 sed
1379 1591 1469 1625 quae
1499 1580 1554 1612 vel
1584 1580 1757 1619 secunda,
1811 1579 1866 1611 vel
1898 1585 1994 1612 sexta
2027 1586 2277 1614 numerantur.

1283 1631 1374 1665 Nam
1394 1643 1484 1676 quae
1503 1632 1654 1664 secunda
1679 1637 1778 1669 sunt,
1812 1641 1934 1663 aversa
1963 1636 2046 1663 sunt
2070 1642 2088 1662 a
2117 1643 2209 1672 sese,
2244 1637 2278 1664 et

1284 1683 1354 1715 duo
1372 1682 1471 1726 signa
1495 1682 1663 1715 continua
1687 1681 1875 1715 coniuncta
1899 1693 2010 1714 unum
2036 1681 2193 1715 efficiunt
2214 1694 2277 1715 an-

1283 1734 1416 1777 gulum.
1469 1732 1530 1766 Illa
1549 1746 1646 1773 vero,
1665 1746 1756 1778 quae
1770 1738 1864 1765 sexta
1881 1738 2130 1773 numerantur,
2159 1739 2274 1767 totum

1285 1786 1406 1818 orbem
1440 1784 1476 1817 in
1509 1791 1627 1829 partes
1660 1784 1864 1829 inaequales
1895 1789 2033 1823 secant,
2076 1795 2155 1817 cum
2183 1785 2275 1820 aliae

1283 1838 1416 1880 figurae
1433 1848 1512 1868 μήνη
1532 1836 1569 1868 in
1586 1842 1704 1880 partes
1721 1834 1885 1879 aequales
1904 1834 2077 1868 dividant.

1661 1926 1716 1958 De
1736 1925 1898 1957 domibus.

1385 1991 1625 2025 Familiaritas
1643 1997 1694 2025 est
1710 1998 1826 2024 autem
1845 1991 1996 2036 planetis
2013 2004 2091 2024 cum
2113 1992 2274 2037 partibus

1282 2043 1449 2087 Signiferi
1475 2050 1622 2088 propter
1648 2043 1792 2082 domos,
1827 2043 2023 2086 triangula,
2058 2043 2275 2086 altitudines,

1283 2096 1369 2129 fines
1387 2101 1421 2127 et
1437 2095 1567 2128 similes
1584 2095 1754 2139 quasdam
1775 2094 2023 2138 proprietates.

1384 2154 1522 2187 Domus
1537 2160 1654 2187 autem
1672 2154 1827 2187 naturali
1845 2154 1983 2187 ratione
2001 2153 2274 2190 distribuuntur.

1284 2205 1372 2239 Cum
1392 2206 1485 2238 enim
1504 2218 1544 2238 ex
1559 2205 1745 2238 duodecim
1776 2206 1883 2249 signis
1909 2207 1979 2238 duo
2005 2205 2163 2238 borealia
2188 2218 2272 2249 pro-

1283 2257 1376 2290 xime
1410 2258 1455 2289 ad
1484 2257 1652 2289 verticem
1684 2263 1843 2290 nostruin
1876 2257 2061 2295 accedant,
2100 2257 2272 2291 maxime-

1285 2320 1352 2354 que
1385 2309 1518 2341 calores
1550 2315 1584 2341 ct
1607 2315 1722 2342 aestus
1747 2308 1920 2346 efficiant,
1964 2307 2100 2341 Cancer
2125 2315 2159 2340 et
2183 2308 2271 2350 Leo,

1283 2358 1370 2392 haec
1395 2360 1465 2392 duo
1491 2359 1589 2401 signa
1616 2360 1854 2392 maximorum
1888 2365 1922 2391 et
1948 2358 2272 2393 efficacissimorum

1283 2410 1457 2444 luminum
1476 2411 1603 2443 domus
1619 2423 1691 2444 esse
1709 2410 1901 2443 iudicatum
1918 2416 1984 2442 est:
2011 2408 2168 2443 Leonem
2195 2411 2273 2456 qui-

1284 2462 1362 2495 dem
1382 2461 1493 2501 Solis,
1521 2461 1603 2506 qnia
1622 2462 1760 2506 signum
1781 2461 1975 2495 masculum
1995 2467 2062 2498 est;
2092 2461 2270 2495 Cancrum

1284 2525 1368 2546 vero
1380 2512 1502 2545 Lunae
1514 2539 1522 2552 ‚
1551 2513 1633 2557 quia
1649 2513 1821 2546 femineus
1837 2518 1898 2546 est.
1939 2512 1990 2545 Ac
2007 2512 2171 2557 deinceps
2188 2525 2272 2546 con-

1283 2564 1467 2597 venienter
1485 2564 1724 2598 semicirculus
1739 2576 1757 2597 a
1773 2563 1894 2597 Leone
1912 2564 1956 2596 ad
1972 2563 2231 2608 Capricornum
2241 2564 2274 2611 ⁷)

1318 2683 1348 2716 7)
1369 2683 1580 2715 capricornum]
1599 2682 1737 2707 Ed.1553.
1757 2687 1852 2706 errore
1870 2683 1998 2713 typogr.:
2024 2682 2213 2714 canticorum.
