2373 2980
277 123 325 158 43

275 209 417 241 ubertas
443 214 492 241 est
520 209 655 240 nomini
681 208 911 245 conveniens,
940 215 971 241 et
992 216 1190 242 aromatum
1211 222 1267 242 co-

276 260 332 303 pia
346 286 354 295 ,
383 266 412 291 ct
434 257 618 291 bominum
636 259 845 296 dexteritas,
873 266 903 291 et
924 259 1114 294 liberalitas
1131 261 1166 293 in
1184 274 1266 293 con-

276 310 498 345 versatione.
527 310 763 342 contractiluis
783 316 814 341 et
836 311 1089 353 negotiatione.

379 361 520 393 Tertius
557 361 716 401 trigonus
752 361 1014 400 Geminorum,
1066 362 1195 394 Librae
1233 368 1266 394 et

275 412 436 454 Aquarii.
490 409 524 442 ln
544 411 646 443 tertio
665 412 880 456 quadrante,
911 413 970 458 qni
993 420 1042 446 est
1068 415 1109 444 ad
1128 418 1265 455 septen-

276 463 426 493 trionem
448 474 596 501 magnae
611 463 732 499 Asiae,
759 470 839 495 sunt
858 465 1046 503 Armenia,
1075 463 1264 508 Hyrcania,

274 512 453 548 Matiana,
483 512 694 553 Bactriana,
730 513 876 557 Caspia,
909 515 1046 553 Serica,
1075 514 1264 553 Sarmatia,

273 563 431 601 Oxiana,
461 563 660 607 Sogdiana,
688 571 918 610 spectantque
935 567 978 598 ad
1008 572 1125 598 ortum
1150 564 1263 597 solsti-

273 614 414 652 tialem,
459 614 552 647 iuxta
582 616 684 648 situm
717 616 903 648 universae
939 623 1072 655 terrae,
1115 622 1147 648 et
1181 627 1263 647 con-

271 672 403 707 gruunt
427 666 469 697 ad
496 665 674 708 trigonum
701 673 798 699 ortus
825 667 1036 705 solstitialis,
1079 666 1263 705 Geminos,

271 715 416 748 Libram
439 717 692 761 etAquarinm.
742 717 926 759 lieguntnr
942 724 1058 750 autem
1076 730 1093 749 a
1106 718 1261 751 Saturno

271 773 303 799 et
323 765 423 803 love,
460 768 575 810 positu
600 768 688 801 Eoo.
750 768 880 801 Colunt
907 768 1013 811 igitur
1037 775 1156 812 gentes
1183 768 1262 800 illae

271 817 388 849 lovem
411 824 442 850 et
462 819 675 857 Saturnum,
711 825 743 850 et
761 826 843 852 sunt
864 820 1011 859 divites,
1038 820 1262 863 splendentes

271 881 372 906 auro,
398 875 430 901 et
448 868 482 900 in
500 869 592 902 victu
612 870 784 908 mundae,
813 876 846 902 et
862 871 1057 914 sapientiae
1073 882 1259 915 magorum

270 919 465 957 studiosae,
496 919 624 959 iustae,
652 920 832 960 liberales,
869 921 1137 965 magnanimae,
1165 934 1261 955 acres

269 970 437 1003 vitiorum
462 969 597 1010 hostes,
633 978 792 1005 amantes
817 979 1071 1015 cognatorum,
1107 974 1195 1005 adeo
1223 979 1261 1005 ut

268 1021 369 1053 facile
388 1034 452 1065 pro
471 1022 518 1054 eis
539 1029 688 1055 mortem
716 1029 906 1066 oppetant,
942 1023 1073 1067 pietate
1099 1031 1159 1057 ant
1186 1023 1258 1067 glo-

269 1072 319 1104 ria
339 1072 446 1111 moti,
476 1079 607 1112 castae,
639 1074 794 1113 nitidae,
827 1074 864 1106 in
888 1075 1015 1108 vestitu
1041 1075 1260 1119 splendidae,

268 1123 444 1156 beneficae
464 1130 498 1155 et
516 1125 670 1157 excelsae
689 1125 836 1164 animis,
864 1138 954 1170 quae
976 1126 1186 1171 plerumque
1213 1126 1259 1157 es-

267 1174 339 1206 ficit
364 1175 558 1207 matutinus
583 1175 716 1219 positus
736 1176 880 1209 Saturni
909 1183 941 1208 et
966 1175 1069 1209 Iovis.
1130 1177 1182 1209 Ex
1206 1173 1260 1208 his

268 1232 384 1257 autem
405 1225 578 1269 Hyrcani,
611 1227 773 1259 Armenii
803 1233 837 1259 et
862 1227 1011 1259 Matiani
1036 1227 1148 1270 magis
1172 1227 1260 1259 refe-

267 1283 350 1309 runt
369 1283 534 1308 naturam
556 1277 790 1310 Geminorum
811 1284 844 1310 et
862 1278 1048 1310 Mercurii:
1079 1290 1189 1323 quare
1208 1277 1259 1309 in-

267 1327 368 1371 genia
395 1325 525 1359 babent
550 1328 737 1360 mobiliora
766 1335 799 1361 et
826 1329 943 1362 minus
968 1329 1132 1362 candida.
1190 1328 1258 1361 Ba-

266 1378 443 1418 ctrianae,
485 1378 633 1422 Caspiae
661 1386 694 1412 et
716 1380 855 1413 Sericae
887 1386 1006 1423 gentes
1037 1392 1053 1412 a
1087 1379 1194 1412 Libra
1226 1385 1258 1412 et

265 1429 404 1462 Venere
423 1436 609 1473 reguntur:
637 1437 718 1463 sunt
737 1431 843 1473 igitur
860 1432 1004 1471 divites,
1040 1437 1074 1464 et
1098 1437 1258 1463 amantes

265 1481 420 1513 musicae
455 1487 488 1513 et
521 1480 741 1514 deliciarum.
811 1482 1018 1521 Sarmatae,
1061 1481 1192 1515 Oxiani
1225 1488 1259 1514 et

265 1531 435 1575 Sogdiani
460 1532 657 1577 Aquarium
683 1539 716 1565 et
740 1532 933 1566 Saturnum
960 1534 1134 1566 referunt:
1177 1540 1258 1566 sunt

264 1582 371 1625 igitur
388 1581 452 1615 b·:e
472 1589 591 1626 gentes
608 1581 826 1618 horridiores
842 1585 965 1628 magis,
994 1585 1138 1617 tetricae
1154 1591 1187 1617 et
1206 1585 1258 1617 in-

265 1634 390 1667 cultae.
446 1633 614 1667 Caeterae
634 1635 668 1666 in
688 1633 753 1667 boc
772 1637 990 1680 quadrante,
1019 1648 1108 1681 quae
1125 1637 1168 1667 ad
1186 1649 1257 1669 me-

265 1685 361 1717 dium
382 1685 536 1718 universi
554 1685 649 1718 orbis
665 1688 847 1726 accedunt,
876 1685 1064 1731 Bithynia,
1090 1684 1257 1731 Phrygia,

265 1734 449 1772 Colchica,
478 1736 593 1781 Syria,
622 1736 835 1780 Comagene‚
865 1738 1102 1782 Cappadocia,
1130 1737 1257 1782 Lydia,

264 1787 406 1826 Cilicia,
443 1785 672 1832 Pamphylia,
702 1795 900 1832 spectantes
926 1802 1086 1822 occasum
1113 1789 1275 1821 bruma-1

263 1838 352 1872 lem.
381 1844 565 1871 assumunt
586 1846 751 1871 naturam
770 1840 936 1883 trianguli
956 1853 1098 1873 occasus
1113 1840 1256 1872 bruma-

264 1889 317 1925 lis,
346 1889 486 1927 Cancri,
514 1890 651 1933 Scorpii
669 1897 700 1922 et
713 1891 884 1929 Piscium;
914 1899 945 1923 et
963 1891 1066 1924 simul
1085 1898 1257 1934 reguntur

940 1942 1060 1986 Quare
1079 1949 1112 1974 et
1127 1940 1252 1975 harum

264 1991 450 2033 regionum
480 1989 642 2025 homines
670 1993 740 2024 sere
770 1993 900 2038 ubique
926 1994 1046 2026 colunt
1067 1992 1255 2033 Venerem,

265 2054 355 2087 quae
375 2043 457 2086 ipsis
476 2049 525 2075 est
540 2049 654 2075 mater
669 2043 846 2083 Deormn,
883 2046 976 2089 apud
995 2045 1083 2077 alios
1100 2045 1176 2078 aliis
1195 2057 1255 2088 ap-

263 2093 390 2137 pellata
414 2093 634 2130 nominibus:
671 2101 704 2126 et
723 2094 894 2134 Martem,
930 2096 984 2128 cui
1011 2096 1170 2128 tribuunt
1192 2109 1254 2128 no-

263 2157 344 2177 men
363 2145 566 2184 Adonidos,
597 2151 657 2177 ant
681 2145 785 2178 etiam
813 2146 899 2178 alias
923 2146 1197 2190 appellationes,
1223 2153 1256 2179 et

263 2195 424 2238 lugubria
460 2196 508 2228 eis
541 2208 638 2229 sacra
677 2197 821 2229 faciunt.
883 2198 972 2230 Sunt
1003 2204 1118 2230 autem
1153 2198 1254 2230 valde

262 2246 383 2290 praxi,
413 2247 573 2285 serviles,
602 2247 787 2287 laboriosi,
814 2249 931 2291 cupidi
949 2249 1120 2288 nocendi,
1146 2249 1253 2281 dediti

264 2298 504 2330 mercenariae
532 2298 697 2337 militiae,
732 2300 881 2342 praedas
906 2305 938 2331 et
962 2301 1100 2346 'captiva
1122 2300 1254 2332 manci-

262 2348 319 2392 pia
342 2349 574 2386 abducentes,
603 2357 766 2383 exercent
792 2356 825 2382 et
848 2351 939 2382 inter
960 2363 1032 2383 sese
1056 2351 1254 2390 latrocinia,

263 2405 297 2431 et
314 2399 371 2431 alii
390 2399 477 2432 alios
494 2399 528 2431 in
546 2400 748 2433 servitutem
775 2400 960 2443 redigunt,
995 2408 1142 2445 propter
1160 2402 1255 2434 Mar-

262 2449 307 2483 tis
326 2456 359 2482 et
375 2449 522 2483 Veneris
540 2451 751 2483 matutinum
775 2464 996 2485 concurslnn.
1051 2453 1142 2496 Quia
1168 2465 1252 2485 vero

263 2500 361 2534 Mars
387 2501 422 2533 in
446 2501 623 2544 triangulo
644 2501 791 2535 Veneris
817 2503 850 2534 in
877 2503 1097 2547 Capricorno
1123 2504 1253 2535 exalta-

262 2552 396 2585 tionem
418 2549 523 2584 babet
541 2558 574 2584 et
589 2551 708 2585 Venus
735 2553 770 2584 in
789 2553 913 2586 Martis
939 2554 1116 2598 triangulo
1143 2554 1179 2586 in
1195 2554 1253 2587 Pi-

261 2603 393 2636 scibus:
430 2603 508 2635 ideo
527 2603 690 2636 mulieres
708 2604 744 2635 in
761 2604 802 2636 iis
819 2604 903 2637 locis
921 2605 1023 2637 valde
1039 2611 1161 2637 amant
1178 2617 1254 2637 ma—

263 1952 281 1971 a
300 1939 414 1972 Marte
427 1967 435 1979 ,
473 1940 608 1973 Venere
636 1947 669 1972 et
685 1941 876 1975 Mercurio.

262 2653 350 2686 titos
373 2667 455 2687 snos
482 2661 515 2687 et
540 2654 689 2694 liberos,
733 2661 766 2687 et
798 2661 880 2687 sunt
901 2656 991 2687 fidae
1017 2657 1178 2690 custodes
1200 2656 1253 2689 rei
1277 2648 1281 2698 l

1278 2710 1280 2714 '
1303 2707 1422 2742 Pisces
1437 2715 1471 2741 et
1487 2707 1606 2741 Iovem
1626 2707 1821 2753 pertinent;
1855 2708 1934 2742 ideo
1959 2715 2041 2742 sunt
2062 2708 2183 2749 liberi,
2210 2708 2294 2742 sim-

263 2705 495 2745 domesticae,
542 2705 762 2744 laboriosae,
808 2705 1004 2745 officiosae,
1045 2707 1187 2740 sedulae
1219 2714 1254 2740 et

851 123 972 157 PHIL.
1007 123 1118 157 MEL.
1155 122 1357 158 SCRIPTA
1390 123 1726 160 PHILOLOGICA.

1321 210 1530 253 morigerae.
1598 210 1644 243 Et
1671 211 1706 243 in
1730 209 1783 245 bis
1808 209 1984 256 Phrygia,
2011 211 2201 258 Bithynia,
2230 215 2310 249 Col-

1293 262 1295 286 3
1321 258 1416 293 cbica
1449 261 1559 304 magis
1584 263 1742 294 referunt
1766 269 1928 295 naturam
1961 263 2086 296 Cancri
2114 272 2147 298 et
2174 265 2309 301 Lunae.

1293 304 1295 308 ¹
1318 310 1401 344 ldeo
1423 325 1547 355 magna
1568 324 1608 344 ex
1627 319 1727 356 parte
1747 313 1813 344 viri
1831 320 1912 346 sunt
1937 314 2053 347 timidi
2075 322 2108 348 et
2129 317 2309 352 servitutis

1318 363 1510 405 patientes;
1540 363 1704 395 mulieres
1731 375 1814 395 vero
1841 370 1988 407 propter
2006 365 2127 399 Lunae
2146 374 2308 401 exortum

1318 420 1351 445 ct
1368 414 1560 446 masculum
1582 413 1748 456 positum,
1777 413 1907 454 viriles,
1926 415 2136 459 imperiosae
2154 425 2187 451 et
2201 419 2309 453 bella-

1291 456 1293 474 Ι
1319 463 1432 503 trices,
1456 471 1494 497 nt
1510 465 1728 504 Amazones,
1756 465 1927 508 fugientes
1945 467 2104 500 virorum
2122 477 2308 503 consuetu-

1317 514 1457 554 dinem,
1485 515 1592 548 armis
1610 517 1820 558 gaudentes,
1849 522 1883 549 et
1904 518 1947 549 ab
1973 518 2120 551 infantia
2147 521 2308 554 adsuefa-

1318 565 1448 598 cientes
1472 566 1605 609 puellas
1627 567 1670 597 ad
1696 567 1807 599 oftieia
1836 568 1980 611 propria
2009 582 2110 603 sexus
2139 571 2307 613 marium,

1317 622 1349 648 et
1370 617 1611 659 praecidentes
1638 618 1778 651 dextras
1802 619 2035 660 mammillas,
2070 627 2109 653 ut
2135 622 2179 654 ad
2204 633 2307 666 prae·-

1316 667 1473 699 liandum
1494 669 1606 711 magis
1624 668 1770 701 idoneae
1790 669 1877 708 sint,
1905 682 2054 715 eamque
2078 679 2215 715 partem
2241 684 2307 706 nu-

1316 718 1459 758 dantes,
1494 725 1532 751 ut
1562 721 1750 752 ostendant
1782 732 1817 752 se
1849 732 1924 752 non
1958 722 2172 756 feminarum
2204 735 2306 757 more

1316 769 1447 803 rivere.

1416 819 1517 865 Syria
1542 831 1648 859 vero,
1683 820 1884 863 Comagene
1912 828 1946 854 et
1971 822 2197 867 Cappadocia
2223 836 2306 858 con-

1315 878 1446 914 gruunt
1465 883 1543 903 cuin
1564 871 1712 914 Scorpio
1732 877 1764 903 et
1782 871 1908 905 Marte.
1951 873 2042 906 Sunt
2057 875 2164 918 igitur
2181 887 2305 909 earum

1314 922 1500 965 regionum
1526 920 1706 959 homines,
1743 924 1913 963 audaces,
1948 924 2126 968 improbi,
2160 926 2305 960 insidia-

1314 979 1426 1013 tores,
1454 973 1635 1006 laboriosi.
1689 972 1781 1018 Lydi
1800 986 1904 1013 vero,
1934 975 2057 1010 Cilices
2073 983 2106 1009 et
2124 975 2305 1023 Pamphy-

1313 1024 1349 1055 lii
1370 1025 1413 1056 ad
1431 1024 1547 1057 Pisces
1565 1030 1598 1056 et
1614 1024 1733 1057 lovem
1755 1025 1943 1067 pertinent.
1985 1027 2075 1060 Sunt
2091 1027 2199 1071 igitur
2215 1028 2305 1061 divi-

1315 1080 1385 1114 tes,
1422 1075 1602 1114 liberales,
1638 1075 1896 1118 negotiatores,
1937 1084 2098 1111 amantes
2130 1079 2303 1113 libertatis

1314 1131 1347 1157 et
1367 1125 1402 1157 in
1423 1126 1662 1159 contractibus
1680 1138 1752 1158 non
1773 1128 1918 1161 morosi.

1415 1175 1622 1209 Postremus
1654 1178 1833 1221 quadrans
1866 1185 1917 1210 est
1940 1177 2095 1223 Libyae,
2136 1185 2175 1212 ut
2208 1191 2303 1213 com-

1313 1275 1585 1322 Cartbaginem,
1611 1278 1787 1317 Africam,
1814 1276 2054 1323 Pbyzaniam,
2090 1280 2303 1314 Nasamoni—

1313 1328 1438 1368 ticam,
1472 1330 1729 1368 Garamantes,
1763 1329 1930 1370 Mauros,
1963 1331 2154 1371 Gaetulos,
2190 1333 2303 1365 Meta-

1312 1377 1487 1422 gonithas.
1547 1380 1660 1414 Huius
1679 1381 1887 1426 quadrantis
1902 1382 1988 1414 situs
2009 1387 2061 1414 est
2079 1382 2123 1414 ad
2141 1393 2302 1416 occasum

1311 1431 1507 1464 brumalem
1520 1458 1528 1471 ,
1557 1438 1591 1464 et
1606 1432 1713 1464 refert
1728 1437 1893 1464 naturam
1912 1432 2044 1475 trigoni
2061 1444 2203 1466 occasus
2219 1435 2303 1467 bru·
2330 1449 2339 1456 ·

1311 1481 1434 1522 malis,
1461 1482 1592 1516 scilicet
1610 1482 1754 1522 Cancri,
1782 1482 1920 1526 Scorpii
1937 1490 1971 1516 et
1987 1483 2140 1517 Piscium
2153 1510 2162 1524 ,
2190 1491 2223 1517 et
2240 1497 2302 1529 gu-

1310 1534 1482 1567 bernatur
1514 1546 1532 1566 a
1558 1534 1674 1567 Marte
1707 1540 1740 1567 et
1765 1533 1903 1567 Venere
1937 1535 2055 1578 positu
2086 1537 2302 1579 vespertino.

1311 1584 1432 1628 Quare
1454 1597 1558 1629 saepe
1580 1585 1615 1618 in
1641 1585 1708 1618 illis
1732 1585 1956 1628 regionibus,
1990 1592 2136 1629 propter
2157 1587 2300 1621 illorum

1310 1636 1464 1669 siderum
1484 1637 1766 1680 copulationem,
1789 1636 1894 1668 simul
1913 1637 1983 1669 duo
2000 1649 2148 1680 regnum
2168 1644 2302 1680 tenent,

1311 1687 1365 1718 vir
1383 1693 1416 1719 et
1432 1688 1578 1727 mulier,
1609 1694 1670 1720 ant
1688 1689 1796 1720 frater
1815 1693 1849 1719 et
1865 1699 1984 1720 soror:
2013 1695 2052 1721 ut
2070 1688 2124 1720 vir
2143 1689 2300 1723 maribus

1311 1744 1343 1770 et
1372 1738 1500 1771 mulier
1527 1739 1734 1772 mulieribus
1761 1739 1928 1782 imperet,
1970 1745 2004 1771 et
2031 1739 2123 1771 idem
2155 1739 2192 1772 in
2224 1753 2300 1774 suc-

1311 1789 1526 1823 cessionibus
1551 1796 1721 1823 servetur.
1782 1790 1872 1822 Sunt
1902 1796 2018 1822 autem
2049 1790 2151 1822 valde
2184 1791 2300 1833 calidi,

1311 1847 1343 1872 et
1361 1841 1463 1883 proni
1483 1842 1526 1873 ad
1545 1841 1732 1873 mulierum
1757 1840 2003 1879 concubitum,
2031 1847 2193 1884 raptores
2217 1854 2300 1876 con—

1311 1893 1451 1934 iugum,
1483 1892 1566 1925 etin
1586 1892 1705 1925 multis
1724 1891 1808 1924 locis
1827 1904 1925 1934 reges
1951 1891 2105 1934 primuni
2133 1904 2299 1926 concum-

1309 1943 1397 1975 bunt
1420 1956 1497 1975 cnm
1526 1944 1627 1976 novis
1652 1943 1786 1986 nuptis;
1832 1942 1960 1974 alicubi
1985 1955 2192 1976 communes
2216 1951 2300 1978 sunt

1310 1994 1502 2027 multorum
1526 1994 1712 2037 coniuges,
1747 2000 1781 2026 et
1804 1993 1869 2024 viri
1895 1993 2104 2026 muliebrem
2131 2002 2298 2028 ornatum

1309 2052 1449 2085 amant,
1487 2046 1568 2090 quia
1593 2045 1712 2078 Venus
1741 2045 1789 2077 eis
1816 2050 1971 2087 praeest;
2005 2046 2155 2078 audaces
2177 2052 2298 2080 tamen

1308 2102 1410 2135 sunt,
1446 2102 1478 2128 et
1503 2097 1546 2127 ad
1571 2096 1742 2128 malitiam
1771 2096 1896 2134 astuti,
1931 2095 2044 2139 magi,
2072 2096 2297 2139 impostores,

1311 2147 1509 2187 temerarii,
1545 2153 1810 2180 contemnentes
1837 2145 1992 2189 pericula
2026 2155 2174 2191 propter
2200 2147 2297 2181 Mar-

1309 2204 1391 2231 tem.
1457 2198 1508 2230 Ac
1532 2198 1728 2237 Numidae,
1765 2195 1964 2240 CartbagO,
2003 2197 2142 2238 Africa,
2184 2200 2296 2243 magis

1308 2248 1498 2281 familiares
1522 2256 1604 2282 sunt
1627 2248 1764 2281 Cancro
1787 2255 1821 2281 et
1847 2247 1981 2282 Lunae.
2042 2247 2124 2281 Ideo
2150 2261 2296 2284 consue—

1309 2301 1394 2333 tudo
1413 2300 1505 2332 vitae
1525 2313 1647 2333 eorum
1668 2301 1778 2343 magis
1798 2299 1908 2332 civilis
1926 2306 1995 2338 est,
2031 2306 2065 2332 et
2083 2301 2236 2334 officiosa
2258 2302 2294 2334 in

1308 2351 1630 2383 communicatione
1651 2357 1683 2383 et
1699 2350 2020 2395 negotiationibus,
2049 2357 2083 2383 et
2102 2352 2235 2394 degunt
2258 2352 2295 2385 in

1306 2414 1433 2445 magna
1461 2414 1579 2434 rerum
1606 2402 1808 2436 adfluentia.
1867 2401 2127 2444 Metagonitae,
2159 2402 2296 2436 Mauri-

1307 2453 1399 2493 tani,
1428 2453 1545 2486 Getuli
1570 2454 1727 2486 referunt
1751 2460 1914 2486 naturam
1933 2452 2070 2496 Scorpii
2097 2460 2129 2485 et
2149 2453 2293 2492 Martis;

1306 2504 1386 2537 ideo
1409 2504 1520 2547 magis
1544 2505 1639 2537 foedi
1661 2511 1760 2543 sunt,
1789 2510 1822 2537 et
1837 2503 2036 2543 carnivori,
2064 2511 2294 2538 contemnen-

1306 2562 1355 2589 tes
1378 2555 1618 2599 periculorum
1645 2562 1679 2588 et
1703 2555 1815 2595 vitae,
1848 2561 1881 2587 et
1905 2554 2106 2588 domesticis
2131 2555 2231 2589 bellis
2257 2567 2293 2589 se

1305 2613 1430 2639 mutuo
1448 2609 1644 2650 perdentes.

1406 2655 1611 2702 Pbyzania,
1651 2657 1906 2691 Nasamonitae
1929 2663 1963 2690 et
1987 2658 2223 2691 Garamantes
2248 2657 2293 2689 ad

2349 1424 2361 1471 12⁴⁴
2353 1407 2356 1409 ·

2355 2025 2358 2031 -
2353 1988 2361 2019 -Α-
2345 1654 2362 1983 ,εικμεὲυι-ᾈᾺᾈΣίξεαιὲζ
2346 1544 2362 1646 Q·
2347 1516 2353 1537 ““·
2347 1483 2349 1486 “

2352 1203 2358 1214 ’
2372 1209 2373 1240 l

1314 1226 1413 1258 muni
1439 1227 1585 1259 nomine
1613 1227 1831 1271 appellatur,
1875 1229 2060 1262 continens
2083 1229 2304 1271 Numidiam,
2351 1244 2354 1246 ·
