2373 2980
137 122 211 157 633
612 118 716 153 LXII.

14 211 17 263 ¹
188 205 366 252 „Quanto
402 215 471 248 pax
506 204 633 237 melior
675 205 719 238 sit
754 203 977 246 homiuibus,
1015 219 1123 251 quam

15 289 17 298 ,
549 256 682 290 bellum
694 256 753 301 ⁷9),

15 315 17 345 ι
186 307 318 352 „Quae
341 306 498 352 primum
524 313 576 340 est
599 307 797 351 gratissima
824 307 947 347 Musis,

135 358 209 394 490
236 358 305 398 „Et
323 357 466 391 inimica
481 358 594 398 furiis,
612 365 646 392 et
664 360 859 393 delectatur
873 358 1122 404 procreatione

15 427 18 452 ς
546 410 692 449 sobolis,

181 459 257 500 „Et
289 461 419 505 gaudet
454 460 599 494 divitiis.
652 460 748 494 Haec
778 462 872 494 bona
905 461 1122 495 dimittentes

543 512 642 552 mali,

182 561 386 606 „Eligimus
408 563 562 603 bellum,
587 569 621 595 et
646 562 854 596 inferiorem

16 602 19 634 l
182 613 339 653 „Virum
364 614 558 658 redigimus
582 614 619 646 in
643 614 848 647 servitutem
863 640 872 653 ‚
897 620 930 647 et
953 614 1037 647 urbs
1062 627 1120 647 ur-

545 665 638 699 bem.

179 714 238 748 Tu
255 715 307 749 vis
332 715 503 749 beneficio
526 717 664 749 afficere
689 714 853 749 homines
877 715 1063 756 inimicos,
1087 723 1121 749 et

17 778 20 795 ‹
544 773 707 800 mortuos

128 815 204 850 495
234 817 393 861 Sepelire
418 824 452 850 et
477 830 621 857 curare,
644 830 733 863 quos
755 830 817 850 sua
842 817 1003 862 ipsorum
1029 818 1120 851 iniu-

546 870 640 902 stitia
661 868 829 913 perdidit.

177 917 261 953 Non
282 925 376 951 recte
404 918 562 963 Capanei
585 920 734 953 fulmine
759 920 866 952 ictum

181 969 320 1013 Corpus
345 970 499 1003 fumaret
521 971 559 1003 in
585 971 686 1005 scalis
711 971 848 1011 erectis,

179 1020 278 1065 Quas
301 1021 495 1054 admovens
517 1022 650 1066 portis,
676 1022 809 1055 iuravit
831 1035 866 1055 se
891 1022 1016 1055 urbem

178 1071 390 1104 Deleturum
415 1072 557 1106 volente
582 1079 616 1106 et
639 1074 784 1107 nolente
810 1073 908 1111 Deo;

127 1120 204 1157 500
234 1122 359 1167 Neque
387 1129 481 1156 recte
504 1124 737 1171 rapuisset⁸⁰)
763 1137 948 1169 augurem,

178 1173 337 1218 Rapiens
363 1175 555 1219 quadrigas
576 1175 760 1219 voragine.

178 1224 225 1257 Et
248 1236 322 1257 non
344 1231 438 1258 recte
463 1226 619 1259 iacerent
642 1227 704 1259 alii
729 1228 834 1260 duces
859 1228 903 1259 ad
928 1233 1063 1271 portas,

180 1275 336 1309 Contriti
360 1282 500 1311 suturas
526 1277 658 1311 ossium
684 1277 787 1311 saxis.

177 1327 251 1360 Aut
275 1326 439 1369 gloriaris
466 1334 500 1360 te
526 1329 605 1371 plus
629 1340 752 1372 sapere
779 1340 886 1374 quam
909 1326 1042 1367 Iovem,

127 1375 203 1411 505
232 1376 305 1410 Aut
315 1376 361 1422 ⁸¹)
385 1377 480 1412 Deos
501 1379 590 1412 iuste
614 1381 763 1423 perdere
786 1380 912 1413 malos.

178 1427 364 1472 „Oportet
388 1429 564 1473 sapientes
592 1430 748 1473 primum
773 1442 894 1462 amare
918 1430 1061 1468 liberos,

179 1478 348 1519 „Deinde
365 1487 530 1523 parentes
546 1487 581 1513 et
596 1480 819 1527 patriamffi),
847 1494 953 1527 quam
978 1487 1121 1524 oportet

539 1544 681 1576 augere,

179 1579 255 1620 „Et
279 1592 353 1613 non
380 1581 553 1626 frangere.
613 1582 728 1616 Nimis
764 1583 863 1616 ferox
889 1584 959 1616 dux
983 1588 1033 1616 est
1065 1594 1120 1616 res

546 1634 758 1677 periculosa.

178 1681 442 1721 „Gubernator
467 1684 567 1718 navis
597 1685 757 1728 placidus
782 1697 847 1729 pro
881 1691 1041 1729 tempore
1069 1691 1120 1718 est

536 1737 689 1779 sapiens,

125 1782 201 1818 510
233 1783 310 1824 „Et
337 1783 426 1817 mihi
451 1792 502 1819 est
527 1799 593 1831 pro
617 1787 828 1820 fortitudine
853 1787 1092 1832 prox‘identia.

177 1834 302 1876 „Satis
326 1842 402 1869 erat
421 1835 556 1881 Iupiter
579 1838 780 1875 vindican53

176 1886 250 1919 Vos
274 1898 350 1919 non
374 1889 564 1932 oportebat
588 1889 718 1923 iniuria
747 1902 813 1922 nos
836 1889 974 1921 afficere
984 1888 1042 1935 ⁸3).

178 1938 265 1970 Adr.
297 1936 330 1969 Ο
352 1939 520 1982 pessime!
578 1942 675 1975 Thes.
703 1940 817 1980 Tace,
841 1941 1010 1980 Adraste,
1035 1952 1118 1972 con-

538 1991 610 2024 tine
635 2005 686 2032 os,

180 2036 228 2070 Et
248 2050 322 2070 non
347 2046 427 2073 ante
453 2053 551 2074 meos
575 2055 757 2077 sermones
780 2050 859 2077 tuos

129 2086 203 2122 515
234 2089 372 2129 Ponas;
395 2104 469 2124 non
498 2094 593 2126 enim
610 2095 707 2127 venit
732 2096 777 2127 ad
801 2101 833 2127 te
860 2094 924 2127 iste
951 2105 1092 2137 praeco,

177 2139 247 2173 Sed
270 2142 315 2173 ad
342 2154 415 2175 me:
445 2155 528 2187 ergo
552 2151 585 2177 et
609 2157 674 2179 nos
700 2152 841 2190 oportet
864 2145 1092 2189 respondere.

177 2190 340 2225 Primum
366 2196 589 2238 respondebo
617 2197 680 2229 tibi
705 2198 747 2230 ad
773 2196 943 2241 primum.

157 2343 205 2375 79)
226 2344 258 2369 Η.
278 2344 297 2369 1.
324 2344 350 2367 in
376 2344 461 2369 Editt.
487 2346 579 2373 1558„
607 2347 680 2370 1562.
707 2349 772 2371 nota
792 2353 891 2378 manga
912 2347 992 2371 Pacis
1012 2348 1080 2371 laus.

158 2385 205 2417 80)
225 2386 382 2416 rapuisset]
398 2387 439 2411 sie
452 2388 536 2413 Editt.
553 2389 638 2415 1558..
660 2390 753 2419 1562.;
773 2391 856 2414 Editt.
871 2393 976 2415 recent.
991 2391 1036 2422 (z
1052 2393 1118 2416 text.

193 2419 248 2451 gr.)
269 2421 407 2451 rapuisset
426 2422 581 2452 Charybdis
603 2423 690 2455 [Fiam
710 2424 839 2456 vorago]-

158 2461 207 2493 81)
233 2464 286 2486 Aut
306 2464 380 2492 (scil.
406 2464 560 2497 fatearis)]
587 2467 627 2490 sic
652 2467 734 2492 Editt.
756 2469 862 2492 recent.
884 2467 929 2499 (=
952 2469 1047 2499 Eut-ip.
1069 2466 1114 2500 ἢ);

192 2497 276 2521 Editt.
291 2498 376 2527 1556„
398 2499 471 2524 1562.
491 2501 543 2523 An.

158 2538 258 2596 82)tfl.
276 2540 342 2598 [τίη
362 2542 444 2567 Editt.
469 2543 560 2573 1558„
584 2544 656 2568 1562.
685 2546 750 2569 nota
768 2550 869 2576 marg:
905 2547 989 2570 Amor
1008 2545 1115 2576 patriae

192 2580 207 2597 e
238 2580 288 2598 sno
307 2581 358 2599 um.

157 2616 204 2648 83)
232 2618 307 2642 satis
334 2620 394 2643 erat
416 2633 451 2637 —-
477 2620 617 2649 afficere]
650 2622 724 2646 Haec
746 2623 775 2646 in
801 2623 885 2648 Editt.
913 2624 1005 2654 1558.,
1038 2624 1113 2648 1562.

194 2653 221 2675 et
240 2653 322 2677 Barn.
344 2659 430 2683 aeque
454 2660 487 2678 ac
512 2654 539 2678 in
559 2655 607 2678 Ed.
627 2656 710 2681 Basit.
732 2658 805 2681 1551.
832 2659 896 2681 sunt
914 2659 999 2682 verba
1019 2659 1112 2683 Prae-

190 2688 280 2746 322⁸}
299 2687 442 2719 Thebani,
473 2689 500 2712 in
531 2690 581 2715 Ed.
607 2691 711 2720 Musgr.
745 2692 884 2725 Adrasti,
918 2693 944 2716 in
978 2693 1026 2717 Ed.
1052 2693 1111 2717 Fix.

764 118 1164 155 INTERPRETATIO
1197 120 1471 155 SUPPLICUM
1503 120 1753 156 EURIPIDIS.

2093 126 2168 162 654

1230 206 1311 240 Non
1341 219 1494 252 agnosco
1521 220 1584 252 ego
1609 207 1799 241 Creontem
1823 208 2008 242 dominum
2036 223 2168 251 meum,

1229 257 1353 303 Neque
1378 271 1457 292 eum
1481 259 1560 303 plus
1582 271 1706 304 posse,
1733 265 1772 292 ut
1799 266 1902 304 cogat

1180 307 1254 343 520
1282 307 1440 343 Athenas
1466 310 1529 343 ista
1555 312 1681 344 facere.
1736 310 1882 344 Sursum
1911 311 2004 344 enim
2031 313 2143 347 fluant

1227 359 1399 403 Negotia,
1422 361 1449 394 si
1472 373 1537 394 nos
1561 362 1691 394 erimus
1713 362 1843 395 subditi
1870 363 1988 397 vestri.

1229 410 1305 454 Ego
1331 423 1404 443 non
1429 424 1489 444 ero
1514 418 1618 445 autor
1643 410 1748 446 huius
1771 413 1868 452 belli,

1230 461 1301 506 Qui
1325 474 1440 507 neque
1464 463 1547 495 veni
1569 476 1647 496 cum
1676 463 1743 496 illis
1770 462 1932 502 Theium

1227 512 1296 546 Sed
1321 519 1501 553 mortuos,
1525 526 1599 546 non
1624 515 1767 547 laedens
1791 516 1927 555 urbem,

1178 560 1253 600 525
1279 564 1404 610 Neque
1422 565 1572 598 afferens
1589 565 1782 597 certamina
1796 592 1804 604 ,
1829 566 1865 598 iu
1884 567 2011 611 quibus
2029 580 2169 601 occum-

1588 617 1676 648 bant
1697 616 1778 654 viri,

1227 666 1384 711 Sepelire
1417 666 1547 699 iustum
1582 668 1693 706 (luco,
1734 673 1767 699 et
1797 679 2022 700 communem
2057 670 2168 714 legem

1595 719 1809 762 religionum
1819 717 1865 762 ⁸⁴¹)

1228 768 1397 801 Servare:
1422 768 1507 813 quid
1532 768 1681 802 istorum
1707 782 1780 802 non
1804 776 1898 802 recte
1921 782 1956 802 se
1984 766 2114 802 habet?

1228 820 1264 852 Si
1289 820 1375 865 quid
1400 820 1495 863 passi
1520 821 1601 854 estis
1628 822 1671 853 ab
1700 820 1854 864 Argivis,

1228 871 1363 904 Mortui
1391 877 1492 911 sunt,
1518 878 1551 904 et
1574 873 1639 905 ulti
1669 872 1750 906 estis
1774 870 1893 905 hostes
1918 871 2113 915 praeclare,

1178 920 1252 957 530
1279 922 1323 955 Et
1344 922 1497 966 turpiter
1524 923 1592 956 illis
1620 936 1734 967 poena
1763 923 1905 955 accidit:

1229 974 1340 1007 Sinite
1364 980 1456 1007 terra
1485 974 1611 1019 teg185)
1634 981 1808 1008 mortuos.

1229 1025 1366 1065 „Unde
1392 1026 1683 1070 unumquidlibet
1711 1026 1807 1059 venit
1833 1025 1867 1057 in
1892 1037 2032 1069 corpus,

1230 1076 1312 1116 „Eo
1337 1075 1442 1109 abiit:
1471 1077 1616 1120 spiritus
1641 1078 1684 1110 ad
1709 1074 1903 1116 aetherem,

1228 1129 1398 1172 „Corpus
1419 1128 1567 1161 debetur
1593 1129 1663 1161 iam
1689 1135 1816 1161 terrae.
1870 1127 1952 1161 Non
1977 1126 2070 1159 enim
2092 1138 2171 1171 pos-

1589 1180 1745 1214 sitlemus

1177 1228 1251 1263 535
1289 1229 1512 1275 „Proprium
1539 1244 1688 1275 corpus,
1730 1231 1798 1264 nisi
1823 1230 1919 1275 quod
1944 1228 2082 1263 habitat
2109 1228 2170 1261 ali-

1591 1282 1800 1328 quantisper
1824 1281 1861 1314 in
1877 1281 1963 1321 vita,

1227 1332 1397 1372 „Deinde
1421 1340 1563 1377 oportet
1597 1334 1754 1378 recipere
1780 1339 1932 1373 terram,
1966 1344 2056 1377 quae
2082 1330 2171 1364 aluit

1590 1383 1658 1418 hoc
1682 1397 1822 1429 corpus.

1224 1434 1364 1468 Yideris
1383 1436 1471 1468 velle
1490 1438 1622 1469 damno
1640 1437 1778 1469 afficere
1796 1436 1960 1479 Argivos,
1983 1447 2056 1467 non
2073 1446 2170 1478 sepe-

1586 1488 1675 1521 liens
1706 1493 1878 1520 lnortuos.

1226 1535 1475 1583 Nequaquam.
1536 1538 1590 1571 Ad
1626 1545 1737 1572 totam
1765 1538 1952 1571 Graeciam
1985 1535 2052 1569 lioc
2091 1548 2169 1581 per-

1590 1597 1691 1630 unet,

1226 1637 1262 1671 Si
1290 1639 1470 1674 fraudabis
1490 1648 1652 1675 mortuos
1677 1641 1796 1681 iustis,
1820 1653 1911 1686 quae
1936 1640 2065 1673 delient
2087 1651 2168 1671 con-

1589 1693 1702 1738 sequi,

1177 1738 1250 1774 540
1283 1741 1372 1786 Quis
1398 1742 1565 1776 retinebit
1589 1743 1810 1788 insepultos?
1841 1742 1975 1775 Afferet
1999 1742 2168 1774 timidita-

1595 1802 1665 1828 tem
1691 1795 1797 1828 etiam

1225 1842 1413 1884 Fortibus,
1440 1845 1468 1878 si
1492 1846 1571 1880 talis
1596 1853 1753 1891 ponatur
1776 1847 1842 1879 lex.

1224 1893 1270 1926 Et
1295 1893 1384 1927 mihi
1411 1896 1538 1930 venisti
1558 1899 1701 1932 minans
1727 1897 1873 1930 atrocia.

1224 1947 1282 1979 An
1306 1946 1437 1981 timetis
1461 1955 1642 1989 mortuos,
1671 1949 1698 1983 si
1718 1946 1959 1993 sepelientur?

1225 1996 1368 2041 Quidue
1389 1999 1551 2032 accidat?
1578 2014 1622 2033 ne
1648 2001 1821 2033 effodiant
1844 2006 1975 2032 terrain

1146 2052 1148 2079 ἶ
1174 2045 1249 2082 545
1268 2048 1430 2082 Vestram
1450 2052 1603 2095 sepulti?
1630 2064 1675 2084 ne
1692 2052 1727 2084 in
1745 2051 1882 2095 angulis
1902 2057 2016 2083 terrae
2036 2049 2166 2082 liberos

1143 2289 1147 2361 i

1142 2367 1146 2399 ρ

1142 2424 1145 2465 l

1139 2478 1143 2576 ἑ

1139 2588 1142 2633 l

1137 2649 1141 2732 i

1226 2100 1403 2143 Gignant‚
1429 2103 1489 2147 qui
1513 2103 1583 2136 sint
1608 2102 1848 2137 vindicaturi?

1226 2151 1424 2191 „Profusio
1447 2154 1552 2187 stulta
1580 2155 1722 2199 linguae
1750 2161 1799 2188 est
1826 2151 1906 2192 hoc,

1226 2202 1401 2242 „Timere
1424 2217 1536 2239 vanos
1563 2212 1596 2238 et
1618 2206 1742 2239 inanes
1772 2211 1898 2238 metus.

1225 2253 1290 2293 „O
1314 2255 1431 2295 stulti,
1460 2258 1659 2301 cognoscite
1688 2256 1875 2290 hominum
1902 2254 2007 2287 mala.

1172 2301 1248 2337 550
1279 2305 1438 2345 „Nostra
1465 2308 1534 2341 vita
1562 2315 1612 2342 est
1635 2307 1800 2353 lticta⁸⁶):
1827 2312 1907 2340 sunt
1932 2303 2104 2337 fortunati

1203 2488 1251 2521 84}
1277 2496 1445 2513 communem
1470 2489 1557 2519 legem
1583 2489 1759 2522 religionum]
1785 2490 1825 2514 sic
1843 2490 1926 2513 Editt.
1949 2489 2041 2515 1558..
2068 2488 2159 2518 1562.;

1237 2525 1343 2555 (Eut-ip.
1376 2522 1425 2547 τόν
1448 2522 1634 2554 Πανελλήνων
1659 2522 1762 2557 νόμον)
1797 2531 1964 2548 communem
1990 2524 2159 2548 Graecorum

1237 2559 1335 2589 legem.

1200 2609 1248 2639 85)
1268 2607 1336 2640 tegi]
1357 2609 1398 2632 sic
1413 2611 1459 2638 (z
1474 2610 1567 2640 Eurip.
1587 2609 1781 2643 καλυφθῆναι)
1801 2612 1883 2636 Barn.
1899 2612 1925 2634 et
1938 2612 2062 2640 Musgr.;
2080 2607 2140 2631 Fit·
2154 2615 2160 2631 :

1235 2644 1332 2674 condi;
1358 2644 1443 2670 Editt.
1465 2645 1556 2673 1558„
1579 2645 1653 2670 1562.
1672 2652 1769 2670 errore
1788 2649 1917 2676 typogr.:
1940 2645 2004 2676 tegi.

1199 2693 1247 2725 86)
1268 2695 1339 2752 11121.
1358 2694 1385 2719 iu
1404 2696 1487 2720 Editt.
1509 2696 1583 2720 1558.
1595 2714 1603 2729 ‚
1626 2697 1700 2722 1562.
1721 2700 1788 2722 nota
1806 2704 1909 2729 marg:
1936 2697 2001 2721 vita
2019 2696 2154 2720 homiuum

1235 2734 1287 2759 qua
1301 2737 1333 2753 is.
