2373 2980
154 725 315 767 hle.
353 725 529 766 PHIL.
566 724 724 766 MEL.
762 723 1344 765 INTERPRETA'HO
1377 721 1736 768 EURIPIDIS
1767 722 2184 766 IPHIGENIAE

979 805 1053 847 IN
1093 807 1365 850 TAURIS.

153 946 271 1001 Huius
297 973 465 1010 tragoediae
487 974 693 1012 interpretatio
718 973 807 1000 latina
825 972 1023 1000 Melanthonis
1045 973 1194 1002 invenitur
1214 974 1242 1001 in
1261 972 1441 1014 Xylandrc‘
1462 976 1551 1004 Editt.
1570 974 1679 1012 1558„
1706 975 1816 1013 1562,
1839 977 2011 1014 quibuscum
2035 974 2185 1001 Editiones

153 1018 330 1045 recentiores
347 1014 524 1051 Barnesz'i,
547 1015 744 1053 Musgraviae'
764 1019 793 1042 et
810 1012 911 1042 Fixit·
932 1015 1051 1044 contuli.
1073 1030 1114 1036 —
1150 1016 1293 1044 Versuum
1317 1027 1469 1055 numeros,
1493 1018 1677 1056 stropharum
1701 1019 1871 1056 partitiones
1896 1025 1927 1047 et
1951 1017 2091 1056 quasdam
2114 1015 2185 1043 alias

153 1058 354 1096 inscriptiones
379 1067 416 1087 ex
440 1060 494 1089 Ed.
518 1060 639 1088 Barnes.
664 1056 764 1086 addidi
787 1057 869 1085 uncis
892 1058 1028 1086 inclusas.

539 1292 922 1329 EURIPIDIS
970 1291 1362 1329 IPHIGENIA
1409 1291 1478 1327 IN
1534 1291 1805 1328 TAURIS

700 1360 933 1389 PHILIPPO
962 1359 1296 1389 MELANTHONE
1325 1358 1645 1388 INTERPRETE.

1197 1466 1335 1504 spectus
1351 1466 1401 1493 est
1419 1460 1462 1492 ab
1481 1459 1623 1499 incolis,
1650 1466 1683 1492 et
1699 1466 1822 1504 captus
1851 1470 1918 1492 una
1944 1471 2022 1491 cum
2040 1457 2187 1503 Pylade.

1196 1511 1380 1544 Adductus
1403 1517 1454 1544 est
1478 1517 1596 1544 autem
1622 1511 1666 1542 ad
1691 1511 1862 1555 templum
1880 1509 2039 1548 Dianae,
2074 1514 2114 1541 ut
2138 1508 2188 1540 ibi

253 1564 397 1596 Orestes
418 1563 563 1596 oraculo
587 1563 717 1602 iussus,
744 1562 889 1594 veniens
907 1560 942 1593 in
962 1560 1142 1606 Tauros2)
1198 1568 1432 1599 mactaretur,
1460 1568 1567 1604 prout
1591 1562 1749 1603 ipsorum
1776 1567 1851 1593 erat
1876 1559 2117 1598 consuetudo,
2149 1564 2189 1592 ut

150 1611 313 1658 Scythiae
338 1626 417 1647 cum
442 1614 596 1659 Pylade,
632 1612 770 1646 insania
797 1618 996 1645 commotus
1021 1612 1143 1644 furtim
1198 1624 1238 1644 co
1257 1611 1465 1655 navigantes
1481 1609 1638 1655 hospites
1656 1610 1909 1655 occiderentss).
1963 1610 2189 1644 Scenafabu-

151 1666 289 1698 auferre
305 1665 535 1698 simulacrum
552 1664 710 1704 Dianae,
738 1665 834 1709 quod
858 1664 953 1708 apud
978 1675 1037 1696 eos
1060 1662 1144 1696 coli·
1199 1664 1250 1695 lae
1268 1662 1412 1705 fingitur
1427 1661 1463 1694 in
1476 1661 1606 1695 Tauris
1623 1660 1799 1707 Scythiae.
1836 1659 1974 1695 Chorus
1993 1667 2130 1695 constat
2148 1672 2189 1693 ex

151 1723 226 1755 tur,
254 1716 416 1750 instituit.
464 1716 676 1761 Progressus
696 1721 813 1748 autem
831 1727 847 1747 a
866 1715 1034 1754 navibus,
1061 1726 1143 1746 con·
1197 1713 1342 1748 Graecis
1360 1712 1588 1753 mulieribus,
1615 1713 1750 1747 ancillis
1766 1711 1982 1758 Iphigeniae.

454 1487 780 1531 Argumentum
795 1486 836 1532 ¹).

891 1833 1173 1866 Personae
1209 1832 1448 1866 fabulae.

559 1907 741 1953 Iphigenia
1402 1907 1531 1941 Pastor

558 1959 701 1994 Orestes
1397 1956 1519 1991 Thoas

559 2011 711 2056 Pylades
1399 2009 1554 2043 Nuntius

555 2060 694 2095 Chorus
1399 2059 1575 2093 Minerva.

996 2129 1123 2173 Incipit
1151 2125 1347 2171 Iphigenia.

889 2246 1143 2277 lPHlGENlA
1182 2246 1231 2274 IN
1269 2245 1456 2275 TAURIS.

560 2336 748 2379 Iphiyenia.
1169 2338 1172 2468 Ι
1248 2329 1300 2362 Ex
1318 2341 1386 2375 qua
1404 2331 1532 2364 Atreus
1548 2334 1651 2362 natus
1669 2334 1736 2362 est:
1764 2327 1862 2361 Atrei
1880 2340 1965 2361 vero
1982 2328 2074 2362 filius

206 2405 334 2448 Pelops
346 2431 354 2444 ’
382 2404 525 2437 Tantali
546 2404 655 2444 filius,
682 2403 802 2437 Pisam
819 2402 965 2436 veniens
1249 2380 1431 2415 Menelaus
1448 2387 1481 2414 et
1491 2382 1759 2424 Agamemnon;
1788 2391 1828 2411 ex
1844 2376 1911 2412 hoc
1926 2386 2007 2412 nata
2027 2392 2103 2413 sum
2122 2391 2185 2423 ego

204 2456 391 2488 Kelombus
409 2467 527 2500 eqms'
554 2454 731 2488 oenomffl
749 2455 848 2486 ‘luxu
867 2454 974 2486 filmm
988 2480 996 2494 ’
1170 2469 1171 2504 i
1231 2483 1260 2513 2)
1280 2482 1304 2505 in
1325 2482 1442 2509 Tauros]
1462 2481 1501 2503 sic
1521 2480 1603 2504 Editt.
1626 2479 1715 2504 1562..
1736 2481 1834 2508 Bai-n.;
1861 2480 1908 2503 Eu.
1930 2479 2003 2504 1558.
2023 2485 2120 2502 errore
2139 2481 2186 2508 ty-

1169 2515 1171 2572 1
1266 2522 1360 2546 pegi-‚z
1386 2516 1411 2538 in
1431 2516 1530 2539 Tauro.

1229 2559 1260 2586 3)
1281 2559 1329 2581 liis
1350 2558 1440 2581 vei-his
1464 2558 1487 2580 in
1508 2557 1556 2580 Ed.
1578 2558 1656 2580 Rarn.
1678 2563 1777 2584 ‚arai-ce
1797 2559 1823 2579 et
1844 2557 1925 2580 iatine
1945 2557 2009 2580 haec
2034 2556 2182 2579 adduntur:

191 2599 218 2631 1)
238 2599 312 2623 Haec
331 2597 434 2621 veteris
453 2595 622 2626 argumenti,
643 2594 714 2624 quod
734 2594 759 2617 in
780 2593 874 2622 Eurip.
894 2593 943 2617 Ed.
962 2592 1045 2617 Basii.
1069 2593 1142 2616 155¹.
1265 2592 1303 2616 lni
1324 2598 1389 2616 vero
1409 2594 1501 2615 mutua
1519 2591 1660 2621 agnitione
1679 2592 1768 2619 facta,
1795 2591 1874 2614 sinunt
1900 2591 2092 2614 consultabant
2113 2590 2184 2614 Ore-

224 2639 323 2665 graece
347 2630 464 2661 legitur,
491 2629 681 2659 interpretatio
700 2627 883 2652 Melanthonis
910 2627 936 2651 in
955 2627 1039 2650 Editt.
1057 2627 1142 2656 1558„
1265 2628 1341 2655 stes,
1360 2626 1482 2656 Pylades
1502 2626 1529 2649 et
1548 2624 1703 2655 Iphigenia:
1728 2625 1796 2648 adeo
1817 2628 1844 2648 nt
1864 2625 1971 2648 tandem
1991 2630 2098 2648 sacram
2117 2624 2184 2647 Dia-

225 2667 298 2692 1562.
322 2665 420 2690 exstat.
456 2664 504 2688 Ed.
526 2664 607 2687 Barn.
627 2665 654 2686 et
672 2664 776 2686 textum
794 2667 923 2692 graecum
949 2663 975 2684 et
1004 2661 1142 2690 interpre-
1262 2666 1314 2684 nae
1333 2659 1476 2690 imaginem
1494 2664 1547 2682 una
1566 2665 1625 2682 enin
1643 2665 1740 2682 sorore
1755 2659 1892 2689 iphigenia
1905 2659 2018 2682 Orestes
2034 2658 2181 2688 abripiens.

224 2702 353 2726 tationem
372 2697 519 2724 auctiorem
538 2697 649 2727 praebet
667 2695 742 2726 (vide
760 2698 851 2720 notam
865 2695 913 2725 3.).
1264 2700 1334 2718 nave
1353 2698 1522 2723 conscensa,
1543 2693 1649 2717 domum
1667 2692 1774 2717 abierit.
