2373 2980
134 113 210 150 629

490 192 694 243 [strophe
724 197 776 241 2.]

187 264 444 307 „Praeclarum
487 263 750 298 monimentum
787 269 839 298 est
869 262 1017 296 urbibus
1048 263 1127 307 pius
1156 265 1159 303 ξ

549 315 654 348 labor

184 366 261 407 „Et
283 372 492 410 perpetuam
516 342 668 409 gratiani
693 365 801 400 hahet

133 415 207 452 375
236 417 453 458 „Honorata
478 416 678 463 eivitas⁵⁷),
708 418 814 451 faciet
837 423 936 462 grata
961 415 1062 456 mihi,

183 468 231 503 Et
254 467 417 516 mihiffi),
447 475 481 502 et
508 468 596 502 meis
624 469 745 503 liberis
775 468 987 513 recipiemus
1010 467 1129 512 sepul-

544 525 656 553 turas.

439 605 749 650 [Antistrophe
779 605 832 649 2.]

184 674 270 709 luva
298 680 470 714 matrem,
496 674 620 707 civitas
647 673 823 713 Palladis,
847 683 965 716 pugna
976 671 1035 717 ⁵⁹),

182 726 236 761 Ne
265 726 475 770 polluantur
498 726 592 768 leges
613 723 815 758 hominum.

183 778 241 811 Tu
267 777 353 811 colis
379 777 570 816 iustitiam,
600 782 634 809 et
657 776 775 808 minus
802 774 997 808 iniustitiae

131 830 207 864 380
233 828 379 862 Tribuis
402 839 560 873 semper;
588 827 718 860 iniuste
738 826 907 859 afflictum
932 824 1127 871 quemlibet

550 879 691 911 liberas.

163 962 392 1013 [Theseus,
420 964 602 1005 Praeco,
632 962 872 999 Adrastus,
907 960 1089 999 Aethra,

536 1008 729 1058 Chorus]

186 1083 284 1117 Thes.
314 1081 458 1114 Habens
482 1092 623 1124 semper
649 1077 741 1112 hanc
766 1085 899 1118 artem,
928 1079 1038 1112 servis

182 1133 275 1166 Urbi
297 1139 332 1166 et
348 1130 458 1171 mihi,
482 1131 653 1165 nuntians
676 1131 802 1164 edicta.

181 1184 282 1217 Vade
307 1190 407 1217 trans
430 1183 591 1227 Asopum
613 1188 648 1215 et
669 1180 862 1221 Ismenum,

181 1234 320 1280 Dicque
342 1232 429 1267 haec
451 1233 551 1278 gravi
576 1240 730 1278 tyranno
754 1231 1031 1266 Thebanorum:

132 1285 207 1320 385
250 1284 410 1319 Theseus
437 1298 456 1318 a
480 1292 514 1319 te
538 1290 700 1317 amanter
725 1283 853 1328 repetit
881 1285 1054 1317 cadavera
1081 1284 1125 1316 ad

548 1335 804 1378 sepeliendum,

182 1387 357 1420 Habitans
381 1386 536 1419 vicinam
562 1392 717 1426 terram,
748 1393 871 1430 petens
897 1387 1067 1431 consequi

181 1438 228 1471 Et
251 1439 367 1470 facere
391 1437 547 1470 amicum
571 1437 747 1481 populum
757 1436 804 1483 ⁶⁰)
825 1434 1093 1471 Atheniensem.

180 1488 227 1522 Et
251 1488 281 1522 si
303 1488 425 1521 volent
448 1500 626 1528 annuere,
652 1489 751 1527 redi;

180 1540 218 1573 Si
242 1545 362 1572 autem
386 1540 620 1579 dubitabunt,
642 1545 726 1573 tunc
744 1539 815 1573 sint
833 1537 869 1572 hi
889 1538 1035 1572 secundi
1053 1550 1126 1571 ser-

544 1602 682 1629 mones,

129 1642 204 1676 390
235 1641 285 1674 Ut
306 1647 490 1685 expectent
513 1639 663 1674 chorum
689 1654 808 1675 meum
834 1639 1125 1686 armatorumffl).

179 1692 366 1726 Exercitus
406 1693 499 1725 enim
538 1693 702 1732 festinat,
747 1699 780 1726 et
814 1704 982 1736 praesens
1014 1691 1125 1735 inspi-

542 1745 634 1777 citur

179 1792 333 1828 Pulcher
371 1795 461 1828 circa
507 1796 702 1839 templum,
750 1794 811 1827 ubi
855 1795 944 1827 fiunt
984 1792 1123 1838 pulchri

549 1844 719 1891 choriffl).

180 1895 225 1928 Et
250 1896 394 1941 quidem
420 1898 542 1931 volens
568 1904 601 1931 et
622 1898 737 1930 libens
764 1897 897 1940 recepit

14 1682 17 1714 ἱ

161 2070 210 2103 57)
231 2072 373 2095 Honorata
388 2070 498 2102 civitas]
515 2072 556 2095 sic
572 2072 654 2095 Editt.
671 2073 755 2100 1555„
777 2072 868 2100 ¹5:522
889 2074 981 2102 Barn..v
1001 2074 1121 2103 Musgr.:

197 2106 294 2130 Cultor
313 2106 434 2129 civitatis
455 2105 562 2137 (Eurip.
583 2103 771 2138 Τιμόπτολις).
793 2120 826 2123 -
852 2107 880 2129 ln
900 2113 986 2137 marg.
1014 2107 1122 2131 inarum

197 2140 214 2164 2
233 2140 316 2163 Editt.
339 2141 362 2163 h.
384 2141 399 2164 1.
421 2141 542 2170 legitur:
560 2141 754 2166 Beneficentia.

160 2192 208 2224 58)
228 2193 310 2216 faciet
329 2194 411 2223 grata
429 2193 508 2222 mihi,
529 2194 562 2216 Et
581 2193 656 2225 miln']
678 2195 721 2218 sic
739 2195 822 2218 Edita
838 2195 925 2223 1555*
947 2195 1021 2219 ¹562.
1043 2196 1121 2223 quasi

194 2228 313 2255 legisset
345 2228 482 2257 interpres
517 2230 552 2251 Τε
582 2226 632 2259 μοι’
664 2236 713 2258 pro
745 2229 833 2260 Τεμοῖ
864 2228 987 2260 (inibit);
1024 2231 1119 2254 Earn:

195 2261 321 2285 PerficIet
340 2263 430 2285 autem
450 2262 560 2286 tandem
575 2263 736 2293 aliquando,
757 2266 784 2287 et
803 2264 899 2287 foedus
914 2271 1016 2287 met-um
1035 2265 1118 2289 inibit.

158 2311 206 2342 59)
226 2312 293 2335 luva
314 2325 347 2329 —
367 2311 470 2344 pugna]
489 2313 530 2336 sic
550 2314 632 2337 Editt.
656 2314 747 2342 1553,
770 2315 864 2345 1562.;
884 2315 962 2338 Fix.:
984 2318 1119 2340 succurre

196 2346 275 2369 matri
296 2345 454 2377 (matribus
474 2346 627 2379 Armi-is),
648 2355 796 2375 succurre,
816 2350 915 2373 civitas
936 2350 1065 2374 Palladis.

158 2395 206 2428 60)
229 2395 368 2428 populum]
387 2397 426 2421 sic
437 2398 520 2423 EdItt.
537 2400 622 2427 1558,
641 2401 730 2424 1562:
749 2401 833 2426 Editt.
847 2404 948 2425 recent.
965 2400 1010 2432 (=
1026 2403 1118 2433 EurIp.

195 2428 283 2454 πάντ’
300 2450 306 2456 .
321 2449 327 2454 .
343 2430 424 2463 λεών)
443 2434 529 2456 totum
547 2435 683 2464 populum.

18 2469 27 2510 J*
158 2482 207 2514 61)
226 2484 290 2506 tunc
316 2483 372 2506 sint
399 2484 425 2506 lii
450 2485 561 2507 secundi
588 2492 749 2513 sermones,
776 2488 811 2510 Ut
837 2489 983 2516 expectent
1007 2489 1116 2512 chorum

194 2523 281 2540 meum
300 2516 490 2549 armatorum]
510 2519 550 2541 sic
569 2520 667 2550 scripsi
687 2520 734 2552 (z
752 2522 818 2545 text.
838 2521 912 2553 gr.);
934 2523 1015 2547 Editt.
1033 2524 1116 2550 1553..
1144 2533 1145 2539 ¹

196 2552 270 2574 1562.
290 2553 375 2575 male:
406 2554 469 2576 tunc
495 2553 549 2576 sint
575 2554 600 2576 hi
627 2556 754 2581 secundi,
781 2557 816 2579 Ut
839 2559 980 2586 expectem
1006 2558 1117 2581 chorum
1142 2585 1145 2593 l

192 2591 280 2609 meum
298 2592 440 2610 sermones
459 2589 636 2614 armatorum.

158 2636 206 2667 62)
226 2637 344 2661 Pulcher
358 2651 391 2656 —-
405 2637 502 2670 chart]
523 2640 563 2663 sic
576 2640 660 2664 Editt.
680 2642 870 2672 1558.‚1562.3
890 2644 974 2669 Editt.
996 2647 1115 2668 recent:
1142 2653 1144 2675 ;

1046 2681 1112 2703 hene
1142 2684 1143 2694 ¹

193 2672 276 2695 circa
294 2672 476 2697 canicuorum
493 2675 613 2705 puteum
632 2677 757 2700 sanctum
776 2679 890 2707 paratus
911 2676 1024 2709 [Barim

193 2705 350 2738 ordinatus]
372 2708 427 2733 itte.

598 109 701 144 LXII.
737 107 1140 144 INTERPRETATIO
1167 108 1442 146 SUPPLICUM
1469 107 1721 145 EURIPIDIS.

2105 113 2180 149 650

1236 196 1369 230 Civitas
1407 196 1501 231 hunc
1536 197 1711 236 lahorem,
1756 201 1944 241 postquam
1981 197 2089 230 sensit
2122 210 2179 231 me

1598 247 1699 280 velle.

1184 295 1258 330 395
1286 299 1381 340 Age,
1407 298 1600 331 intervenit
1623 297 1848 332 sermonibus
1873 297 1936 331 iste
1962 297 2163 345 quidemoe)

1235 345 1450 388 Thebanus,
1483 356 1522 382 ut
1554 350 1695 382 videtur
1727 348 1817 392 (non
1849 348 1941 382 enim
1972 349 2057 383 satis
2092 351 2178 389 scio,

1595 412 1640 431 an
1664 399 1737 445 sit,)

1154 457 1158 483 t
1234 449 1390 488 Praeco,
1417 449 1636 496 expectaffl)‚
1662 451 1690 483 si
1716 456 1748 482 te
1772 449 1897 482 liberet
1920 447 1988 483 hoc
2012 451 2148 492 labore,

1234 499 1390 533 Veniens
1415 501 1570 534 occurrit
1595 513 1675 533 meo
1701 500 1861 534 consilio.

1234 553 1353 585 Praec.
1379 550 1469 596 Quis
1486 559 1537 587 est
1553 559 1725 598 tyrannus
1743 550 1883 583 terrae?
1900 553 1943 584 ad
1955 566 2059 598 quem
2071 566 2177 598 opor-

1592 609 1641 635 tet
1667 615 1722 635 me
1745 608 1912 634 nuntiare

1183 653 1258 687 400
1287 652 1500 686 Orationem
1528 653 1711 693 Creontis,
1743 653 1804 698 qui
1827 654 1981 697 imperat
2004 653 2150 697 Thebis,

1234 703 1379 737 Eteocle
1404 704 1592 737 interfecto
1617 705 1714 748 apud
1737 705 1981 748 septemplices

1233 755 1361 789 Portas
1387 767 1405 787 a
1431 757 1540 788 fratre
1565 755 1764 800 Polynice?

1235 808 1332 840 Thes.
1365 806 1528 840 Primum
1547 807 1672 852 cepisti
1690 806 1890 840 orationem
1907 807 1995 840 falso
2008 834 2017 847 ,
2035 806 2177 854 hospeS,

1232 857 1418 901 Quaerens
1444 856 1501 891 hic
1525 865 1738 903 tyrannum;
1767 870 1841 890 non
1866 858 1960 891 enim
1985 861 2121 904 regitur

1182 907 1256 942 405
1285 909 1340 942 Ab
1366 922 1439 942 uno
1464 910 1565 950 viro,
1589 911 1649 943 sed
1675 916 1725 943 est
1749 909 1859 942 libera
1887 910 2021 951 civitas,

1232 959 1278 993 Et
1295 961 1450 1004 populus
1468 961 1621 1006 imperat
1640 973 1704 1005 per
1725 961 1982 994 successionem
2003 974 2067 1006 per
2083 963 2177 997 vices

1231 1011 1449 1053 Annuatim,
1472 1025 1546 1045 non
1574 1012 1757 1046 ditissimis
1783 1012 1942 1046 tribuens

1233 1063 1454 1104 Plurimum,
1481 1066 1539 1097 sed
1568 1064 1674 1096 etiam
1701 1076 1838 1108 pauper
1860 1061 1967 1097 habet
1991 1065 2177 1110 aequalem

1151 1111 1155 1158 ξ
1601 1127 1666 1159 pro
1692 1114 1921 1161 temporeffi),

1151 1165 1155 1202 ξ
1234 1167 1354 1200 Praec.
1399 1165 1517 1198 Unum
1550 1164 1617 1198 hoc
1648 1166 1751 1198 nobis
1783 1167 1866 1205 das,
1900 1166 1988 1199 sicut
2018 1166 2055 1198 in
2091 1167 2177 1200 ludo

1151 1211 1155 1276 ἰ
1603 1224 1829 1251 tesserarum.

1155 220 1159 258 Ι

1181 1266 1255 1301 410
1283 1267 1443 1307 „Melius
1470 1267 1614 1308 civitas,
1647 1281 1664 1300 a
1691 1280 1760 1314 qua
1790 1281 1853 1313 ego
1883 1269 2000 1308 venio,

1233 1318 1417 1363 „Regitur
1439 1320 1482 1352 ab
1506 1332 1578 1351 uno
1605 1320 1702 1359 viro,
1734 1332 1807 1352 non
1836 1332 1854 1352 a
1880 1319 2087 1367 populoffi);

1231 1369 1386 1415 „Neque
1405 1376 1473 1410 est,
1499 1370 1560 1415 qui
1579 1383 1655 1403 eam
1676 1371 1792 1405 verbis
1815 1371 1982 1405 inanibus
2000 1373 2151 1417 agitans,

1234 1421 1321 1459 „Ad
1346 1433 1446 1455 suam
1474 1422 1663 1455 utilitatem
1693 1422 1782 1456 alius
1807 1421 1878 1456 alio
1908 1430 2036 1458 vertat.

1232 1498 1253 1511 „
1265 1472 1337 1516 Qui
1354 1472 1423 1504 iam
1444 1479 1496 1506 est
1511 1480 1651 1517 gratus,
1669 1479 1702 1505 et
1719 1474 1807 1507 dans
1824 1486 1991 1518 magnam
2012 1476 2177 1519 gratiam,

1181 1521 1255 1558 415
1291 1522 1460 1563 „Rursus
1490 1524 1617 1562 laedit;
1650 1524 1779 1557 deinde
1801 1526 1904 1559 novis
1929 1527 2117 1562 calumniis

1232 1574 1403 1618 „Tcgens
1429 1575 1550 1619 priora
1579 1582 1718 1616 errata,
1750 1577 1873 1621 effugit
1896 1590 2065 1622 poenam,

1234 1625 1354 1665 „Cum
1379 1626 1486 1666 alias,
1510 1634 1584 1661 tum
1604 1629 1788 1672 quomodo
1810 1641 1883 1662 non
1904 1636 1996 1663 recte
2014 1630 2175 1665 iudicans

1597 1691 1814 1719 sermonem,

1232 1727 1373 1767 „Recte
1402 1736 1521 1772 posset
1544 1730 1698 1774 populns
1726 1744 1846 1774 regere
1871 1732 1994 1764 urbem
2006 1732 2020 1765 ’.Ρ

1232 1779 1424 1823 „Tempus
1449 1781 1672 1821 doctrinam,
1708 1796 1816 1828 quam
1840 1783 2013 1824 celeritas,

1179 1829 1254 1866 420
1275 1831 1498 1870 „Meliorem
1524 1834 1605 1870 dat;
1630 1834 1782 1868 rusticus
1808 1835 1902 1867 enim
1927 1842 1961 1868 et
1984 1848 2121 1880 pauper

1230 1882 1320 1927 „(Si
1350 1883 1455 1916 etiam
1477 1884 1616 1930 egeat),
1648 1897 1726 1918 cum
1752 1886 1798 1919 sit
1822 1887 2008 1931 imperitus
2024 1894 2174 1933 propter

1594 1948 1655 1969 sua
1679 1938 1837 1981 negotia,

1229 1983 1345 2023 „Non
1369 1992 1487 2029 potest
1508 1988 1553 2019 ad
1580 1989 1783 2022 communia
1807 1989 1994 2034 respicere.

1228 2035 1376 2075 „Porro
1405 2038 1498 2070 mala
1526 2050 1581 2071 res
1611 2046 1661 2072 est
1683 2041 2016 2084 praestantioribus,

1227 2086 1412 2131 „Quando
1458 2089 1643 2134 improbus
1689 2093 1742 2125 vir
1785 2093 2016 2139 consequitur
2058 2094 2172 2138 digni-

1147 2183 1149 2186 Ι
1591 2148 1715 2184 tatem,

1147 2219 1149 2222 ,
1176 2186 1250 2222 425
1285 2189 1459 2229 „Tenens
1490 2193 1665 2237 populum
1692 2195 1832 2240 lingua,
1865 2196 1927 2242 qui
1951 2196 2050 2240 prius
2079 2194 2170 2229 nihil

1586 2245 1663 2278 suit.

1206 2384 1253 2416 63)
1281 2385 1430 2409 intervenit
1456 2401 1488 2405 —-
1513 2386 1630 2418 quidem]
1663 2389 1705 2411 sic
1736 2388 1820 2411 Eunt.
1849 2389 1941 2414 1558..
1977 2391 2070 2418 1562.;
2108 2392 2167 2415 fix.

1240 2424 1288 2448 (Ξ
1309 2422 1374 2444 text.
1399 2422 1456 2451 gr.)
1477 2422 1535 2450 quis
1554 2423 1596 2445 hie
1615 2423 1727 2446 nostris
1746 2424 1919 2446 sermonibus
1939 2422 2110 2449 intervenit'.e

1205 2472 1252 2503 64)
1274 2472 1391 2499 Praeco,
1407 2470 1543 2503 (Ἦρα-ἴω]
1565 2472 1606 2495 sic
1621 2471 1667 2502 (Ξ
1685 2474 1752 2496 text.
1768 2472 1824 2504 gr.)
1841 2474 1922 2497 Editt.
1945 2477 2062 2505 recent.;
2084 2477 2167 2500 Editt.

1243 2507 1334 2531 1553,
1364 2506 1437 2529 1562.
1463 2507 1549 2529 male:
1576 2507 1678 2531 Praec.
1704 2508 1825 2537 Expecta
1853 2510 1944 2539 (quasi
1972 2511 2039 2533 haec
2068 2511 2168 2535 Thesei

1240 2542 1325 2563 verba
1344 2541 1506 2564 Praeconis
1526 2541 1712 2566 Atheniensis
1732 2542 1851 2573 essent).

1204 2591 1250 2622 65)
1271 2591 1412 2621 aequalem
1433 2597 1482 2621 pro
1502 2591 1646 2624 tempore]
1673 2593 1714 2617 sic
1733 2594 1816 2618 Editt.
1839 2595 1930 2622 1558„
1961 2597 2054 2624 1562.;

1239 2628 1359 2649 recent.:
1379 2627 1422 2649 ius
1440 2627 1556 2656 aequale
1575 2626 1682 2658 (Eurip.
1705 2628 1792 2660 ἴσον).

1202 2677 1341 2708 66)11.1.
1368 2678 1393 2700 in
1419 2677 1503 2701 Editt.
1525 2678 1616 2710 1558.‚
1644 2680 1717 2704 1562.
1742 2682 1808 2704 nota
1837 2687 1937 2712 marg:

1223 2713 1399 2742 vituperatio.

1448 2747 1536 2783 40*

2080 2597 2163 2622 Editt.

1968 2682 2160 2707 Democratiae
