2373 2980
99 74 174 108 993
616 75 736 112 LXXI.

99 159 149 195 50
170 159 358 195 Phoebum
375 172 448 195 esse
466 160 628 220 ignora-t,
643 175 759 210 neque
770 191 779 205 ‚
796 176 887 211 quae
904 165 949 199 sit
965 172 1092 206 mater,

512 219 626 254 nowt,

147 262 193 296 Et
208 263 283 308 ipse
302 275 392 308 puer
408 270 574 308 parentes
591 266 713 301 nescit.

144 313 285 348 Iuvenis
313 315 422 359 igitur
447 315 597 350 existens
623 318 714 351 circa
740 318 867 363 stipem
892 319 928 352 in
954 320 1087 364 templo

512 368 632 400 datam

143 415 351 460 Vagabatur
368 417 512 455 ludens;
540 418 602 451 ubi
621 432 706 454 vero
724 421 835 455 evasit
850 422 887 455 in
905 423 1035 462 virum,

143 466 274 512 Delphi
308 468 424 513 ipsum
458 470 619 503 fecerunt
651 474 834 506 custodem
868 474 947 506 auri
977 474 1086 517 ipsius
1113 504 1115 509 ,

504 519 585 561 Dei,

90 567 139 604 55
178 569 223 604 Et
248 571 386 604 fidelem
411 578 636 616 quaestorem
663 576 843 613 omnium;
886 575 922 608 in
950 576 1083 619 templo

502 635 588 657 vero

139 672 208 706 Dei
223 672 311 706 vivit
325 671 508 720 hucusque
526 673 714 710 honestam
734 678 855 712 vitam.

137 724 268 758 Creusa
288 737 393 766 vero,
431 738 523 771 quae
548 735 739 772 pepererat
761 727 856 763 hunc
879 729 1081 762 adolescen-

493 784 564 810 tem
578 805 588 818 ,

137 825 257 860 Xutho
274 827 396 867 nubit,
423 828 486 860 tali
505 841 598 862 casu.

135 877 224 911 Erat
237 875 516 913 Atheniensibus
533 887 566 913 et
585 878 892 921 Chalcodontidis‚

84 929 132 963 60
156 929 229 974 Qui
247 930 433 964 Euboeam
453 937 584 964 terram
604 929 830 973 inhabitant,
854 933 999 972 bellum,

133 979 172 1014 ln
188 994 260 1027 quo
269 980 505 1016 Athenienses
516 983 690 1017 adiuvans
701 991 735 1017 et
745 984 934 1018 conficiens
945 985 1076 1018 bellum

495 1032 608 1074 hasta,

131 1083 348 1128 Nuptiarum
368 1084 522 1119 Creusae
540 1086 751 1130 dignitatern
771 1088 918 1131 accepit,

131 1134 221 1168 Cum
254 1142 343 1168 esset
377 1131 597 1179 alienigena,
639 1150 680 1170 ex
705 1137 840 1177 Aeolo,
872 1137 966 1171 Iovis
989 1138 1075 1178 filio,
1102 1162 1104 1167 x

497 1193 615 1227 natus,

130 1236 268 1270 Genere
291 1234 468 1271 Achaeus.

492 1289 622 1323 lectum

77 1336 126 1372 65
153 1338 216 1372 Est
231 1338 305 1372 sine
324 1339 464 1379 liberis,
491 1346 524 1373 et
542 1341 617 1385 ipsa
638 1342 768 1376 Creusa
784 1356 790 1375 :
816 1350 964 1388 propter
980 1356 1070 1389 quae
1098 1345 1101 1382 i

127 1389 287 1423 Veniunt
304 1391 348 1422 ad
366 1388 433 1423 hoc
450 1392 623 1436 templum
640 1393 819 1438 Apollinis

126 1440 330 1485 Cupiditate
347 1441 498 1478 sobolis;
526 1444 657 1487 Apollo
674 1457 759 1478 vero
782 1446 965 1479 fortunam

123 1492 202 1526 Huc
229 1491 391 1536 impulit,
415 1498 449 1525 et
466 1504 538 1525 non
557 1501 608 1527 est
632 1496 763 1531 oblitus
786 1497 869 1538 filii,
891 1504 931 1531 ut
950 1497 1069 1531 existi-

485 1551 615 1579 matur.

124 1594 234 1628 Dabit
251 1594 346 1628 enim
367 1594 580 1639 ingredienti
599 1597 773 1641 templum
790 1595 858 1631 hoc

72 1646 120 1680 70
147 1644 267 1681 Xutho
284 1659 387 1681 suum
404 1646 514 1691 ipsius
531 1648 642 1681 filium
654 1676 662 1689 ‚
687 1655 720 1682 et
736 1655 861 1683 natum

120 1696 242 1743 Ipsum
259 1711 299 1732 ex
325 1698 386 1732 illo
405 1710 477 1732 esse
502 1699 613 1740 dicet,
637 1707 677 1733 ut
701 1701 848 1735 veniens
872 1702 917 1734 ad
934 1708 1065 1735 mater-

489 1762 573 1783 nam
592 1752 740 1786 domuin

119 1801 344 1846 Agnoscatur
366 1815 386 1836 a
415 1802 568 1843 Creusa,
598 1810 632 1836 et
658 1810 698 1837 ut
721 1804 868 1849 nuptiae
896 1804 933 1837 in
954 1804 1064 1849 Apol—

483 1854 593 1888 linem

119 1903 289 1938 Occultae
305 1905 394 1945 sint,
420 1912 454 1939 et
468 1906 560 1940 filius
580 1904 710 1939 habeat
728 1904 987 1940 haereditatem
1002 1920 1009 1944 ;

117 1954 205 1989 Iona
221 1969 306 1990 vero
323 1957 440 2001 ipsum
452 1984 462 1997 ‚
488 1958 713 1991 conditorem
731 1958 908 1992 Asiaticae
933 1964 1061 1997 terrae,

67 2006 116 2042 75
142 2007 274 2041 Vocari
290 2009 395 2041 faciet
410 2020 475 2052 per
493 2009 695 2044 Graeciam.

117 2059 185 2093 Sed
204 2059 264 2092 ibo
283 2060 318 2092 in
337 2060 498 2093 laureum
517 2073 703 2100 secessum,

115 2111 163 2144 Ut
180 2112 223 2144 de
240 2124 351 2156 puero
368 2117 535 2145 eventum
552 2112 698 2146 discam.

115 2162 230 2196 Video
249 2163 344 2196 enim
362 2163 602 2207 egredientem
621 2162 799 2208 Apollinis
815 2163 928 2196 filiuni

114 2214 236 2255 Hunc,
258 2221 297 2249 ut
315 2221 419 2248 ornet
437 2222 561 2260 portas
577 2221 658 2248 ante
676 2214 850 2259 templum

64 2266 113 2301 80
153 2265 266 2300 Lauri
288 2267 416 2305 ramis;
443 2279 578 2300 nomen
605 2278 710 2306 vero,
740 2266 838 2311 quod
862 2266 1057 2310 adepturus

478 2325 530 2352 est
543 2346 551 2359 ‚

113 2368 235 2403 Ionem
248 2396 257 2410 ‚
283 2381 346 2413 ego
364 2368 501 2413 primus
517 2370 667 2403 nomino
686 2368 846 2403 Deorum
858 2367 917 2414 Ἦ”).

95 2522 144 2551 22)
165 2523 291 2547 Occurrit
308 2534 342 2539 —-
361 2521 490 2546 Deorum.
510 2523 566 2549 [vs.
586 2521 616 2544 41
629 2520 744 2548 —81.)]
765 2519 805 2543 sic
824 2519 872 2543 Ed.
895 2518 985 2548 15623
1005 2519 1052 2542 Ed.

132 2558 249 2616 lagg-ae
268 2591 411 2615 exoriente
430 2590 490 2613 soie
509 2590 576 2613 orbe
594 2594 655 2617 suo,

164 2627 253 2649 Vates
271 2625 477 2656 ingrediebatur
501 2624 629 2654 templum
647 2623 706 2647 Dei.

163 2660 264 2684 Visum
279 2665 348 2683 vero
366 2659 517 2683 admovens
535 2664 621 2688 puero
638 2657 748 2687 infanti,

165 2694 340 2724 Arimi-atur,
356 2693 381 2717 si
401 2699 471 2724 quae
491 2692 623 2722 Delphica
641 2698 710 2717 ausa
729 2693 826 2716 mulier

62 2738 244 2769 MELANTH.
267 2735 373 2767 Omna.
397 2734 483 2765 Vm„
507 2734 633 2765 xvm.

537 1237 611 1272 Diu
641 1251 726 1273 vero
759 1241 939 1274 seminans
969 1253 1072 1275 suum

790 76 1189 113 INTERPRETATIO
1216 77 1341 115 10le
1366 79 1616 119 EURIPIDIS.

1117 291 1119 305 l

2067 97 2140 131 994

1200 168 1272 200 Ion.
1305 167 1439 202 Currus
1454 170 1659 214 splendidos
1677 176 1932 222 quadrigarum

1199 217 1260 250 Sol
1278 218 1348 252 iam
1367 219 1547 255 illuminat
1563 236 1627 267 per
1651 231 1801 266 terra1n;

1195 266 1300 302 Astra
1320 283 1405 305 vero
1422 271 1576 308 aetheris
1591 275 1834 313 incenduntur
1849 280 1928 325 igne
1949 280 2016 315 hoc

1145 316 1193 351 85
1217 318 1273 353 Ad
1290 330 1430 356 noctem
1448 335 1597 360 sacram.

1194 369 1362 407 Parnassi
1381 386 1467 408 vero
1486 376 1655 412 inaccessi
1677 381 1825 415 vertices

1193 419 1362 457 Illustrati
1382 425 1473 458 diem

1193 472 1402 518 Accipiunt,
1425 475 1632 513 hominibus
1651 481 1686 514 in
1703 489 1780 516 rota
1800 490 1950 519 vectum.

1192 523 1326 560 Fumus
1337 526 1383 571 23)
1406 528 1528 562 aridae
1545 530 1713 576 myrrhae

1111 578 1113 584 ¹
1141 572 1190 606 90
1215 573 1255 606 In
1272 577 1411 622 fastigia
1429 576 1448 594 ⁴*
1464 577 1603 615 Phoebi
1621 584 1730 618 volat.

1191 624 1321 659 Mulier
1339 641 1423 661 vero
1441 632 1538 663 sedet
1556 635 1600 666 ad
1617 646 1755 669 sacrum
1775 637 1967 682 tripodem,

1190 675 1362 721 Delphica
1382 690 1510 715 canens
1528 682 1673 720 Graecis
1693 689 1850 729 oracula,

1189 727 1290 772 Quae
1306 728 1437 773 Apollo
1456 731 1508 765 illi
1529 734 1650 768 dictat.

1187 778 1274 820 Sed,
1301 794 1322 813 o
1340 780 1505 826 Delphici
1522 783 1660 820 Phoebi
1680 788 1848 830 ministri,

1136 827 1184 863 95
1211 830 1386 867 Castaliae
1402 834 1571 880 limpidos

1186 880 1236 915 Ite
1255 884 1300 916 ad
1321 885 1489 927 vertices,
1516 900 1607 931 pura
1626 902 1711 923 vero
1730 902 1822 937 aqua

1182 932 1306 968 Abluti
1324 936 1372 969 ite
1389 937 1426 970 in
1447 940 1633 983 templum,

1185 984 1370 1021 Custodite
1388 1001 1446 1029 os,
1468 1002 1512 1023 ne
1530 993 1615 1036 quid
1637 991 1761 1026 dicatis
1779 992 2030 1038 irreligiosum,

1104 1066 1106 1072 ,
1134 1034 1205 1068 100
1233 1036 1279 1070 Et
1296 1039 1499 1075 volentibus
1514 1042 1609 1076 bona
1627 1040 1647 1058 ᾗ
1666 1045 1810 1078 oracula
1827 1045 1945 1086 dicite,

1182 1087 1334 1133 Propria
1351 1091 1472 1135 lingua
1491 1095 1686 1128 narrando,

1180 1138 1254 1173 Nos
1272 1148 1389 1176 autem
1408 1144 1566 1186 labores,
1591 1159 1681 1192 quos
1701 1158 1719 1179 a
1738 1147 1857 1191 pueris

1181 1189 1404 1229 Laboramus
1421 1208 1532 1242 usque
1544 1225 1552 1236 ,
1584 1198 1694 1232 ramis
1711 1198 1816 1238 lauri,

1232 1344 1440 1369 clandestinum
1460 1348 1568 1376 partum
1588 1347 1616 1371 in
1635 1348 1686 1371 Dei
1706 1349 1842 1378 proiieere
1862 1350 1980 1375 domum.

1232 1379 1312 1402 Ultra
1330 1386 1397 1403 vero
1420 1380 1502 1404 limen
1523 1388 1673 1405 secernere
1694 1384 1791 1412 cupida
1813 1386 1882 1410 erat.

1231 1413 1412 1438 Miseratione
1433 1417 1523 1439 antem
1542 1416 1634 1440 omisit
1654 1418 1861 1442 crudelitatem.
1882 1422 1907 1442 et
1928 1421 2001 1443 Deus

1228 1447 1346 1471 Adiutor
1366 1451 1426 1472 erat
1447 1456 1548 1478 puero,
1569 1458 1603 1474 ne
1622 1452 1769 1475 eiiceretur
1789 1460 1804 1476 e
1824 1454 1910 1477 domo.

1229 1481 1286 1504 Alit
1305 1488 1372 1505 vero
1392 1483 1481 1512 ipsum
1501 1485 1655 1514 accipiens;
1678 1486 1858 1511 seminantem
1877 1495 1943 1512 vero

1228 1515 1351 1538 Nescivit
1371 1517 1522 1548 Phoebum,
1543 1525 1630 1549 neque
1649 1522 1779 1546 matrem,
1799 1522 1875 1545 cuius
1896 1524 1981 1551 esset,

1227 1550 1261 1572 Et
1281 1550 1340 1579 ipse
1360 1557 1427 1580 puer
1447 1554 1576 1580 parentes
1596 1554 1691 1578 nescit.

1226 1585 1338 1608 Iuvenis
1353 1586 1444 1616 itaque
1458 1587 1582 1610 existens
1592 1605 1599 1617 ,
1612 1588 1685 1612 circa
1701 1595 1748 1619 ea,
1762 1595 1831 1619 quae
1846 1591 1878 1613 de
1894 1596 1945 1615 ara
1959 1593 2113 1618 veniebant.

1535 1623 1666 1646 aluneuta

1226 1653 1377 1677 Ferebatur
1397 1655 1534 1684 lusitans;
1555 1658 1584 1679 ut
1603 1663 1669 1680 vero
1690 1658 1812 1681 exerevit
1831 1665 1958 1688 corpore.

1225 1687 1320 1716 Delphi
1343 1689 1431 1717 ipsum
1451 1693 1617 1713 creaverunt
1636 1693 1776 1716 custodem
1795 1694 1857 1716 auri
1876 1694 1962 1723 ipsius
1983 1696 2042 1721 Dei.

1225 1722 1260 1744 Et
1279 1725 1453 1751 quaestorem
1472 1724 1579 1748 fidelem
1598 1725 1725 1751 omnium.
1763 1727 1791 1749 ln
1812 1728 1920 1758 templis
1940 1736 2007 1754 vero

1224 1756 1274 1779 liei
1294 1757 1362 1780 vivit
1381 1757 1423 1780 hic
1442 1765 1552 1787 semper
1571 1761 1696 1783 sanctam
1715 1760 1809 1786 vitam.

1223 1791 1329 1814 Creusa
1348 1797 1432 1821 vero,
1451 1798 1521 1822 quae
1540 1796 1685 1823 pepererat
1707 1796 1775 1818 hunc
1794 1796 2005 1829 adolescentem,

1223 1825 1316 1848 Xutho
1336 1826 1427 1853 nubit,
1447 1832 1461 1850 a
1482 1828 1531 1850 tali
1550 1833 1626 1853 casu,

1222 1860 1283 1882 Erit
1300 1861 1413 1883 Athenis
1432 1863 1458 1884 et
1478 1861 1715 1887 Chalcidensibus.

1224 1894 1274 1922 Qui
1294 1896 1395 1917 terrain
1414 1895 1568 1920 inhabitant
1587 1898 1742 1923 Euboeam*
1764 1899 1871 1922 hostilis
1892 1903 1991 1925 motus.

1223 1929 1299 1957 Quod
1319 1935 1373 1952 una
1392 1931 1553 1959 perferens,
1575 1935 1600 1954 et
1619 1939 1796 1961 compescens
1816 1935 1906 1963 hasta,

1219 1963 1378 1992 Nuptiarum
1399 1964 1522 1988 Creusae
1540 1965 1699 1996 dignitatem
1718 1968 1833 1998 accepit,

1220 1998 1279 2021 Non
1299 1998 1411 2028 gentilis
1431 1999 1570 2031 existens,
1587 2001 1666 2024 Aeoli
1686 2002 1734 2024 filii
1753 2002 1838 2028 lovis,

1220 2032 1273 2055 sed
1293 2032 1413 2056 existens
1432 2034 1564 2057 Achaeus.
1599 2035 1751 2059 Diuturnos
1772 2042 1838 2059 vero
1858 2038 1998 2062 seminans
2017 2040 2103 2065 lectos

1217 2066 1327 2090 Liberis
1346 2069 1423 2091 caret
1442 2069 1469 2091 et
1487 2068 1548 2097 ipsa
1568 2069 1691 2095 Creusa.
1711 2076 1824 2099 quorum
1842 2072 1932 2101 gratia

1216 2101 1340 2124 Veniunt
1361 2101 1395 2124 ad
1414 2102 1545 2125 vaticinia
1563 2104 1699 2133 Apollinis
1718 2105 1796 2133 haec,

1216 2135 1318 2158 Amore
1336 2141 1490 2165 puerorum.
1527 2137 1626 2165 Apollo
1646 2143 1712 2161 vero
1731 2138 1800 2161 hunc
1819 2144 1912 2162 casum

1216 2170 1258 2192 Ad
1276 2170 1327 2193 hoc
1347 2170 1487 2199 producit,
1507 2177 1594 2200 neque
1613 2172 1775 2201 ignoratur,
1794 2173 1823 2196 ut
1842 2173 1990 2198 existimat.

1216 2204 1298 2227 Dabit
1315 2204 1387 2227 enim
1406 2204 1570 2234 ingredienti
1595 2206 1725 2235 tempium
1742 2207 1793 2230 hoc

1215 2238 1309 2261 Xutho
1328 2245 1406 2262 suum
1425 2238 1512 2268 ipsius
1532 2239 1631 2270 filium,
1651 2241 1679 2262 et
1694 2241 1786 2264 natum

1214 2272 1292 2296 lilius
1321 2273 1408 2302 ipsum
1433 2273 1572 2301 dicturus,
1597 2274 1694 2298 matris
1720 2275 1750 2297 ut
1774 2275 1913 2304 profectus
1938 2277 1972 2300 ad
1992 2278 2096 2302 domum

1215 2308 1388 2337 Agnoscatur
1407 2314 1423 2331 a
1442 2308 1564 2336 Creusa,
1583 2309 1665 2337 atque
1684 2308 1767 2332 etiam
1785 2310 1815 2332 ut
1833 2310 1944 2340 nuptiae
1961 2313 2097 2342 Apollinis

1215 2342 1346 2365 Occultae
1363 2341 1434 2369 sint,
1454 2343 1481 2364 et
1498 2342 1571 2364 filius
1594 2342 1692 2366 habeat
1709 2343 1916 2368 haereditatem.

1213 2375 1280 2398 Iona
1298 2381 1364 2399 vero
1385 2375 1489 2405 ipsum,
1507 2375 1676 2399 conditorem
1695 2377 1834 2401 Asiaticae
1854 2380 1957 2408 terrae,

1213 2409 1328 2433 Nomine
1346 2409 1482 2433 nominari
1499 2410 1582 2433 faciet
1600 2417 1648 2439 per
1668 2410 1821 2435 Graeciam.

1212 2444 1267 2467 Sed
1287 2443 1313 2466 in
1332 2444 1383 2467 hos
1402 2444 1513 2467 laureos
1530 2450 1662 2467 secessus
1680 2444 1832 2475 ingrediar,

1212 2478 1325 2501 Factum
1345 2479 1375 2500 ut
1391 2483 1540 2508 agnoscam
1558 2483 1575 2501 a
1593 2484 1688 2507 puero.

1210 2512 1298 2535 Video
1316 2512 1388 2535 enim
1407 2512 1591 2540 egredientem
1610 2512 1698 2541 ipsum
1716 2512 1852 2543 Apollinis
1871 2514 1951 2538 filium

1210 2547 1303 2571 Hunc,
1326 2547 1356 2569 ut
1373 2548 1438 2569 ante
1456 2546 1584 2576 templum
1603 2546 1744 2576 splendida
1763 2547 1845 2571 faciat
1864 2551 1997 2573 vestibula

1209 2580 1296 2604 Lauri
1314 2580 1406 2604 ramis.
1442 2580 1546 2604 Nomen
1566 2586 1649 2607 vero„
1669 2581 1739 2610 quod
1757 2581 1906 2611 adepturus
1925 2588 1976 2610 est,

1209 2614 1301 2638 Ionem
1322 2621 1373 2645 ego
1392 2614 1495 2644 primus
1514 2614 1623 2638 nomino
1640 2615 1769 2639 Deorum.

1137 2656 1185 2687 23)
1206 2655 1321 2715 anubs]
1342 2656 1382 2680 sic
1401 2657 1451 2683 Ed.
1472 2657 1547 2681 1558.
1567 2658 1594 2680 et
1611 2658 1744 2687 recentt.;
1763 2658 1811 2682 Ed.
1835 2659 1909 2683 1562.
1929 2661 2024 2684 mendo
2043 2664 2090 2692 ty-

1173 2698 1267 2722 pogr.:
1310 2697 1388 2715 nnus.
