2373 2980
125 53 142 86 1
152 53 222 87 113
429 55 566 91 LXXII.

169 143 248 174 Am.
275 140 383 176 Senes
400 139 585 184 Thebani,
613 155 687 176 non
706 145 810 178 tacite

168 190 337 225 Solutum
357 205 484 227 somno

170 242 294 277 Sinitis
312 244 474 279 oblivisci
492 245 699 280 malorum?

124 291 223 327 1045
251 295 350 329 Ghor.
376 295 423 330 Et
439 303 472 330 te
490 309 593 341 gemo
611 296 805 344 lachrymis
820 307 855 334 et

168 344 318 380 Liberos
337 353 371 380 et
387 348 618 382 victoriosum
638 356 754 394 caput.

167 398 246 430 Am.
274 396 434 443 Longius
449 400 651 444 procedite,
678 413 722 434 ne

168 447 365 493 Strepitum
381 451 519 485 faciatis
531 478 540 492 ,
567 464 612 485 ne
630 453 788 487 clametis
800 480 809 494 ,
835 466 879 487 ne

167 498 418 535 Dormientem
438 503 528 536 bene

120 547 217 583 1050
244 550 291 584 Et
308 554 588 588 somniculosum
607 567 648 588 ex
666 568 793 590 somno
812 557 979 591 excitetis.

169 602 266 637 Gkor.
297 603 376 638 Heu
392 618 468 646 me,
497 613 630 652 quanta
656 605 745 640 haec
769 615 820 642 est
847 610 982 643 caedes.

533 656 589 691 Ah
608 658 795 700 discedite,

165 703 289 741 Iacens
306 708 470 753 resurgit.

166 756 250 790 Non
267 759 371 792 tacite
387 760 683 795 lamentationem

165 807 453 852 Lamentamini,
483 825 502 845 o
522 813 644 846 senes?
672 825 717 846 ne

116 857 215 894 1055
241 860 443 903 Excitatus,
471 864 620 897 vinculis

164 912 313 957 Ruptis„
340 916 467 958 perdat
484 915 661 948 civitatem
675 940 684 953 ,

163 965 309 998 Patrem
327 978 412 999 vero
430 973 464 998 et
482 967 629 999 domum
647 964 801 999 deiiciat.

163 1018 261 1051 Ultor.
288 1015 510 1061 Impossibile
527 1015 615 1050 mihi
631 1023 694 1051 est.

161 1070 240 1102 Am.
269 1067 384 1108 Tace,
411 1069 645 1112 spirationem
665 1067 912 1102 considerabo.

113 1118 210 1154 1060
237 1121 311 1163 Age
331 1132 454 1153 aurem
472 1121 684 1153 admovebo.

161 1173 259 1207 Ghor.
300 1170 468 1204 Dormit?
544 1174 622 1206 Am.
666 1171 757 1205 Sane
794 1170 939 1216 quidem
974 1171 1102 1204 dormit

523 1235 689 1256 somnum
709 1222 947 1267 perniciosum
960 1249 968 1261 ,

159 1273 231 1318 Qui
246 1285 393 1307 uxorem
413 1273 608 1313 interfecit,

157 1324 338 1358 interfecit
356 1326 505 1365 liberos,
538 1338 640 1358 arcus

157 1376 318 1409 Stridore
336 1376 505 1410 iaculans.
561 1378 659 1411 Chor.
689 1375 800 1409 Genie
818 1388 924 1409 nunc.

107 1425 205 1461 1065
234 1430 310 1461 Am.
339 1429 453 1461 Genio
474 1435 626 1460 mortem
645 1427 910 1472 liberorum-W).

208 1573 343 1597 Graeciae
361 1571 449 1595 Danai
473 1571 599 1595 filiarum,

207 1608 263 1631 Sed
283 1613 314 1630 ea
333 1607 490 1636 superavit,
516 1605 645 1629 excelluit

207 1643 272 1665 Tum
294 1642 366 1665 mala
386 1642 487 1664 inisero

206 1676 312 1706 lnslgui
332 1676 388 1699 filio
408 1675 514 1698 unicum
534 1674 617 1697 filium
636 1674 762 1697 habentis
782 1674 917 1703 Prognes.

206 1711 323 1735 Caedem
344 1716 455 1739 possum
475 1710 565 1732 dicere.
585 1709 700 1731 dicatam
721 1708 816 1731 Musis.

206 1746 245 1769 Tu
264 1751 331 1768 vero
350 1745 422 1768 filios
443 1746 501 1767 tres
525 1750 585 1766 cuin
604 1743 741 1771 genuisti.
768 1748 783 1766 o
802 1742 877 1765 lovis
897 1742 951 1770 tili,

205 1780 328 1803 Rabioso
347 1779 428 1802 simul
448 1777 592 1801 trucidasti
611 1778 677 1800 fato.

207 1815 265 1843 Quo
285 1814 386 1842 gemitu
406 1815 452 1836 aut
473 1813 561 1843 luctu,

204 1849 257 1872 Aut
279 1847 434 1871 mortalium
454 1853 537 1870 voce.

206 1884 258 1906 Aut
275 1882 386 1906 Plutoni
405 1882 494 1905 dicato
514 1882 594 1904 thoi-o
616 1878 775 1904 resonabo?

203 1918 288 1941 Eheu.

205 1952 320 1980 Videte,
350 1950 440 1974 divisa
458 1951 582 1974 claustra

203 1987 296 2009 lacent
313 1986 432 2009 altarum
451 1985 556 2008 aedium
567 2001 573 2012 ,

202 2021 286 2044 Eheu.

204 2055 303 2078 Videte
320 2055 369 2078 hos
390 2054 463 2078 filios
482 2055 546 2077 ante
566 2054 671 2083 patrem
692 2053 809 2076 miseros·

202 2089 326 2113 lacentes
345 2089 498 2116 infelicem,

203 2124 389 2147 Dormientem
409 2129 534 2146 somnum
554 2128 665 2153 gravem
686 2122 762 2145 finita
782 2122 874 2146 caede,

202 2158 320 2182 Vincula
338 2164 422 2187 vcro,
448 2159 474 2181 et
493 2164 526 2180 ex
546 2157 638 2180 multis
658 2157 763 2187 laqueis
785 2163 915 2179 nexuum.

201 2193 416 2222 Retinaculaque
437 2191 621 2215 Herculanum
641 2192 714 2215 circa
733 2197 848 2221 corpus,

202 2228 276 2251 Haec
296 2227 419 2256 lapideas
438 2226 556 2255 alligata

202 2261 282 2285 Circa
298 2262 439 2285 columnas
459 2261 609 2285 domorum.

202 2296 253 2319 Hic
273 2301 339 2319 vero
359 2296 434 2319 velut
452 2295 513 2318 avis
534 2295 682 2324 quaedam.
706 2295 859 2324 implumem
880 2295 933 2326 ing.
947 2295 1063 2318 miscens

201 2330 330 2354 Dolorem
349 2330 484 2359 tiliorum,
509 2336 593 2352 senex
612 2330 691 2353 tardo
714 2330 779 2358 pede

201 2365 320 2389 Tristem
339 2370 506 2394 persequens
526 2365 594 2387 lianc
613 2364 779 2388 solutionem
798 2364 879 2387 adest
900 2364 981 2388 bii-ce.

130 2407 178 2439 99)
199 2408 257 2431 Am.
284 2407 372 2429 Senes
390 2419 425 2423 —
442 2406 598 2430 liberorum.
623 2408 679 2435 (vs.
703 2406 768 2430 1042
782 2419 815 2422 —
833 2405 938 2437 1065.)1
973 2406 1012 2429 <ic
1044 2407 1091 2430 Ed.

168 2442 258 2470 1562.;
286 2441 334 2465 Ed.
355 2440 446 2463 1558:

199 2477 259 2501 Am.
279 2475 397 2499 Thebani
418 2481 518 2505 seneS,
543 2481 595 2499 non
616 2482 664 2505 per
683 2475 822 2499 silentium

201 2513 305 2534 Somno
325 2510 445 2533 solutum

198 2543 296 2568 sinitis
317 2543 441 2567 oblivisci
460 2541 614 2568 malorum?

199 2579 284 2603 Char.
304 2579 338 2602 Et
360 2581 385 2601 te
404 2578 554 2608 lachrymis
573 2579 701 2609 deploro,
726 2586 741 2602 o
761 2586 860 2603 senex.
888 2582 913 2602 ct

199 2613 302 2644 Filios,
328 2614 356 2636 et
372 2613 424 2636 hoc
442 2612 619 2636 victoriosum
641 2617 732 2643 caput.

197 2648 258 2672 Am.
277 2647 398 2677 Longius
418 2647 565 2677 discedite,
592 2654 627 2670 ne

198 2682 349 2712 Strepitum
367 2682 454 2711 edite,
480 2687 534 2705 non
553 2682 686 2713 clamate,
711 2689 746 2706 ne

1034 611 1113 643 Am.

626 55 1025 95 INTERPRETATIO
1058 58 1299 96 EURIPIDIS
1333 59 1570 97 HERCULIS
1604 63 1857 99 FURENTIS.

2069 65 2165 101 1114

1225 148 1322 182 Char.
1350 147 1383 181 Ο
1400 145 1468 181 heu
1485 148 1571 183 mihi
1590 151 1634 183 ob
1652 151 1760 184 filium
1780 157 1891 184 tuum.

1223 197 1299 237 Ab,
1326 210 1346 231 o
1365 212 1482 234 senex.
1537 205 1614 236 Am.
1643 202 1759 243 Tace,
1786 215 1907 236 rursus

1220 249 1382 283 Vertitur
1399 252 1580 287 excitatus.

1220 301 1293 345 Age
1310 314 1438 346 corpus
1455 304 1702 337 absconditum

1172 352 1270 386 1070
1297 352 1336 385 In
1355 354 1463 387 domo
1484 357 1682 390 occultabo,

1222 405 1317 438 Chor.
1348 404 1513 447 Confide,
1541 420 1612 440 nox
1630 406 1736 441 habet
1753 408 1942 452 palpebras
1962 408 2022 442 filii
2042 407 2105 442 tui.

1219 457 1296 487 Am.
1328 455 1471 498 Videte,
1499 459 1634 499 videte,

1217 503 1348 539 Lucem
1369 509 1571 554 relinquere
1594 511 1630 543 in

1221 556 1325 590 Malis
1345 570 1417 591 non
1435 561 1532 604 fugio
1550 562 1669 595 miser.

1170 606 1267 641 1075
1296 608 1429 642 Verum
1450 611 1477 644 si
1497 625 1569 652 me,
1598 613 1658 658 qui
1677 626 1752 647 sum
1772 620 1892 657 pater,
1921 613 2128 653 interficiet,

1217 660 1271 692 Ad
1290 660 1382 693 mala
1407 663 1534 701 addet,

1215 710 1259 743 Et
1280 712 1323 744 ad
1340 711 1464 746 Furias
1481 711 1625 746 habebit
1643 717 1784 748 caedem
1803 722 2003 757 cognatam.

1222 763 1321 797 Char.
1351 763 1454 797 Tunc
1473 771 1505 798 te
1521 766 1615 798 niori
1638 767 1819 810 oportuit,
1855 769 1999 811 quando
2024 766 2164 809 coniugi

1581 823 1662 850 tuae

1217 864 1368 899 Caedem
1389 867 1539 901 fratrum
1562 869 1701 901 ulturus
1720 880 1816 905 eras,

1167 917 1264 953 1080
1293 917 1424 952 Everszi
1445 919 1573 963 insigni
1591 921 1679 953 urhe
1697 917 1937 963 Taphioruin.

1213 971 1292 1002 Am.
1320 969 1438 1014 Fuga,
1467 983 1487 1003 o
1506 984 1625 1010 senes,
1652 972 1732 1015 suga

1213 1019 1243 1051 A
1263 1021 1371 1054 domo
1498 1027 1511 1036 ‘

1215 1071 1356 1105 Currite
1368 1100 1376 1113 ‚
1404 1073 1515 1116 fugite
1531 1074 1704 1108 furiosum

1212 1122 1337 1156 Virum
1358 1124 1560 1159 excitatum.

1163 1173 1261 1209 1085
1289 1175 1374 1208 Mox
1390 1177 1532 1209 caedem
1551 1176 1699 1209 alteram
1717 1177 1761 1209 ad
1779 1176 1922 1208 caedem
1941 1175 2092 1214 addens,

1210 1224 1451 1261 Bacchabitur
1466 1240 1530 1272 per
1546 1228 1671 1260 urbem
1690 1225 1948 1261 Thebanorum
1960 1224 2032 1270 ¹⁰⁰).

1263 1336 1334 1358 Bene
1353 1335 1471 1364 sopitum

1263 1372 1418 1399 §omneque
1438 1370 1557 1394 deditum
1576 1370 1720 1395 suscitate.
2031 1400 2036 1405 ⁸
2110 1399 2115 1405 ,

1263 1404 1348 1428 ΟῘιον,
1368 1404 1453 1430 Eheu.
1473 1405 1572 1428 caedes
1591 1406 1657 1428 haec
1673 1401 1797 1435 quanta?
1834 1403 1893 1428 Am.
1912 1403 1946 1433 A,
1966 1406 1992 1432 a,
2011 1399 2156 1429 discedite,

1262 1438 1462 1467 Pei-turbatur,
1485 1440 1704 1469 expergiscetur.

1263 1472 1333 1502 Quin
1351 1472 1433 1495 tacite
1452 1473 1677 1497 lamentationem

1261 1507 1478 1534 Lamentamini,
1505 1513 1520 1531 ο
1541 1505 1648 1531 senes?
1677 1514 1711 1530 ne

1260 1541 1387 1564 vunculis
1406 1542 1592 1566 resuscitatus

1261 1576 1403 1606 Diruptis,
1429 1577 1526 1606 perdat
1544 1577 1700 1608 civitatem,

1260 1610 1387 1639 Patrem,
1413 1611 1539 1640 atriaque
1559 1613 1726 1641 perrumpat.

1260 1645 1344 1669 Char.
1364 1645 1551 1674 Impossibile,
1577 1646 1747 1676 impossibile
1765 1645 1830 1669 milii
1848 1647 1897 1669 est.

1259 1679 1318 1703 Am.
1339 1679 1418 1702 Tace.
1454 1680 1551 1702 Flatus
1570 1686 1744 1707 cognoscam,

1259 1715 1335 1744 Age,
1363 1719 1457 1737 aurem
1476 1714 1636 1739 admovebo.

1260 1748 1342 1772 Cher.
1362 1745 1489 1772 Dormit‘.e
1527 1751 1586 1773 Am.
1606 1750 1681 1779 huo,
1702 1749 1802 1773 dormit
1815 1754 1940 1773 somnum
1957 1745 2154 1777 perniciosum,

1262 1782 1314 1811 Qui
1332 1782 1472 1806 interfecit
1490 1789 1619 1815 uxorem,

1259 1816 1402 1840 lutei-fecit
1419 1817 1506 1847 filim,
1532 1819 1565 1842 ab
1583 1824 1651 1842 arcu
1671 1819 1745 1842 edito

1256 1850 1361 1874 Plausu
1379 1851 1513 1877 iaculans,
1553 1853 1638 1879 Char.
1658 1852 1813 1883 Ingemisce
1831 1858 1911 1876 nune.

1258 1885 1319 1909 Am.
1340 1886 1494 1916 Ingemisco
1513 1887 1632 1911 filiorum
1653 1888 1843 1918 perditionem.

1189 1928 1253 1956 100)
1274 1927 1359 1952 ctaor.
1379 1929 1401 1953 Ο
1420 1930 1471 1953 heu
1490 1942 1523 1946 —
1543 1932 1742 1956 Thebanorum.
1769 1933 1825 1960 (vs.
1851 1930 1963 1954 1066-
1979 1926 2083 1958 1086,)]
2111 1925 2150 1949 sic

1221 1963 1271 1988 Ed.
1287 1963 1381 1989 1562.;
1405 1964 1455 1987 Ed.
1475 1965 1565 1989 155Q.:

1257 1998 1342 2022 Cher.
1364 1999 1435 2022 Eheu
1457 2000 1533 2023 mibi.
1560 2000 1598 2023 tui
1618 2000 1675 2024 filii.

1255 2034 1310 2056 Ae.
1333 2038 1381 2057 ae.
1409 2039 1424 2056 o
1444 2040 1538 2058 senex.
1576 2035 1635 2059 Am.
1658 2035 1743 2058 Tace.
1772 2036 1849 2063 tace,
1875 2039 2029 2057 conversus

1253 2067 1471 2096 Expergefactus
1491 2070 1591 2099 agitur.

1252 2102 1312 2131 Age
1331 2102 1494 2125 occultatum
1514 2109 1615 2132 corpus

1252 2136 1281 2158 ln
1301 2136 1379 2158 domo
1399 2138 1572 2161 abscondam.

1252 2170 1337 2193 chor.
1359 2172 1431 2193 Bono
1451 2172 1491 2193 sis
1510 2173 1618 2200 auimo,
1644 2178 1697 2195 nox
1717 2175 1831 2202 occupat
1851 2173 1996 2202 palpebras
2015 2169 2070 2193 filio
2091 2170 2145 2191 ¹¹¹⁰-

1252 2205 1313 2228 Am.
1336 2205 1448 2231 Videte,
1478 2205 1575 2230 videte.

1251 2238 1343 2261 Vitam
1362 2239 1467 2268 quidem
1491 2240 1648 2269 relinquere
1667 2241 1692 2264 in

1250 2273 1331 2295 Malis
1353 2279 1405 2295 uon
1426 2275 1500 2299 rugio
1520 2281 1614 2299 miser.

1250 2307 1303 2330 sed
1323 2308 1346 2329 si
1370 2314 1409 2330 nic
1431 2309 1618 2334 interfecerit.
1644 2312 1749 2338 patrem
1770 2311 1949 2334 existentem.

1248 2341 1291 2364 Ad
1309 2342 1374 2364 haec
1394 2342 1481 2369 mala,
1505 2344 1577 2366 mala
1596 2346 1733 2373 patrabit,

1248 2376 1364 2404 Insuper
1384 2376 1475 2398 Furiis
1495 2378 1603 2400 caedem
1621 2381 1765 2405 cognatam
1787 2380 1900 2403 babebit.

1249 2410 1335 2433 chor.
1356 2411 1429 2433 Tunc
1449 2412 1516 2434 mori
1537 2415 1563 2434 te
1583 2414 1744 2441 oportebat.
1769 2421 1829 2437 cum
1848 2414 1926 2438 uxori
1946 2416 2009 2437 tuae

1248 2444 1366 2467 caedem
1385 2450 1511 2468 sororum
1531 2447 1643 2469 volebas
1660 2448 1772 2475 ulcisci..

1249 2479 1413 2507 'taphiorum
1433 2480 1564 2510 inclytam
1585 2483 1678 2505 urbem
1696 2484 1822 2507 vastans.

1247 2514 1308 2537 Am.
1328 2513 1442 2543 Fugite,
1468 2520 1483 2537 o
1503 2521 1602 2544 senes,

1247 2548 1341 2576 Longe
1359 2553 1375 2570 a
1394 2548 1482 2574 domo.

1246 2581 1358 2611 Fugite,
1387 2583 1472 2612 fugite
1490 2584 1626 2608 furentem

1247 2616 1343 2639 Virum
1362 2619 1582 2647 expergefactum
1593 2635 1600 2649 ,

1247 2651 1310 2673 Mox
1328 2651 1438 2674 caedem
1458 2653 1574 2677 alteram
1593 2655 1671 2678 caedi
1690 2655 1810 2681 addens,

1245 2684 1341 2708 Furiet
1358 2692 1407 2715 per
1426 2687 1615 2712 Thebanorum
1633 2690 1782 2714 civitatem.
