2373 2980
103 73 174 107 961
581 67 685 103 LXX.
738 67 1138 103 INTERPRETATIO
1174 66 1398 104 HELENAE
1433 69 1683 107 EURIPIDIS.
2082 88 2156 125 962

154 159 221 193 Sed
238 156 386 190 dixeris:
423 154 491 196 „Si
511 155 607 189 Deus
621 167 696 189 non
714 155 789 189 vult
807 167 873 189 nos
890 154 1000 195 scire,
1127 171 1130 222 1
1154 153 1226 189 795
1254 157 1331 190 Hel.
1359 154 1414 189 Ad
1435 168 1543 202 quam
1561 165 1703 202 portam
1724 161 1948 201 barbaricam
1967 171 2140 208 adstatis?

154 209 307 255 „Quare
324 206 588 240 vaticinamur?
617 213 760 251 oportet
776 219 795 239 a
813 206 891 240 Diis
1127 231 1129 243 ἴ
1204 209 1300 240 Men.
1336 208 1391 241 Ad
1417 220 1515 247 eam,
1550 211 1646 243 unde
1671 218 1843 258 tanquam
1868 221 2052 257 mendicus
2074 237 2150 258 sum

103 260 177 295 760
204 259 480 301 „sacrificantes
505 259 600 291 bona
628 265 769 302 petere,
812 264 846 291 et
872 258 987 292 sinere
1011 257 1100 290 vati·
1563 262 1736 305 repulsus,

519 309 624 343 cinia.
1203 310 1277 342 Hel.
1305 308 1400 342 Num
1418 312 1561 353 petebas
1582 313 1739 349 victum?
1767 328 1788 349 o
1806 330 1862 351 me
1879 321 2059 360 miseram.

152 363 229 395 Boc
246 362 430 394 inventum
448 367 499 394 est
515 362 645 394 frustra
668 361 853 394 illecebrae
869 360 980 400 vitae,
1204 362 1300 393 Men.
1329 360 1424 394 Haec
1442 374 1496 395 res
1515 370 1602 403 crat,
1624 367 1683 398 sed
1703 379 1835 401 nomen
1855 369 1922 406 hoc
1937 386 2011 408 non
2030 374 2150 412 habui,

151 413 197 447 Et
211 426 317 446 nemo
334 414 446 445 factus
464 418 515 445 est
534 412 632 445 dives
650 412 828 446 vaticiniis
847 412 922 446 sine
939 412 1072 444 labore.
1204 412 1278 443 Hel.
1307 409 1404 455 Ergo
1421 415 1515 446 nosti
1535 415 1668 453 omnia,
1698 424 1735 450 ut
1752 419 1895 463 videris,
1922 426 1964 458 de
1982 428 2068 462 meis
2086 442 2151 463 nu-

153 465 283 505 „Boua
303 476 402 497 mens
423 470 455 496 et
471 464 605 495 bonum
632 463 819 496 consilium
846 470 896 496 est
921 464 1095 507 optimum
1565 466 1656 508 ptiis.

514 513 735 548 vaticinium.
1154 512 1227 545 800
1255 514 1352 546 Illen-
1393 512 1506 551 Novh
1553 528 1597 547 an
1630 515 1724 551 hunc
1759 519 1955 559 thalamum
1991 531 2136 566 efl'uuias

154 568 251 600 Ultor.
279 565 355 610 Ego
375 565 468 598 idem
488 565 602 598 sentio
619 566 661 598 de
679 565 876 604 vaticiniis,
1563 568 1694 602 nescio.
2064 557 2081 575 Ὀ
2142 560 2149 570 ’

102 616 176 651 765
203 617 308 661 Quod
327 629 444 650 senex.
500 617 603 661 „Qui
618 616 712 650 Deos
735 615 841 649 habet
1203 614 1277 645 Hel.
1304 614 1384 646 Scio
1403 628 1459 648 me
1477 617 1539 649 [illi
1559 618 1728 653 intactum
1747 635 1903 659 servasse
1921 629 2046 665 cubile.

153 668 331 707 „Amicos,
354 669 382 701 is
399 667 505 700 habet
523 668 694 712 optimam
712 668 969 700 divinationem
988 664 1096 698 domi.
1204 665 1298 698 Men.
1326 665 1428 709 Quae
1445 674 1495 701 est
1511 666 1615 703 huius
1633 672 1682 703 rei
1699 676 1905 715 persuasio?
1933 688 2030 723 grata
2052 684 2137 717 (35fo

152 721 223 753 Hel.
252 719 349 752 Sicut
368 720 445 759 illa,
481 720 579 764 quod
597 717 666 752 huc
682 719 828 757 venisti,
866 720 954 751 bene
981 730 1016 751 se
1043 728 1097 748 res
1565 721 1593 753 si
1616 734 1697 755 vera
1723 734 1847 760 essent.
2123 712 2149 723 η

510 769 635 807 haben
1204 767 1278 798 Hel.
1308 766 1415 802 *sides
1431 769 1598 804 miseram
1617 785 1732 807 meam
1752 779 1868 811 sedem
1887 787 1919 813 et
1942 779 2008 815 hoc
2035 788 2149 830 scpul-

153 822 219 855 Sed
238 822 422 867 quomodo
443 822 560 855 salvus
580 834 597 853 a
616 820 726 853 Troia
749 820 907 859 veneris,
934 833 953 852 0
973 819 1095 850 miser,
1569 821 1720 859 chrum?

152 871 250 907 Nihil
267 873 355 906 lucri
375 879 425 906 est
442 873 549 912 scire,
578 872 782 905 desiderant
801 877 922 903 tamen
1204 868 1300 901 [Uen.
1330 869 1463 911 Video,
1502 873 1650 915 misera,
1684 877 1832 913 lectum:
1870 884 1954 928 quid
1981 886 2044 918 tibi
2071 901 2148 922 (Um

102 923 176 970 770
204 924 319 957 Amici
338 936 550 967 cognoscere
569 924 767 956 amicorum
785 934 897 956 casus.
1563 923 1631 959 hoc
1652 929 1793 964 strato?

152 977 248 1010 Men«.
278 975 381 1009 Certe
398 976 508 1008 multa
526 974 635 1007 mein
660 974 781 1018 exigua
808 980 842 1006 et
867 985 936 1006 una
964 974 1019 1006 via
1046 973 1097 1003 iu-
1154 967 1226 1002 805
1254 972 1327 1004 Hel.
1357 971 1423 1005 Hic
1441 985 1505 1017 ego
1525 978 1672 1021 supplex
1691 992 1830 1023 precor,
1859 991 1895 1016 ut
1915 988 2046 1029 possim
2065 991 2151 1025 effu,

516 1026 716 1069 terrogasti.
1565 1040 1646 1071 gere
1667 1028 1877 1068 thalamum.

152 1078 247 1123 Quid
267 1078 381 1110 dicam
400 1077 464 1110 tibi
483 1078 703 1109 calamitates
721 1076 756 1107 in
773 1076 864 1108 inari
882 1075 1049 1119 Aegaeo?
1205 1074 1300 1107 Μθη.
1328 1076 1385 1108 All
1402 1087 1480 1119 eges
1498 1088 1558 1110 ara
1571 1105 1579 1118 ,
1617 1088 1678 1114 aut
1703 1084 1740 1115 fit
1764 1082 1832 1118 hoc
1859 1086 1994 1130 legibus
2021 1091 2149 1127 barba-

152 1130 195 1162 Et
215 1128 374 1162 Euboica
390 1128 554 1161 incendia
575 1128 720 1171 Nauplii
732 1154 740 1165 ‚
1572 1133 1725 1168 rorum?

154 1180 197 1213 Et
218 1180 362 1213 Cretam
382 1186 415 1212 et
432 1178 582 1223 Libyam
596 1205 604 1218 ,
633 1191 720 1223 quas
739 1178 843 1211 urbes
862 1179 998 1222 accepi,
1125 1205 1128 1239 ⁹
1204 1176 1279 1208 Hel.
1306 1176 1383 1210 Hoc
1398 1178 1526 1212 liberat
1544 1193 1609 1215 nos
1629 1196 1741 1229 aeque
1761 1199 1800 1219 ac
1817 1190 1947 1233 templa
1965 1190 2137 1229 Deorum.

104 1230 177 1265 775
207 1231 250 1264 Et
266 1231 446 1274 speculam
468 1229 613 1263 Persei?
644 1242 715 1262 non
735 1229 891 1273 implebo
908 1236 940 1262 te
1204 1228 1298 1260 Men.
1328 1228 1423 1273 Ergo
1441 1242 1515 1264 non
1531 1232 1649 1267 licebit
1667 1235 1754 1270 mihi
1772 1240 1918 1274 domum
1936 1243 2131 1279 navioare?

153 1283 234 1315 Meo
259 1293 442 1318 sermone;
487 1288 519 1314 et
545 1294 609 1324 ego
639 1281 757 1314 dicens
787 1280 851 1313 tibi
884 1293 960 1313 mea
994 1281 1098 1317 mala,
1204 1280 1278 1312 Hel.
1313 1279 1380 1314 ibit
1413 1282 1532 1325 potius
1564 1297 1628 1327 per
1659 1287 1792 1322 fel-rum
1806 1317 1814 1329 ‚
1856 1305 1962 1337 quam
1998 1270 2053 1328 moe
2088 1298 2152 1331 tibi

232 1369 246 1377 -
517 1332 670 1376 amplius
690 1332 861 1365 dolerem.
1571 1338 1700 1372 tradat.

154 1384 375 1426 Defatigatus
390 1395 467 1416 sum
488 1384 678 1426 patiendo,
712 1383 844 1426 duplici
866 1396 1029 1415 moerore
1051 1385 1096 1416 as-
1155 1382 1228 1414 810
1256 1383 1407 1429 sllensffl)
1437 1384 1494 1418 Sic
1509 1398 1619 1420 essem
1639 1390 1861 1427 miserrimus
1881 1392 2002 1431 homo.

511 1435 709 1467 ficeremur.
1204 1434 1279 1464 Hel.
1309 1434 1391 1467 Non
1408 1438 1563 1471 verearis
1575 1465 1583 1478 ‚
1612 1441 1691 1484 suge
1709 1455 1749 1475 ex
1766 1441 1833 1477 hac
1851 1452 1957 1480 terra,

155 1487 227 1520 Hel.
244 1483 431 1518 Pulchrius
449 1485 581 1525 dixisti,
604 1497 712 1530 quam
729 1484 792 1528 ego
812 1490 843 1517 te
863 1485 1098 1529 interrog.2vi;
1204 1485 1300 1516 Men.
1322 1484 1456 1520 Relicta
1477 1487 1535 1522 te?
1564 1499 1713 1535 propter
1730 1500 1761 1526 te
1780 1498 2153 1540 expugiiax·iT1·oia1n,

156 1539 273 1570 Unum
296 1537 351 1569 dic
369 1536 508 1570 omissis
525 1536 711 1576 omnibus,
740 1537 915 1581 quamdiu
1204 1536 1278 1568 Hel.
1308 1536 1437 1572 Melius
1456 1546 1527 1586 est,
1557 1554 1663 1585 quam
1685 1552 1722 1577 ut
1740 1552 1772 1578 te
1790 1560 1908 1581 meum
1934 1551 2153 1584 connubium

104 1591 176 1623 780
201 1588 295 1621 Male
313 1594 483 1621 tractatus
498 1600 533 1621 es
550 1587 690 1620 marina
709 1587 913 1620 erratione?
1566 1595 1704 1635 perdat,

153 1642 250 1675 Men.
277 1640 409 1673 Annuo
429 1646 590 1682 tempore
614 1651 719 1683 supra
746 1639 886 1678 decem,
920 1651 1008 1683 quos
1033 1639 1098 1671 fui·
1205 1636 1302 1671 Illese.
1329 1638 1411 1672 Non
1428 1640 1514 1675 dicis
1530 1654 1699 1686 generosa
1715 1673 1722 1685 ,
1750 1660 1865 1694 neque
1882 1652 1986 1695 digna
2005 1652 2081 1687 Ilio.

516 1703 594 1723 mus
610 1692 654 1722 ad
673 1690 821 1722 Troiam
834 1717 842 1729 ‚
1155 1688 1228 1721 815
1256 1690 1331 1722 Hel.
1358 1691 1439 1724 Non
1460 1700 1560 1735 potes
1577 1695 1773 1732 interficere
1791 1713 1928 1745 regem,
1958 1717 2063 1749 quenl
2083 1706 2153 1738 for-

152 1746 276 1776 Annos
297 1743 506 1787 perfecimus
524 1748 658 1785 septem
679 1741 829 1775 circulos
847 1753 1037 1774 annorum.
1567 1752 1656 1780 tasse
1676 1751 1784 1793 cupis,

154 1796 228 1829 Hel.
258 1793 335 1827 Heu
354 1792 442 1833 heu,
470 1793 616 1836 longum
635 1799 774 1836 tempus
797 1792 883 1826 dicis
896 1819 904 1832 ‚
934 1806 953 1825 o
973 1793 1099 1831 miser,
1202 1793 1297 1825 Men.
1326 1793 1382 1826 An
1401 1792 1509 1828 habet
1525 1809 1653 1841 corpus
1673 1800 1931 1837 invulnerabile
1953 1806 2076 1840 ferro?

152 1848 319 1879 Servatus
340 1846 456 1884 illinc,
484 1842 552 1877 huc
569 1845 697 1878 venisti
715 1845 760 1876 ad
779 1856 914 1877 necem.
1205 1845 1279 1876 Hel.
1310 1844 1445 1884 „Sciesz
1476 1849 1620 1889 audere,
1644 1854 1739 1896 quod
1759 1862 1806 1887 est
1825 1855 2055 1900 impossibile,
2078 1871 2152 1892 non

104 1897 176 1933 785
203 1899 299 1932 Men.
328 1897 521 1942 Quomodo
547 1893 621 1929 ais?
657 1895 742 1940 quid
767 1894 880 1929 dicis?
915 1907 1020 1940 quam
1044 1908 1098 1927 me
1569 1902 1738 1944 sapientis
1764 1907 1842 1939 viri,

514 1947 719 1990 perdidisti!
1205 1948 1300 1980 Men.
1331 1947 1468 1983 Tacens
1486 1950 1595 1994 igitur
1614 1956 1791 1996 praebebo
1819 1970 1947 1992 manus
1971 1972 2087 2000 meas,
2115 1968 2154 1994 ut

154 2001 226 2034 Hel.
254 1999 350 2042 Fuge
369 2010 475 2044 quam
505 1998 708 2037 celerrime,
746 2004 780 2030 et
803 1996 943 2031 discede
968 2009 1008 2030 ex
1034 1995 1098 2030 hac
1562 2003 1673 2047 liget?

513 2056 619 2082 terra.
1204 2051 1277 2082 Hel.
1312 2050 1420 2085 Venis
1445 2053 1489 2084 ad
1513 2065 1587 2087 rem
1614 2057 1854 2100 desperatam;
1890 2068 1940 2095 est
1964 2074 2052 2106 opus
2077 2070 2151 2097 arte

154 2101 377 2135 lutei-ficietis
395 2112 412 2132 a
433 2100 512 2133 viro
524 2126 534 2140 ‚
561 2100 660 2133 cuius
678 2097 763 2133 haec
781 2100 909 2134 domus
927 2106 987 2134 est.
1082 2101 1084 2104 ’
1563 2106 1695 2152 aliqua.

153 2155 251 2188 Men.
279 2152 397 2197 Quam
414 2163 488 2184 rem
509 2151 653 2195 dignam
672 2151 768 2184 malo
786 2149 877 2183 feci?
1154 2152 1227 2186 820
1255 2154 1350 2187 Men.
1375 2154 1504 2187 Utrum
1521 2163 1572 2189 est
1589 2158 1777 2194 iucundius
1794 2163 1885 2195 mori
1902 2164 2070 2198 facientes
2088 2166 2150 2198 ali-

152 2206 227 2239 Hel.
255 2203 363 2237 Venis
382 2209 522 2248 praeter
540 2203 649 2247 ipsius
672 2202 880 2247 opinionem
894 2228 902 2242 ,
931 2208 965 2235 et
987 2202 1095 2246 impc-
1564 2209 1650 2253 quid
1667 2217 1727 2243 aut
1743 2224 1815 2245 non
1834 2214 2026 2248 facientes?

515 2254 675 2287 dimento
692 2266 727 2288 es
744 2253 831 2288 meis
849 2253 996 2298 nuptiis.
1202 2256 1277 2288 Hel.
1312 2255 1392 2289 Una
1417 2269 1495 2300 spes
1520 2259 1657 2305 reliqua
1687 2268 1755 2301 est,
1801 2277 1870 2309 qua
1903 2267 1978 2298 sola
2014 2267 2149 2300 servari

103 2307 176 2341 790
204 2308 300 2341 Men.
328 2308 384 2340 An
406 2306 480 2339 vult
497 2306 626 2352 aliquis
645 2307 772 2340 ducere
790 2317 905 2339 meam
923 2304 1097 2339 uxorem?
1561 2323 1761 2354 possumus,

151 2359 228 2393 Hel.
254 2357 299 2391 Et
314 2358 530 2391 contumeIIa
547 2370 603 2390 me
622 2358 779 2398 afficere,
816 2370 923 2404 quam
942 2369 1006 2401 ego
1024 2369 1098 2390 sus-
1204 2359 1299 2391 Men.
1335 2358 1392 2390 An
1415 2361 1586 2401 emendo,
1623 2370 1683 2396 aut
1710 2367 1894 2405 audendo,
1925 2368 1980 2401 vel
2005 2381 2147 2412 persua-

508 2409 613 2442 tinui.
1562 2412 1707 2448 dendo?

152 2462 248 2495 Men.
277 2461 334 2494 An
351 2459 479 2505 aliquis
496 2460 663 2503 privatim
683 2466 828 2504 potens,
856 2472 901 2494 an
926 2473 1010 2493 vero
1035 2462 1096 2493 do-
1202 2461 1277 2493 Hel.
1306 2459 1343 2493 Si
1360 2473 1420 2494 rex
1438 2474 1512 2495 non
1530 2465 1653 2498 audiat
1669 2472 1702 2498 te
1719 2466 1867 2500 venisse.

511 2511 630 2544 minus
649 2510 792 2545 terrae?
1201 2513 1297 2545 Men.
1326 2511 1415 2556 Quis
1432 2526 1487 2546 me
1509 2516 1654 2558 prodet,
1690 2529 1768 2550 cum
1793 2530 1900 2552 nemo
1926 2519 2034 2560 sciat,
2070 2521 2148 2566 quis

152 2564 226 2597 Hel.
253 2562 365 2597 Filius
381 2561 525 2603 Protei,
553 2562 615 2608 qui
630 2563 784 2607 imperat
801 2562 838 2595 in
856 2560 921 2595 hac
940 2568 1046 2596 terra.
1568 2579 1632 2611 ego
1656 2566 1749 2602 sim?

151 2615 248 2648 Men.
286 2614 381 2648 Haec
403 2620 453 2648 est
476 2614 535 2647 illa
568 2614 730 2659 querela,
772 2626 879 2660 quam
915 2615 1022 2647 audio
1057 2625 1098 2647 ex
1162 2641 1200 2645 .-

513 2665 655 2699 ancilla.
1187 2680 1234 2707 ⁴9)
1255 2679 1348 2707 Mem]
1368 2678 1415 2701 Ed.
1434 2677 1507 2701 1562.
1527 2678 1624 2702 mendo
1643 2680 1768 2710 typogr.:
1793 2678 1854 2703 Hel.

102 2724 286 2755 MELANTH.
311 2725 415 2756 Ormi.
441 2725 525 2755 Vm„
550 2725 671 2755 xvln.
1583 2713 1628 2747 61
