2373 2980
195 114 268 149 167
789 113 914 151 PHIL.
940 112 1056 152 MEL.
1081 113 1285 153 SCRIPTA
1310 116 1649 155 PHILOLOGICA.
2151 123 2230 160 168

193 197 282 236 381„
306 199 334 226 in
358 198 413 227 Ed.
436 199 565 229 Brunck.
588 196 680 237 353.)
711 199 832 229 orditur.
891 199 924 228 ln
948 201 1158 230 recentioribus
1179 201 1271 231 Editt.
1291 204 1431 232 Brunckii
1456 204 1584 242 (Ηθικη
1606 214 1737 240 notro-ae,-
1758 204 1819 233 sive
1842 205 1974 234 Gnomici
1997 211 2102 244 poetae
2127 210 2234 246 graeci.

193 241 368 269 Emendarit
392 239 427 269 Β.
452 242 500 269 Fr.
523 241 575 269 Ph.
600 241 727 269 Brunck.
771 243 959 280 Argentorati
984 242 1077 273 1784.
1110 244 1158 281 8.,
1181 245 1229 272 ubi
1251 255 1283 283 p.
1301 245 1492 277 150—177.
1517 253 1616 275 textus
1639 256 1760 284 graecus
1782 246 1868 276 liuius
1890 249 1988 286 operis
2005 249 2126 278 Hesiodi
2148 251 2234 279 exiii-

195 283 313 320 betur),
343 283 499 311 Gaissordii
523 284 648 318 (Poetae
671 283 798 312 minores
821 286 931 322 graeci.
974 284 1138 323 Praecipua
1163 287 1295 316 lectionis
1318 290 1460 317 varietate
1483 295 1512 318 et
1543 289 1683 317 indicibus
1708 289 1946 326 locupletissimis
1968 292 2106 320 instruxit
2127 292 2235 323 Tliom.

195 325 341 353 Gaisford.
373 325 439 352 vot.
464 325 481 352 l.
511 324 618 352 Oxonii
644 324 737 354 1814.
766 325 797 356 8.
829 337 857 365 p.
880 325 1029 365 3-60.)
1053 329 1225 366 Goettlingii
1249 330 1385 368 (Hesiodi
1408 332 1554 360 Carmina.
1584 331 1743 359 Recensuit
1772 337 1801 359 et
1825 339 2012 361 commentar.
2037 334 2174 363 instruxit
2198 335 2234 365 C.

195 367 402 402 Goettlingius.
430 365 546 394 Gothae
570 372 599 394 et
622 367 778 397 Ersordiae
804 368 897 399 1831.
927 369 992 410 8.),
1014 371 1147 399 Diibneri
1171 370 1338 410 (Ησιοδον
1361 385 1534 412 ποιηματα.
1580 373 1699 402 Hesiodi
1722 373 1868 404 Carmina.
1886 385 1895 395 ·
1912 376 2058 412 Apollonii
2081 378 2237 415 Argonau-

195 411 261 437 tica.
305 408 417 435 Musaei
442 417 559 436 carmen
583 409 622 437 de
645 411 764 439 Herone
787 417 818 441 et
839 412 990 442 Leandro.
1034 414 1153 442 Coluthi
1177 419 1278 452 raptus
1301 416 1434 444 Helenae
1458 425 1514 445 etc.
1557 416 1674 444 Graece
1698 422 1728 444 et
1752 415 1801 444 lat.
1826 417 1872 445 ed.
1896 417 1929 445 F.
1953 417 1992 447 G.
2014 418 2119 448 Lehrs.
2163 420 2237 457 Asii,

193 450 325 478 Pisandri
349 456 405 477 etc.
428 450 595 488 fragmenta
618 462 684 481 culn
709 461 897 484 commentar.
920 456 1026 484 adiecit
1049 456 1132 484 Frid.
1149 457 1281 485 Diibner.
1304 458 1419 486 Parisiis
1437 457 1528 488 1840.
1553 458 1596 494 8.,
1618 459 1646 485 in
1671 468 1728 496 quo
1751 458 1825 486 libro
1848 468 1880 497 p.
1892 457 2032 488 30—46.
2053 461 2109 489 hoc
2130 471 2237 499 poema

195 491 318 530 legitur)
343 498 373 519 et
402 493 440 521 al.
463 493 516 521 hoc
546 504 619 531 opus
642 497 707 523 sine
730 497 791 524 ulla
814 498 1008 534 distinctione,
1031 499 1168 526 continua
1192 508 1329 527 versuum
1353 502 1442 533 serie,
1463 500 1554 537 idque
1576 505 1658 528 recte
1680 501 1852 538 praebetur.
1896 502 2137 539 Nam‚,Fabrici0
2159 509 2237 533 teste

193 534 230 573 (l.
256 534 276 562 l.
302 534 365 562 vot.
388 533 410 563 I.
442 545 470 573 p.
487 535 575 576 573.)
602 546 699 575 neque
722 545 852 577 constat,
881 542 916 568 ab
939 541 1065 568 Hesiodo
1089 541 1117 567 in
1142 542 1245 579 plures
1268 542 1354 569 libros
1376 543 1431 569 hoc
1453 551 1527 579 opus
1549 542 1672 571 divisum
1700 543 1808 580 fnisse,
1838 553 1936 582 neque
1967 544 2043 572 lianc
2074 544 2237 574 distinctio-

195 585 266 605 nem
296 577 344 604 vel
374 578 531 615 scriptores
560 580 672 617 antiqui
701 581 747 609 vel
772 583 887 610 codices
899 583 985 611 MSS.
1009 583 1118 620 probae
1149 588 1235 610 notae
1257 588 1429 619 agnoscunt.
1481 584 1627 613 Vei-suum
1649 591 1746 613 autem
1776 587 1909 623 numeri,
1942 587 2047 624 quibus
2069 587 2138 615 illae
2160 587 2238 615 anti-

196 619 313 657 quiores
326 618 417 647 Editt.
440 620 588 659 (exceptis
611 622 703 651 Editt.
720 622 822 661 1623„
844 623 953 663 1662.)
977 626 1094 653 omnino
1115 629 1232 659 carent,
1267 626 1295 652 in
1319 626 1532 654 recentioribus
1554 628 1623 655 inde
1645 637 1662 655 a
1684 638 1714 657 v.
1738 626 1810 657 120.
1834 629 1941 656 diversi
1965 636 2032 657 sunt
2056 628 2140 667 (vide
2161 629 2238 657 infra

195 672 224 700 p.
250 659 442 691 191—193.
475 670 570 691 notam
593 664 654 702 2.);
688 674 867 705 quapropter
889 677 938 695 eos
960 667 1030 693 inde
1053 665 1090 692 ab
1114 666 1165 693 illo
1191 675 1293 703 versu,
1316 677 1414 705 aeque
1437 677 1470 696 ac
1493 669 1691 707 Goettlingius
1714 677 1744 698 et
1766 671 1925 699 Diibnerns
1947 670 2101 707 fecerunt,
2129 672 2237 709 ubique

195 703 304 740 duplici
327 705 440 732 ratione
461 706 668 736 adscribeinus.
694 724 731 729 —-
768 709 833 736 Alia
855 708 964 745 duplici
996 716 1096 735 versus
1119 709 1294 736 numerandi
1325 711 1436 738 ratione
1459 711 1641 740 Gaisfordius
1675 713 1784 751 utitur,
1817 721 1939 750 quarum
1962 722 2022 741 una
2043 722 2146 742 versus
2167 723 2238 742 con—

196 747 277 774 tiuua
300 747 377 773 serie
400 754 552 784 numerat,
575 749 668 776 altera
691 755 787 777 autem
812 752 893 778 uncis
910 751 1019 778 inclusa
1042 750 1237 788 antiquiorem
1271 752 1351 779 illam
1377 753 1459 781 huius
1482 755 1623 791 poematis
1646 755 1674 782 iu
1699 761 1760 783 tres
1783 755 1872 782 libros
1896 755 2069 784 divisionem
2093 757 2237 794 sequitur,

197 796 320 825 quorum
343 790 488 817 secundus
510 799 526 817 a
549 800 576 818 v.
598 789 672 821 351.
724 792 778 821 Ed.
803 792 898 821 Gaisf.
923 792 1053 831 (Goettl.
1083 797 1113 819 et
1136 793 1233 821 Diibn.
1256 791 1358 833 353),
1380 796 1484 824 tertius
1513 805 1530 824 a
1553 807 1578 825 ν.
1602 795 1677 826 763.
1730 798 1785 826 Ed.
1809 796 1902 826 Gaiss.
1928 796 2058 837 (Goettl.
2081 805 2112 827 et
2133 798 2230 827 Dfibn.

196 828 290 867 765.)
315 831 424 868 incipit.

788 1017 851 1053 IN
887 1018 1139 1056 HESIODI
1175 1019 1377 1058 OPERA
1413 1021 1487 1058 ET
1523 1021 1662 1058 DIES

254 1091 466 1121 rnlLlrrl
496 1093 854 1124 MELANTHONIS
882 1097 1268 1135 ΡΚΑΕΕΑΤΙΟΝΕΞ,
1298 1099 1668 1128 PROLEGOMENA
1695 1099 1757 1128 ΕΤ
1784 1099 2179 1130 ENARRATIONES.

992 1180 1022 1210 1.
1067 1182 1452 1212 PRAEFATIONES.

326 1237 499 1265 Melantlion
523 1237 594 1265 duas
617 1238 645 1265 in
664 1239 822 1267 Hesiodum
846 1241 1044 1277 praefationes
1066 1242 1198 1279 scripsit,
1219 1252 1339 1280 quarum
1362 1252 1420 1270 una
1443 1243 1545 1281 incipit
1569 1252 1586 1271 a
1609 1243 1722 1270 verbis:
1745 1242 1847 1281 „Cum
1870 1243 1909 1271 de
1932 1243 2096 1271 enarrando
2111 1244 2237 1273 Hesiodo

199 1278 391 1307 deliberarem
402 1278 429 1315 '',
453 1280 546 1307 altera
567 1289 584 1307 a
608 1281 718 1309 verbis:
742 1283 857 1319 „Quod
879 1284 907 1310 in
930 1283 1065 1312 Plautina
1089 1284 1188 1312 sabula
1209 1285 1310 1312 histrio
1332 1284 1521 1323 praefatur’‘.
1571 1285 1680 1313 Harum
1704 1285 1733 1312 in
1758 1285 1849 1312 Editt.
1872 1294 1961 1322 supra
1983 1287 2162 1314 enumeratis
2184 1287 2235 1315 vel

197 1326 323 1358 utraque
345 1322 392 1348 vel
416 1330 472 1349 una
496 1327 607 1349 tantuin
631 1329 737 1352 exstat.
783 1323 926 1354 Videlicet
949 1326 1041 1355 Editt.
1059 1325 1154 1356 1532.
1179 1333 1210 1354 et
1228 1326 1320 1357 1562.
1343 1329 1433 1355 solam
1456 1328 1583 1365 priorem
1602 1328 1759 1361 exhibent3
1780 1327 1871 1356 Editt.
1890 1337 1914 1355 s.
1931 1337 1976 1363 a.,
2001 1326 2108 1363 1585„
2132 1327 2237 1366 1601„

199 1362 303 1399 1615„
328 1362 437 1392 1623..
461 1363 554 1393 1662.
578 1365 700 1393 alteram
724 1368 830 1401 solain3
855 1368 946 1397 Editt.
971 1368 1064 1398 1511.
1088 1370 1139 1405 Β.,
1163 1368 1256 1398 1541.
1279 1371 1328 1405 F„
1352 1369 1446 1398 1564.
1469 1370 1520 1407 L.,
1545 1369 1658 1407 1569.,
1680 1369 1790 1406 1581„
1816 1369 1910 1399 1591.
1935 1377 2090 1408 utramque
2113 1371 2164 1399 illo
2186 1382 2236 1399 or-

197 1406 283 1440 dine;
313 1406 404 1434 Editt.
431 1405 524 1435 1541.
548 1410 596 1443 A„
629 1406 740 1445 1544„
764 1409 876 1446 1559„
900 1409 993 1439 1564.
1018 1413 1070 1447 A„
1094 1410 1207 1448 1570„
1238 1411 1331 1441 1587.
1355 1419 1510 1449 utramque
1530 1413 1633 1440 ordine
1656 1413 1790 1447 inverso,
1812 1412 1840 1439 in
1865 1413 1910 1440 his
1932 1413 2009 1439 enim
2031 1413 2126 1440 altera
2147 1419 2236 1450 prae-

198 1448 269 1476 satio
291 1449 381 1485 priori
402 1450 561 1485 praecedit.
585 1465 626 1471 —
654 1451 812 1480 Praeterea
842 1454 871 1480 in
900 1454 962 1490 ipsa
985 1455 1172 1481 enarratione
1203 1455 1275 1482 libro
1304 1453 1341 1482 ll.
1365 1454 1469 1491 prioris
1498 1456 1588 1491 partis
1618 1455 1701 1482 liuius
1731 1455 1876 1491 poematis
1908 1459 1938 1481 et
1959 1454 2048 1482 alteri
2076 1455 2138 1482 eius
2159 1456 2236 1492 parti

196 1486 311 1528 ἡμέραι
334 1492 492 1528 inscriptae
515 1492 659 1529 praefatio
683 1494 778 1521 brevis
802 1501 846 1523 est
868 1496 1045 1532 praemissa,
1073 1505 1157 1533 quam
1182 1502 1337 1534 utramque
1365 1497 1469 1524 iisdem
1501 1497 1570 1524 locis
1593 1496 1810 1532 exhibebimus,
1844 1497 1991 1534 alterique
2021 1496 2235 1533 praefationem

198 1532 469 1569 Editionis1611.‚
492 1543 567 1570 qnae
587 1535 623 1561 ad
647 1536 770 1564 eandem
795 1538 937 1574 poematis
960 1544 1072 1574 partem
1097 1545 1224 1576 spectat,
1247 1539 1449 1577 adiungemus
1471 1554 1513 1560 ·—-
1537 1540 1599 1567 Hoc
1622 1545 1719 1567 autem
1743 1540 1804 1567 loco
1827 1545 1940 1567 tantum
1963 1538 2029 1566 illas
2052 1538 2124 1567 duas
2144 1548 2234 1577 prae-

199 1574 325 1602 fationes
349 1585 425 1603 nunc
449 1576 589 1613 deinceps
612 1578 796 1613 praebemus.

226 1649 469 1683 Praefatio
500 1651 542 1683 in
571 1652 814 1687 Hesiodum
844 1654 960 1690 Phil.
990 1656 1164 1689 Melan-

500 1700 657 1737 thonis
686 1706 829 1749 prima
849 1707 892 1752 ¹).

304 1767 393 1802 Cum
430 1770 473 1802 de
504 1773 705 1805 enarrando
743 1773 900 1807 Hesiodo
940 1776 1190 1817 deliberarem,

200 1818 294 1851 inter
317 1826 473 1853 caeteras
496 1821 736 1863 difficultates,
767 1837 854 1870 quas
879 1823 968 1859 mihi
996 1827 1032 1861 id
1056 1828 1190 1871 negotii

199 1877 406 1914 suscepturo
432 1873 633 1916 propositas
650 1887 721 1908 esse
747 1876 1010 1921 intelligebam,
1035 1879 1070 1911 in
1092 1891 1190 1912 men-

200 1927 270 1953 tem
304 1919 372 1954 hoc
395 1935 537 1968 quoque
568 1925 752 1966 veniebat,
782 1939 855 1960 nou
887 1929 1071 1963 defuturos
1104 1943 1188 1971 esse,

200 1972 371 2017 quoniam
404 1985 477 2006 non
508 1975 553 2007 ita
592 1977 704 2010 inulto
737 1984 817 2011 ante
856 1980 883 2013 is
916 1987 1019 2024 poeta
1054 1981 1091 2014 in
1122 1979 1188 2014 hac

199 2020 319 2056 schola
343 2024 540 2058 luculenter
567 2035 752 2062 errari-atus
769 2037 841 2070 est,
871 2032 1020 2076 quibus,
1047 2032 1075 2065 si
1100 2033 1187 2066 rele-

197 2081 358 2118 geretur,
382 2076 561 2109 fastidium
580 2079 744 2122 repetitio
765 2081 929 2115 adferret.
958 2082 1072 2115 Video
1091 2084 1185 2115 enirn

198 2137 272 2158 non
307 2126 410 2159 aliter
442 2134 549 2174 atque
573 2130 678 2173 vulgo
708 2130 826 2171 aiunt,
860 2145 972 2166 novas
1002 2134 1186 2168 cantiones

198 2177 414 2220 gratissimas
429 2190 520 2219 esse,
540 2180 586 2212 ita
606 2194 668 2214 vos
688 2182 890 2216 avidissime
907 2186 950 2217 ad
968 2196 1027 2218 eos
1043 2191 1185 2219 autores

199 2231 482 2271 cognoscendos,
522 2231 581 2276 qui
615 2232 760 2266 minime
800 2235 875 2267 noti
910 2248 949 2268 ac
983 2237 1184 2280 pervulgati

199 2285 299 2319 sunt,
325 2281 513 2315 confluere.
567 2282 795 2330 Quamquam
821 2286 928 2330 igitur
951 2288 1122 2327 verebar,
1145 2294 1185 2321 ut

200 2331 376 2373 accepturi
403 2334 521 2367 essetis
545 2347 692 2378 poema,
716 2338 813 2382 quod
839 2337 989 2381 gratiam
1015 2338 1185 2373 novitatis

199 2381 305 2424 paulo
335 2389 415 2415 ante
443 2384 555 2424 exuit,
587 2393 706 2420 tamen
730 2389 955 2422 confirmavit
981 2402 1035 2423 me
1059 2402 1182 2424 eorum

234 2514 263 2546 1)
283 2515 327 2539 Sic
344 2516 410 2539 hacc
427 2518 560 2546 praefatio
581 2518 715 2548 inscripta
734 2523 777 2544 est
797 2523 822 2545 in
842 2523 924 2547 Editt.
949 2524 1022 2548 1541.
1039 2525 1081 2551 F..
1103 2525 1184 2548 1564.
1210 2525 1215 2554 Ι

267 2550 315 2576 L..
336 2550 422 2578 1569..
444 2552 527 2575 1581..
550 2553 641 2577 1591.;
661 2554 685 2576 in
708 2555 788 2578 Editt.
810 2557 902 2585 1532,
925 2558 999 2581 1562.
1019 2562 1109 2581 autem
1129 2559 1183 2582 sic:

268 2583 433 2611 „Praefatio
465 2585 490 2608 in
523 2586 668 2610 Hesiodum
700 2587 766 2612 Phil.
793 2590 1046 2621 Melanchtlionis'’‚
1079 2592 1106 2615 in
1132 2592 1181 2616 Ed.

240 2616 242 2619 '
271 2618 398 2641 1541.B.:
419 2618 509 2644 ..Phth
523 2620 737 2644 Melanchthonis
755 2623 781 2646 in
794 2625 940 2649 Hesiodum
961 2624 1135 2657 praefatio.'’3
1156 2626 1182 2649 in

269 2652 351 2676 Editt.
373 2652 446 2676 1541.
466 2654 515 2683 A„
536 2655 627 2682 1544..
649 2656 740 2683 ¹559„
762 2658 835 2681 15⁶4.
854 2660 903 2687 A„
924 2661 1014 2687 1570..
1034 2660 1127 2691 1552,
1155 2660 1181 2683 in

269 2686 366 2715 (nribus
386 2688 506 2710 secundo
531 2688 590 2710 loco
611 2689 700 2717 posita
718 2692 776 2719 est,
797 2692 851 2715 sie:
879 2694 1045 2721 „Praefatio
1071 2695 1097 2718 in
1123 2695 1180 2718 He-

269 2720 373 2743 siodum
412 2727 426 2744 n
446 2721 594 2746 Erant-isco
608 2723 766 2747 Vinaricnsi
786 2726 929 2752 νει-118133·

1243 1656 1435 1696 iudicium,
1467 1657 1511 1688 de
1542 1667 1696 1700 quorum
1732 1655 1881 1689 consilio
1909 1655 2106 1689 Hesiodum
2131 1668 2233 1690 enar-

1242 1709 1395 1740 randum
1427 1707 1586 1751 suscepi,
1617 1707 1697 1752 qui,
1728 1708 1825 1752 quod
1858 1706 1933 1740 eius
1957 1713 2085 1751 poetae
2113 1708 2233 1751 cogni-

1243 1759 1377 1792 tionem
1406 1758 1562 1791 maxime
1595 1758 1800 1802 frugiferam
1840 1764 1873 1790 et
1908 1757 2049 1790 liberali
2087 1757 2231 1802 ingenio

1243 1809 1487 1855 dignissimam
1513 1821 1586 1843 esse
1613 1809 1835 1848 statuebant,
1871 1820 1976 1852 saepe
2000 1809 2230 1853 relegendum

1243 1874 1316 1895 esse
1339 1861 1556 1895 iudicabant.
1614 1859 1706 1894 Nam
1740 1872 1818 1893 cum
1845 1872 2012 1903 magnam
2036 1860 2229 1895 utilitatem

1241 1911 1371 1946 habeat
1394 1911 1615 1957 relection),
1638 1917 1673 1944 et
1696 1910 1900 1955 diligentius
1924 1912 2171 1955 expendantur
2195 1918 2231 1946 et

1241 1965 1346 1998 altius
1380 1963 1673 2007 introspiciantur
1704 1975 1764 2002 ea,
1807 1974 1899 2007 quae
1936 1962 2229 2010 retractamus²);

1240 2023 1320 2049 sunt
1347 2015 1462 2055 enim,
1484 2020 1523 2047 ut
1547 2013 1662 2053 scitis,
1687 2011 1855 2060 δευτέραι
1880 2011 2079 2060 φροντίδες
2105 2024 2229 2060 συφω-

1238 2066 1396 2112 τέραι3);
1422 2067 1499 2097 fore
1525 2064 1812 2102 arbitrabantur,
1844 2070 1883 2096 ut
1897 2063 2079 2096 neminem
2103 2064 2228 2108 poeni-

1239 2123 1328 2150 teret
1352 2115 1547 2149 Hesiodum
1579 2127 1619 2147 ex
1652 2114 1841 2147 intervallo
1868 2120 2063 2157 regustasse
2085 2120 2119 2147 et
2142 2128 2227 2160 pro-

1238 2165 1328 2212 ρίυεχ
1342 2166 1569 2212 cognovisse,
1601 2166 1699 2199 cuius
1729 2166 1773 2199 de
1805 2165 1970 2199 omnibus
2002 2165 2126 2199 officiis
2151 2172 2224 2200 tam

1238 2218 1387 2253 honesta
1415 2224 1605 2263 praecepta
1628 2223 1731 2257 sunt,
1762 2223 1834 2249 tam
1859 2217 1993 2250 multae
2017 2217 2225 2260 sententiae,

1238 2283 1329 2317 quae
1346 2270 1390 2303 ad
1407 2269 1545 2302 abditas
1563 2275 1597 2302 et
1623 2269 1801 2302 abstrusas
1818 2267 1855 2300 in
1870 2274 1999 2302 natura
2015 2281 2072 2303 res
2094 2281 2225 2313 cogno-

1237 2323 1382 2356 scendas
1404 2320 1551 2360 faciunt,
1573 2326 1613 2353 ut
1628 2331 1813 2364 nunquam
1838 2320 1881 2352 de
1906 2331 2015 2354 manu
2041 2320 2224 2366 deponen-

1238 2375 1302 2407 dns
1318 2373 1491 2406 videatur.
1546 2371 1639 2405 Nam
1663 2371 1724 2417 qui
1750 2377 1915 2404 numerat
1938 2371 2078 2416 potius,
2113 2382 2221 2417 quam

1273 2523 1318 2550 la)
1337 2521 1405 2545 Huic
1430 2521 1490 2545 voci
1510 2521 1536 2544 in
1555 2520 1638 2545 Editt.
1662 2522 1752 2547 ¹559..
1781 2521 1852 2544 1564.
1872 2521 1921 2549 A„
1949 2519 2023 2543 1567.
2042 2519 2069 2543 in
2095 2518 2223 2551 margine

1304 2556 1444 2585 adscripta
1462 2557 1525 2578 sunt
1550 2556 1648 2578 verba:
1669 2554 1884 2578 Retractationis
1906 2554 2020 2577 utilitas.

1268 2607 1298 2635 2]
1321 2605 1516 2638 retractamus]
1536 2606 1577 2629 sic
1598 2606 1682 2630 Editt.
1706 2606 1789 2635 1532..
1812 2606 1896 2631 1541..
1917 2605 2005 2634 1544„
2025 2605 2111 2638 1552,
2131 2604 2218 2635 1559„

1304 2641 1396 2672 1562,
1430 2642 1504 2666 1564.
1523 2642 1572 2670 A.,
1608 2640 1699 2671 ¹5⁶7„
1729 2639 1934 2672 1591.;[kjditt.
1955 2639 2030 2663 156⁴.
2049 2640 2100 2672 h,
2129 2639 2216 2670 1569..

1304 2675 1395 2705 1570.‚
1417 2676 1489 2699 1581.
1509 2676 1668 2700 tractamus.

1268 2728 1299 2756 3)
1320 2725 1488 2758 corrrumpas]
1508 2727 1556 2750 Ed.
1577 2726 1652 2752 ¹587.
1673 2733 1768 2751 errore
1788 2729 1913 2758 typogr.:
1934 2725 2094 2758 σοφοτίριιι.
