2373 2980
164 105 238 140 887

214 189 259 223 Et
276 187 426 234 hydras3
455 199 475 220 o
494 184 616 218 miseri
635 181 812 228 hospites,

164 241 213 275 90
241 240 396 286 Quinam
409 265 417 278 ‚
444 238 538 271 unde
554 234 659 270 sunt?
686 246 761 268 non
777 239 913 266 norunt
930 233 1117 268 dominum

215 289 491 337 Polyphemum,
519 286 634 333 qualis
649 285 705 325 sit,
728 283 945 329 inhospitale
962 283 1157 332 hospitium

216 343 292 376 Hoc
311 340 548 385 ingredientes
560 365 570 378 ,
599 344 632 370 et
650 338 694 370 ad
713 336 879 382 Cyclopis
897 348 1005 380 genas

216 393 392 426 Vorantes
410 389 575 424 homines
594 388 781 421 infeliciter
796 387 989 423 venientes.

216 445 284 479 Sed
302 442 488 488 tranquilli
505 440 599 479 sitis,
626 445 666 473 ut
681 439 869 473 audiamus
881 465 890 479 ‚

165 494 214 530 95
242 495 346 528 Unde
365 494 534 526 accedant
552 490 709 525 Siculum
725 490 862 523 Aetnae
883 490 1014 524 locum.

220 548 331 591 Ulyss.
367 544 553 589 Hospites,
594 541 743 586 potestis
766 541 903 582 dicere,
944 552 1075 587 aquam
1098 539 1163 572 flu-

588 592 717 626 vialem
735 593 831 625 unde

219 647 301 682 Sitis
325 645 524 681 remedium
549 643 726 689 possimus
753 643 933 687 accipere,
976 647 1009 674 et
1032 639 1060 674 si
1086 638 1164 684 quis

579 695 656 728 vult

220 749 346 783 Cibum
363 748 518 781 vendere
535 746 653 779 nautis
669 743 934 789 indigentibus?

221 800 317 846 Quid
339 798 408 833 hoc
431 798 483 832 rei
511 796 585 831 est?
630 797 676 829 ad
695 794 829 829 Bacchi
853 796 977 828 urbem
1001 793 1166 826 videmur

583 847 760 892 appulisse
771 873 780 887 ,

171 904 245 937 100
270 903 327 936 Ad
346 907 446 934 antra
467 899 678 943 Satyrorum
690 924 700 938 ‚
727 896 822 931 hunc
841 907 984 940 gregem
1001 894 1125 931 vide03

220 953 346 986 Dicam
362 951 512 986 salutem
529 949 686 993 primum
703 948 790 982 seni.

221 1005 287 1040 Sil.
316 1003 437 1042 Salve,
464 999 612 1044 hospes,
639 998 786 1043 quinam
805 998 851 1032 sis
868 997 990 1036 dicito,
1019 1001 1054 1028 et
1068 1001 1166 1028 tuam

582 1049 750 1094 patriam.

225 1107 334 1150 Ulyss.
362 1101 503 1137 Ithacus
520 1101 664 1146 Ulysses
676 1127 685 1141 ,
713 1098 951 1145 Cephaleniae
967 1111 1040 1132 rex.

222 1158 288 1192 Sil.
315 1155 410 1189 Novi
424 1153 543 1187 virum
561 1153 747 1197 loquacem
759 1179 768 1193 ‚
797 1163 876 1185 acre
887 1148 1030 1195 Sisyphi
1047 1160 1168 1193 genus.

175 1207 247 1242 105
279 1208 388 1251 (71933.
415 1204 476 1238 Ille
496 1204 570 1248 ipse
585 1215 663 1236 sum
675 1229 684 1243 ,
712 1215 756 1236 ne
772 1202 981 1236 convicieris
999 1199 1099 1234 mihi.

224 1259 289 1294 Sil.
318 1257 422 1291 Unde
440 1257 484 1289 ad
503 1254 660 1289 Siciliam
678 1252 770 1287 hanc
785 1254 958 1298 navigans
977 1250 1086 1286 ades?

228 1311 339 1353 Clyss.
366 1308 421 1342 Ab
439 1306 503 1340 Ilio
524 1312 558 1339 et
572 1305 734 1338 Troiano
754 1306 859 1339 bello.

224 1363 290 1395 Sil.
326 1357 546 1404 Quomodo?
587 1356 774 1390 traiectum
800 1368 875 1389 non
899 1366 1006 1388 noras
1032 1352 1169 1398 patriae

586 1406 693 1440 tuae?

229 1463 337 1506 Ulyss.
353 1460 553 1493 Ventorum
570 1458 746 1502 procellae
761 1456 830 1491 huc
843 1470 900 1490 me
912 1461 1110 1501 rapuerunt
1123 1453 1169 1487 vi.

178 1514 248 1548 110
276 1514 343 1547 Sil.
368 1512 509 1556 Papae,
535 1508 658 1543 hauris
675 1510 823 1542 eandem
840 1510 1035 1547 fortunam,
1063 1517 1169 1552 quam

588 1568 621 1594 et
640 1573 716 1606 ego.

232 1617 342 1659 Ulyss.
368 1613 425 1646 An
443 1619 477 1646 et
494 1619 533 1646 tu
550 1610 619 1646 huc
636 1613 671 1645 vi
688 1613 813 1647 missus
832 1612 893 1648 es?

226 1668 291 1701 Sil.
318 1665 522 1700 Praedones
539 1676 773 1711 persequens,
800 1665 861 1710 qui
877 1660 1171 1708 rapueruntBac-

594 1713 712 1750 chum.
1198 1750 1200 1759 ⁴

231 1774 340 1817 t‘lyss.
369 1770 554 1816 Quaenam
576 1774 627 1802 est
643 1766 731 1801 haec
745 1766 865 1811 regio,
894 1772 928 1799 et
944 1764 1006 1811 qui
1030 1762 1088 1798 hic
1111 1762 1171 1798 ha·
1199 1772 1200 1776 ’

587 1818 729 1852 bitant?

228 1875 295 1909 Sil.
324 1875 503 1907 Aetnaeus
519 1870 676 1904 tumulus
694 1874 745 1904 est
760 1867 901 1901 Siciliae
918 1866 1121 1901 altissimus.

182 1925 252 1960 115
284 1926 394 1969 Ulyss.
420 1923 566 1956 Moenia
583 1921 646 1955 ubi
661 1927 762 1960 sunt,
791 1926 825 1953 et
839 1918 937 1953 urbis
956 1918 1097 1952 turres?

229 1978 295 2012 Sil.
321 1976 405 2011 Non
421 1981 522 2013 sunt;
549 1973 606 2008 isti
620 1972 750 2007 tumuli
765 1978 848 2005 sunt
864 1971 938 2006 sine
957 1968 1174 2007 hominibus,
1201 1958 1203 1962 ’

589 2024 730 2070 hospes.

235 2083 345 2126 Ulyss.
360 2079 433 2126 Qui
448 2076 582 2112 habent
599 2075 760 2111 terram?
789 2081 885 2109 estne
904 2073 1050 2119 aliquod
1067 2084 1176 2117 genus
1203 2108 1204 2115 ἵ

1202 2127 1205 2153 l

590 2126 775 2162 ferarum?

230 2186 297 2220 Sil.
327 2182 499 2228 Cyclopes
511 2207 520 2221 ‚
546 2186 649 2213 antra
665 2177 857 2217 habentes,
884 2188 958 2209 non
976 2176 1115 2209 domus.

235 2237 344 2280 Ulyss.
361 2233 428 2268 Cui
445 2231 641 2266 obediunt?
659 2242 705 2263 an
724 2229 883 2276 potentia
903 2234 953 2262 est
969 2225 1177 2271 popularis?

183 2288 255 2324 120
283 2288 350 2321 Sil.
384 2284 521 2319 Passim
545 2289 744 2327 vagantur,
782 2292 889 2315 nemo
917 2278 1020 2312 alteri
1043 2279 1177 2312 obtem-

602 2340 715 2378 perat.

237 2390 346 2434 L'lyss.
382 2386 615 2421 Seminantne
644 2384 758 2429 spicas
784 2381 949 2417 Cereris?
991 2387 1052 2414 aut
1084 2381 1177 2414 unde

595 2435 747 2469 vivunt?

233 2492 301 2527 Sil.
328 2489 435 2523 Lacte
452 2494 486 2521 et
503 2487 611 2521 caseis
630 2494 663 2520 et
680 2486 857 2532 pecudum
875 2497 946 2519 esu.

235 2544 343 2586 Ulyss.
370 2537 549 2574 Bacchiae
566 2545 690 2583 potum
707 2536 843 2571 habent
858 2549 899 2569 cx
914 2535 1013 2568 fluxu
1028 2533 1134 2568 vitis?

235 2595 302 2629 Sil.
329 2592 500 2631 Minime,
528 2591 704 2633 ingratam
722 2587 886 2622 habitant
904 2593 1051 2620 terram.

187 2645 259 2683 125
290 2646 401 2688 [11933.
417 2643 553 2677 Suntne
566 2639 758 2685 hospitales
776 2646 810 2673 et
825 2638 876 2684 pii
892 2637 983 2671 circa
998 2634 1178 2680 hospites?
1204 2632 1206 2646 '¹

236 2698 302 2732 Sil.
328 2694 558 2730 Dulcissimas
577 2693 700 2726 dicunt
715 2703 838 2725 carnes
855 2687 1013 2735 hospites
1029 2689 1133 2722 ferre.

746 96 867 131 PHlL.
901 96 1012 131 MEL.
1051 95 1251 131 SCRIPTA
1286 93 1624 131 PHILOLOGICA.

2136 97 2208 132 888

1266 184 1375 228 171933.
1404 181 1501 227 Quid
1526 178 1602 213 ais?
1640 177 1909 212 delectanturne
1934 179 2122 214 voratione
2145 179 2210 214 ho-

1626 229 1765 263 minum
1777 229 1794 263 ?

1264 287 1330 320 Sil.
1357 283 1474 318 Nemo
1492 280 1591 314 venit
1605 278 1695 321 huc,
1723 281 1785 326 qui
1800 292 1874 314 non
1892 281 2095 316 interfectus
2113 282 2170 317 sit.

1269 337 1378 380 Ulyss.
1396 332 1473 377 Ipse
1491 338 1607 366 autem
1619 331 1771 377 Cyclops
1787 332 1849 366 ubi
1866 332 1940 366 est?
1965 345 2011 366 an
2025 333 2063 366 in
2079 332 2213 367 domo?

1217 387 1289 421 130
1315 387 1380 420 Sil.
1408 383 1508 417 Abiit
1525 384 1569 416 ad
1579 383 1732 416 Aetnam
1744 409 1754 423 ,
1779 384 1871 417 feras
1888 396 2038 429 sequens
2055 385 2215 420 canibus.

1271 438 1381 481 Ulyss.
1410 435 1506 476 Scis,
1535 434 1621 480 quid
1639 434 1873 481 faciemus-⁹),
1907 441 1947 469 ut
1969 436 2148 471 solvamus
2170 448 2213 470 ex

1631 483 1697 519 hac
1715 485 1837 520 terra?

1269 541 1335 574 Sil.
1364 538 1446 572 Non
1463 536 1555 574 sci0;
1583 538 1643 570 sed
1663 537 1750 582 quid
1766 538 1882 578 voles,
1910 538 1976 571 tibi
1994 539 2124 574 fecero.

1272 591 1382 633 Ulyss.
1409 587 1534 621 Vende
1550 588 1655 622 nobis
1672 589 1807 629 cibum,
1835 601 1907 635 quo
1926 602 2079 634 egemus.

1269 642 1336 675 Sil.
1364 640 1447 674 Non
1466 645 1536 679 est,
1563 645 1603 673 ut
1619 639 1710 680 dixi,
1738 647 1882 684 praeter
1896 652 2052 676 carnem.

1220 691 1293 726 135
1324 692 1433 736 Ulyss.
1458 689 1593 724 Verum
1612 691 1712 724 dulce
1728 691 1832 726 samis
1849 698 1883 725 et
1898 692 1986 726 illud
2004 691 2217 728 remedium.

1270 745 1336 778 Sil.
1364 742 1409 775 Et
1426 753 1547 775 caseus
1563 742 1804 782 succulentus,
1833 750 1867 776 et
1884 743 1938 776 lac
1955 744 2070 778 bovis,

1274 795 1384 838 Ulyss.
1409 792 1560 831 Efferte;
1588 793 1647 826 lux
1665 794 1759 826 enim
1778 794 2019 829 contractibus
2040 794 2217 829 convenit.

1270 847 1336 879 Sil.
1359 844 1417 877 Tu
1433 856 1518 877 vero
1536 844 1591 877 dic
1608 842 1710 885 mihi,
1727 852 1901 890 quantum
1920 847 2047 880 reddes
2065 845 2217 880 aurum?

1275 897 1386 940 Ulyss.
1414 895 1498 929 Non
1517 907 1644 929 aurum
1656 922 1665 935 ,
1693 899 1752 929 sed
1772 897 1899 940 pocula
1917 895 2051 930 Bacchi
2065 898 2154 930 fero.

1223 946 1297 980 140
1324 948 1390 980 Sil.
1419 945 1464 979 Et
1483 946 1618 990 optima
1635 946 1741 987 dicis,
1768 960 1840 993 quo
1865 954 1953 992 potu
1979 960 2123 993 egemus
2145 947 2219 980 iam

1637 997 1710 1031 diu.

1276 1049 1385 1091 Ulyss.
1401 1047 1511 1092 Atqui
1521 1047 1652 1080 Maron
1667 1046 1756 1081 mihi
1772 1055 1896 1093 potum
1914 1049 2024 1090 dedit,
2040 1048 2220 1085 filiusDei'.

1272 1100 1338 1132 Sil.
1367 1098 1483 1142 Quem
1503 1098 1575 1131 alui
1595 1110 1745 1142 puerum
1764 1111 1828 1143 ego
1845 1100 1882 1132 in
1901 1101 1989 1135 meis
2004 1098 2184 1135 brachiis?

1277 1150 1386 1193 Ulyss.
1412 1146 1546 1181 Bacchi
1562 1149 1653 1183 filius
1666 1176 1675 1190 ‚
1702 1157 1742 1184 ut
1759 1151 1888 1184 clarius
1904 1151 2005 1186 scias.

1273 1202 1339 1234 Sit.
1366 1199 1406 1232 In
1423 1200 1552 1233 tabulis
1568 1201 1715 1234 navisne
1733 1208 1802 1242 est,
1830 1213 1876 1234 an
1891 1202 1962 1236 fers
1978 1202 2119 1236 tecum?

1226 1250 1298 1285 145
1329 1252 1438 1296 Ulyss.
1461 1249 1529 1286 Iste
1545 1252 1718 1286 utriculus
1735 1259 1805 1293 est,
1834 1253 1897 1299 qui
1914 1254 2067 1288 occultat
2082 1253 2220 1294 vinum,

1630 1309 1670 1337 ut
1686 1303 1803 1345 vides,
1831 1317 1949 1340 senex.

1275 1355 1340 1388 Sil.
1368 1352 1436 1388 Iste
1452 1366 1497 1388 ne
1515 1354 1660 1400 quidem
1679 1367 1805 1399 genam
1823 1357 1980 1401 expleret
1995 1368 2126 1390 meam.

1278 1406 1387 1449 Ulyss.
1416 1405 1519 1439 Certe
1534 1405 1588 1439 bis
1604 1412 1724 1440 tantus
1744 1413 1868 1450 potus,
1896 1413 2051 1452 quantus
2075 1407 2154 1440 fluit
2179 1417 2221 1438 ex

1633 1457 1798 1491 utriculo.

1274 1508 1340 1541 Sil.
1366 1504 1562 1541 Pulchrum
1579 1507 1714 1541 fontem
1732 1508 1872 1548 dixisti,
1900 1514 1935 1541 et
1951 1515 2093 1552 gratum
2109 1505 2212 1540 mihi.

1280 1559 1388 1603 Ulyss.
1416 1558 1495 1599 Vis,
1523 1560 1702 1603 praebebo
1721 1560 1937 1604 gustandum
1952 1559 2086 1604 primo,
2113 1569 2223 1604 quam

1635 1611 1680 1645 sit
1695 1623 1835 1644 merum
1847 1610 1862 1642 ?

1228 1661 1300 1696 150
1326 1662 1393 1696 Sil.
1421 1659 1556 1695 Iustum
1575 1668 1644 1699 est;
1673 1660 1916 1706 praegustatio
1933 1662 2028 1695 enim
2046 1673 2122 1695 non
2144 1672 2223 1693 mu-

1634 1720 1687 1747 tat
1704 1713 1935 1758 emptionem.

1281 1767 1390 1809 Ulyss.
1416 1765 1534 1810 Atque
1552 1763 1657 1798 traho
1676 1765 1842 1809 poculum
1862 1776 1941 1797 cum
1958 1769 2051 1797 utre.

1276 1818 1341 1852 Sil.
1369 1816 1443 1860 Age
1463 1816 1629 1857 excutias,
1657 1823 1707 1857 ut,
1726 1828 1805 1849 cum
1821 1815 1959 1855 bibero,
1986 1813 2109 1854 sciam,
2137 1824 2224 1858 qua-

1638 1868 1670 1901 le
1695 1867 1752 1902 sit.

1283 1919 1393 1962 01933.
1409 1917 1511 1952 Ecce.
1557 1920 1623 1954 Sil.
1647 1919 1766 1965 Quam
1783 1919 1918 1953 bonum
1935 1916 2043 1951 habet
2060 1914 2223 1950 odorem!

1283 1971 1393 2014 Ulyss.
1421 1968 1624 2004 Vidistine?

1281 2023 1346 2056 Sil.
1372 2020 1456 2054 Non
1474 2033 1536 2065 per
1553 2020 1673 2054 Iovem
1685 2048 1694 2061 ‚
1720 2020 1845 2066 sed⁹³)
1865 2019 2006 2054 olfacio.

1231 2071 1305 2107 155
1343 2073 1452 2117 Η1933.
1486 2072 1597 2107 Gusta
1621 2085 1736 2112 nunc,
1778 2079 1818 2106 ut
1850 2084 1924 2105 non
1955 2070 2073 2104 verbis
2103 2069 2225 2102 laudes

1649 2131 1803 2157 tantum.

1281 2177 1348 2210 Sil.
1375 2175 1512 2208 Saltare
1528 2187 1585 2208 me
1604 2175 1731 2208 invitat
1747 2172 1919 2207 Bacchus.

1286 2228 1396 2271 [11933.
1423 2226 1518 2260 Num
1538 2232 1676 2259 tantum
1695 2232 1816 2270 guttur
1832 2223 1999 2257 titillabat
2017 2220 2133 2255 bene?

1282 2280 1347 2312 Sil.
1373 2277 1494 2322 Usque
1511 2279 1555 2310 ad
1575 2283 1751 2311 extremos
1766 2287 1900 2319 ungues
1916 2273 2092 2319 pervenit.

1286 2330 1394 2373 Ulyss.
1423 2329 1479 2361 Ad
1495 2326 1563 2361 hoc
1582 2328 1689 2361 etiam
1704 2327 1892 2373 pecuniam
1911 2325 2085 2359 dabimus.

1234 2381 1306 2414 160
1333 2381 1399 2415 Sil.
1428 2379 1481 2412 Da
1501 2380 1624 2413 vinum
1640 2381 1770 2419 modo,
1798 2378 1922 2412 omitte
1942 2388 2083 2410 aurum.

1286 2433 1395 2476 Ulyss.
1421 2430 1554 2464 Efferte
1574 2443 1694 2465 caseos
1712 2438 1746 2464 et
1764 2430 1928 2475 pecudes.

1282 2484 1348 2518 Sil.
1376 2482 1517 2515 Faciam
1536 2480 1625 2515 nihil
1645 2494 1772 2516 curans
1789 2493 1907 2514 meum
1925 2477 2125 2512 dominum.

1204 2583 1206 2623 ξ
1265 2587 1295 2614 9)
1315 2585 1460 2612 faciemus]
1480 2583 1519 2606 sic
1541 2583 1622 2605 Editt.
1640 2582 1729 2610 1558..
1751 2581 1841 2609 1562.;
1868 2579 1950 2603 Editt.
1970 2578 2070 2602 recent.
2091 2578 2137 2605 (=
2156 2574 2224 2599 text.

1301 2620 1357 2651 gr.)
1378 2619 1462 2642 facies
1483 2618 1573 2646 [Fix.:
1599 2617 1711 2644 facias}

1265 2662 1318 2694 aa)
1338 2662 1400 2691 sed]
1414 2659 1612 2690 sic(=Eu1-ip.
1629 2655 1701 2690 ἀλλ’)
1712 2652 1793 2683 mitt.
1807 2658 1879 2682 1558.
1896 2659 1922 2680 et
1935 2656 2068 2686 recentt.3
2087 2653 2136 2677 Ed.
2149 2649 2223 2675 ¹562.

1301 2698 1387 2721 deest.
