2373 2980
91 112 142 150 85

194 197 293 231 Mars
310 196 417 229 efficit
439 202 627 230 cruentum
643 201 808 241 sputum,
834 195 1091 229 inflammatio-

47 292 49 297 *
92 263 154 284 nes
172 247 374 294 pulmonis,
405 246 582 288 scabiem,
607 247 801 288 sectiones,
826 246 1004 287 ustiones,
1031 257 1091 279 ve-

270 109 412 146 XLVII.
446 108 845 145 INTERPRETATIO
871 108 1043 144 OPERIS
1069 110 1456 155 QUADRIPARTITI
1482 111 1764 146 PTOLEMAEI
1793 112 1881 148 LIB.
1899 112 1956 146 111.

2088 114 2136 148 86

1244 196 1291 229 Et
1316 197 1345 231 si
1367 210 1447 231 cum
1467 197 1606 232 Venere
1631 198 1699 232 erit
1720 198 1915 240 Saturnus,
1949 199 2138 234 infamiam

1145 251 1180 278 et
1198 246 1478 290 divulgationem
1503 249 1690 293 significat.
1753 249 1790 283 Si
1815 262 1901 283 vero
1926 249 2044 284 iuncta
2072 252 2139 285 erit

91 301 252 335 xationes
270 298 458 332 continuas
475 298 682 333 abditorum
708 298 974 339 membrorum,
1007 309 1091 342 pro-
1144 296 1348 338 Mercurio,
1387 299 1561 342 significat
1585 300 1755 334 auxilium
1781 314 1861 334 cum
1886 301 2007 343 lucro,
2042 304 2140 349 quod

46 343 47 348 ¹
93 359 172 398 pter
210 350 366 389 fistulas,
411 347 731 391 haemorrhoidas,
773 348 1091 389 inflammationes,

92 403 210 437 ulcera
228 400 391 440 urentia,
418 401 643 445 depascentia
669 413 833 440 carnem;
867 401 905 434 in
930 399 1091 434 mulieri-

92 454 158 488 bus
173 465 258 486 vero
277 452 442 492 abortus,
468 452 668 486 evulsiones
684 453 819 493 foetus,
854 458 917 486 aut
936 450 1092 486 arrosio-

93 517 167 539 nes.
221 503 318 536 Haec
335 502 385 535 ita
400 502 512 546 magis
528 503 637 543 fiunt,
671 515 750 537 cum
778 504 1007 548 planetarum
1028 515 1093 547 po-

95 556 202 595 situs,
241 555 303 600 qui
327 553 387 586 illa
413 553 507 586 mala
536 553 708 594 excitant,
752 554 920 587 convenit
945 555 990 586 ad
1015 553 1093 586 illas

95 605 256 651 corporis
283 610 413 649 partes.
470 602 517 637 Et
535 610 642 648 auget
668 606 762 638 mala
785 605 1004 644 Mercurius,
1031 604 1094 637 Sa-

96 665 202 691 turno
228 655 390 695 iunctus,
425 655 470 687 ad
493 655 728 699 frigiditatem
752 656 948 696 inclinans,
984 661 1019 688 et
1043 655 1094 688 fa-

95 708 189 742 ciens
204 705 383 740 assiduam
399 705 629 749 agitationem
646 713 681 740 et
697 707 1009 741 conturbationem
1028 703 1094 739 hu-

94 769 257 797 morum,
298 755 489 802 praecipue
513 757 605 790 circa
631 755 835 798 thoracem,
869 755 1094 791 stomachum

95 815 129 843 et
144 810 272 842 fauces.
326 807 436 840 Marti
456 820 541 841 vero
559 808 720 849 iunctus,
752 809 945 844 siccitatem
972 814 1092 852 auget:

94 867 134 895 ut
168 861 206 892 in
240 857 582 900 exulcerationibus,
631 860 868 904 depilatione,
918 859 1095 899 crustulis,

96 910 396 956 apostematibus,
425 909 614 955 erisypela,
641 910 850 956 impetigine
869 923 989 951 saeva,
1016 917 1092 944 atra

94 963 182 1003 bile,
211 961 402 1001 comitiali,
431 967 493 994 aut
512 961 700 996 similibus.

196 1012 243 1045 Et
258 1013 347 1045 fiunt
365 1012 554 1057 quailtates
576 1013 789 1046 morborum
812 1018 874 1046 aut
893 1011 1093 1046 laesionum

95 1063 236 1104 variae,
271 1063 367 1096 iuxta
393 1062 580 1107 signorum
602 1063 802 1104 rationem,
835 1075 927 1109 quae
950 1069 1034 1097 sunt
1057 1062 1096 1095 in

95 1116 233 1150 duobus
250 1113 468 1148 cardinibus.
522 1115 674 1159 Proprie
700 1115 795 1148 enim
813 1115 951 1148 Cancer
977 1121 1011 1147 et
1029 1113 1096 1147 Ca-

96 1168 306 1214 pricornus,
330 1165 456 1210 [Pisces
484 1171 519 1198 et
543 1172 701 1205 caetera,
737 1178 828 1211 quae
853 1167 984 1209 figuras
1008 1165 1096 1197 rese-

94 1225 180 1253 runt
206 1216 444 1249 animantium
470 1216 714 1256 terrestrium,
749 1223 811 1250 aut
836 1216 1010 1261 piscium,
1045 1216 1096 1248 fa-

96 1270 195 1303 ciunt
213 1268 379 1306 morbos,
407 1266 536 1311 quibus
563 1267 766 1311 depascitur
793 1280 898 1308 caro,
926 1273 960 1300 et
985 1267 1095 1312 impe-

97 1320 241 1364 tigines,
283 1314 513 1362 scrophulas,
556 1318 711 1358 fistulas,
758 1316 1030 1363 elephantiasim
1062 1324 1097 1351 et

96 1369 238 1406 similia.

197 1418 411 1463 Sagittarius
431 1425 465 1451 et
482 1418 627 1452 Gemini
651 1419 818 1453 adserunt
840 1418 959 1463 lapsus
984 1426 1017 1452 et
1039 1432 1096 1452 co—

96 1470 287 1509 mitialem;
325 1481 476 1515 cumque
499 1469 536 1502 in
559 1470 749 1514 postremis
776 1470 962 1514 signorum
986 1471 1096 1515 parti-

94 1525 159 1557 bus
175 1527 281 1555 erunt
297 1520 500 1561 maleficae,
534 1521 692 1554 efficiunt
714 1522 890 1556 laesiones
914 1528 975 1555 aut
999 1534 1095 1555 mor-

94 1576 159 1608 bos
176 1574 213 1606 in
230 1572 396 1606 extremis
414 1572 576 1615 partibus
591 1574 850 1613 membrorum,
880 1585 921 1606 ex
937 1573 1095 1607 laesione

95 1632 156 1659 aut
171 1625 285 1664 fluxu,
315 1622 377 1669 qui
403 1620 697 1668 elephantiasim,
723 1630 786 1658 aut
808 1625 1006 1670 podagras,
1033 1631 1095 1658 aut

96 1675 297 1719 chiragram
321 1674 446 1718 gignit.

198 1725 294 1759 Haec
321 1738 401 1759 cum
428 1725 476 1758 ita
499 1725 589 1766 sint,
628 1725 658 1760 si
680 1726 858 1759 beneficae
881 1739 957 1759 non
977 1727 1094 1761 fausto

95 1780 263 1822 adspectu
288 1776 455 1820 mitigant
480 1777 678 1817 maleficas,
713 1777 832 1810 morbi
856 1789 995 1816 causas;
1034 1785 1096 1812 aut

95 1830 124 1864 si
148 1841 224 1862 non
249 1828 451 1873 adspiciunt
475 1828 613 1861 lumina
637 1828 674 1861 in
701 1828 925 1869 cardinibus,
959 1830 1094 1863 malum

96 1887 147 1916 est
162 1887 266 1914 atrox
284 1885 319 1913 et
334 1879 545 1913 insanabile.

197 1930 294 1964 Idem
312 1931 392 1971 fiet,
420 1930 470 1971 si,
497 1929 662 1976 quamvis
685 1930 885 1975 adspiciant
907 1931 1095 1972 maleficas,

95 1988 311 2028 superantur
339 1988 481 2022 tamen,
523 1981 607 2027 quia
632 1981 813 2015 maleficae
839 1988 922 2015 sunt
947 1981 985 2015 in
1009 1982 1095 2017 locis

96 2033 369 2081 potentioribus.

197 2086 266 2119 Sed
297 2097 376 2117 cum
407 2083 586 2116 beneficae
618 2084 655 2116 in
683 2083 771 2117 locis
800 2084 1094 2145 cpnvenientibus

94 2144 193 2178 sunt,
236 2143 271 2170 et
293 2140 464 2180 superant
490 2135 686 2175 maleficas,
721 2135 809 2168 mali
832 2147 976 2176 causas,
1011 2142 1095 2169 tunc

94 2189 268 2224 laesiones
285 2186 404 2220 minus
427 2186 623 2226 deformes,
664 2192 699 2219 et
723 2199 798 2220 non
820 2187 945 2220 foedae
972 2194 1094 2226 erunt3

97 2247 131 2274 et
152 2239 271 2273 morbi
303 2243 408 2271 erunt
436 2237 635 2271 mediocres
673 2244 707 2271 et
738 2250 813 2271 non
843 2245 1000 2279 atroces,
1041 2239 1095 2271 iu-

94 2293 236 2326 terdum
268 2296 303 2324 et
333 2289 436 2322 facile
468 2289 666 2330 sanabiles,
707 2302 787 2323 cum
810 2290 988 2324 beneficae
1012 2296 1095 2324 sunt

96 2343 298 2377 orientales.

197 2393 333 2438 Iupiter
352 2391 447 2425 enim
471 2391 646 2436 siguificat
669 2389 859 2425 hominum
882 2392 1032 2433 auxilia,
1061 2398 1095 2429 et

96 2445 185 2479 solet
206 2445 380 2479 laesiones
408 2443 591 2488 opulentia
621 2449 683 2476 aut
714 2443 886 2488 dignitate
920 2445 1094 2484 minuere,

98 2502 132 2529 et
146 2497 291 2531 morbos
316 2495 440 2530 lenire.
497 2495 587 2529 Cum
604 2494 785 2529 Mercurio
811 2502 951 2537 autem,
988 2493 1095 2540 phar-

96 2559 197 2580 maca
215 2555 249 2581 et
267 2547 488 2580 medicorum
505 2560 609 2591 opem
633 2547 823 2591 significat;
860 2561 940 2581 cum
958 2547 1094 2580 Venere

98 2599 300 2633 occasiones
316 2599 487 2632 divinitus
506 2599 662 2639 oblatas,
693 2606 752 2632 aut
774 2600 939 2639 oracula,
964 2606 1002 2632 ut
1024 2600 1094 2631 lae-

97 2650 214 2684 siones
248 2651 366 2683 minus
397 2651 573 2684 deformes
605 2657 638 2683 et
671 2651 787 2684 minus
830 2651 973 2684 odiosae
1013 2651 1094 2684 sint.

98 2702 310 2736 Morborum
340 2714 424 2734 vero
449 2703 650 2735 curationes
677 2702 781 2735 efficit
808 2703 928 2734 (lisina
956 2714 1035 2746 ope.

1145 349 1288 382 accedet
1303 356 1452 394 propter
1468 351 1661 384 laesionem
1678 358 1740 385 aut
1754 353 1934 387 morbum.

1407 443 1461 475 De
1484 443 1704 488 qualitatibus
1730 446 1876 479 animae.

1247 515 1301 548 De
1323 527 1516 560 corporum
1538 517 1778 551 accidentibus
1800 516 1888 552 haec
1912 520 1957 554 sit
1977 522 2141 556 doctrina

1147 567 1361 611 compendio
1377 567 1521 602 tradita.
1574 568 1643 601 Sed
1658 568 1845 613 qualitates
1862 571 2020 612 animae,
2050 586 2142 619 quae

1146 618 1317 662 propriae
1344 624 1427 652 sunt
1452 619 1582 652 mentis
1607 625 1642 652 et
1664 619 1971 662 ratiocinationis,
1997 635 2144 658 sumun-

1147 675 1206 701 tur
1237 669 1275 702 in
1309 669 1457 713 singulis
1489 683 1531 704 ex
1553 670 1724 703 Mercurii
1756 671 1973 706 conditione.
2041 675 2143 719 Quae

1148 732 1233 752 vero
1251 720 1421 764 propriae
1437 727 1521 755 sunt
1538 721 1685 755 moralis
1707 722 1819 766 partis
1844 728 1879 755 et
1902 723 2032 757 virium
2057 725 2145 759 infe-

1147 771 1308 811 riorum,
1346 778 1537 806 sumuntur
1563 785 1581 805 a
1605 772 1802 806 luminibus
1829 775 2041 808 crassiorum
2069 789 2146 810 cor-

1146 834 1297 867 porum,
1324 819 1392 855 hoc
1410 829 1481 863 est,
1510 835 1529 856 a
1546 822 1646 856 Luna
1665 830 1699 857 et
1721 836 1738 856 a
1765 824 1874 858 stellis
1899 828 1943 858 ad
1969 839 2046 859 eam
2071 840 2146 861 am-

1146 873 1402 918 plificationem
1424 875 1677 908 coniunctione
1703 881 1765 908 aut
1789 877 1959 920 adspectu
1986 880 2144 923 configu-

1146 925 1246 958 ratis.

1251 983 1414 1030 Cumque
1432 996 1562 1029 magna
1580 984 1734 1018 varietas
1750 984 1796 1018 sit
1811 985 2087 1021 inclinationum
2112 996 2147 1023 et

1147 1041 1312 1069 motuum
1327 1036 1469 1069 animae
1480 1062 1489 1076 ,
1523 1034 1611 1069 haec
1629 1036 1867 1070 consideratio
1884 1050 1959 1071 non
1974 1039 2080 1073 unius
2096 1047 2148 1074 est

1149 1086 1267 1126 modi,
1295 1099 1361 1120 nec
1384 1093 1518 1120 temere
1543 1087 1704 1120 facienda
1728 1087 1803 1121 sine
1827 1088 2050 1129 discrimine:
2084 1093 2146 1125 sed

1149 1137 1269 1171 multis
1288 1144 1322 1170 et
1338 1138 1446 1172 variis
1464 1138 1677 1173 coniecturis
1695 1151 1784 1183 opus
1803 1146 1865 1173 est.

1251 1197 1405 1231 Multum
1424 1198 1519 1231 enim
1546 1199 1591 1231 ad
1617 1199 1758 1231 animae
1782 1199 2019 1244 proprietates
2043 1200 2145 1245 signa

1149 1248 1356 1289 conferunt,
1391 1249 1427 1282 in
1451 1249 1579 1295 quibus
1598 1249 1797 1284 Mercurius
1822 1257 1857 1284 et
1874 1250 1977 1285 Luna
2001 1264 2148 1287 versan-

1148 1306 1206 1334 tur
1228 1300 1403 1341 multum,
1431 1307 1465 1333 et
1490 1301 1672 1334 stellarum
1697 1302 1883 1345 adspectus
1909 1305 1954 1336 ad
1969 1303 2089 1337 Solem
2112 1311 2147 1337 et

1149 1353 1195 1384 ad
1218 1351 1402 1392 cardines,
1445 1358 1479 1384 et
1505 1358 1633 1385 natura
1661 1352 1848 1386 cuiuslibet
1871 1354 2036 1398 planetae
2062 1367 2146 1388 con-

1149 1415 1278 1447 gruens
1294 1402 1397 1436 certis
1414 1402 1708 1437 inclinationibus
1726 1404 1880 1439 animae.

1250 1462 1469 1508 Plerumque
1500 1469 1619 1496 autem
1643 1463 1742 1507 signa
1768 1463 1907 1508 tropica
1928 1465 2066 1498 faciunt
2092 1466 2146 1498 in-

1148 1513 1251 1557 genia
1277 1513 1388 1557 magis
1411 1514 1620 1558 popularia,
1644 1514 1772 1558 cupida
1796 1515 2085 1549 turbulentorum
2112 1523 2146 1550 et

1148 1564 1306 1598 civilium
1331 1565 1581 1609 negotiorum,
1621 1566 1756 1609 gloriae
1781 1565 1950 1610 cupidos,
1993 1567 2147 1601 cultores

1147 1616 1307 1650 numinis
1338 1616 1515 1657 coelestis,
1548 1616 1772 1661 ingeniosos,
1802 1618 1972 1659 mobiles,
1999 1618 2148 1663 diligen-

1147 1674 1199 1702 tes
1218 1668 1256 1701 in
1272 1667 1505 1714 inquisitione
1529 1674 1564 1701 et
1587 1668 1852 1702 examinatione
1869 1681 2011 1710 rerum,
2038 1671 2148 1704 soler-

1147 1726 1199 1753 tes
1223 1720 1260 1752 in
1285 1719 1493 1753 inventione
1519 1726 1553 1752 et
1576 1719 1806 1761 coniecturis,
1848 1726 1882 1754 et
1905 1721 2146 1766 excogitandis

1148 1771 1436 1806 excusationibus
1453 1770 1631 1805 fatidicos.

1250 1823 1356 1866 Signa
1377 1835 1462 1856 vero
1479 1822 1692 1867 bicorporea
1708 1821 1845 1855 faciunt
1860 1821 1997 1862 varios,
2023 1822 2148 1856 incon-

1148 1880 1300 1914 stantes,
1327 1886 1401 1907 non
1415 1874 1570 1908 sinentes
1589 1886 1625 1907 se
1645 1873 1747 1906 facile
1772 1870 2015 1918 deprehendi,
2042 1875 2148 1915 leves,

1147 1925 1348 1966 instabiles,
1376 1925 1554 1970 duplices,
1582 1924 1800 1965 amatorios,
1826 1924 2050 1969 versipelles,
2075 1932 2148 1959 stu—

1147 1977 1268 2011 diosos
1301 1976 1471 2017 musices,
1512 1976 1682 2020 ignavos,
1722 1975 1840 2010 subito
1870 1982 2036 2020 paratos,
2077 1977 2146 2010 cito

1148 2035 1327 2062 mutantes
1345 2028 1560 2062 institutum.

1250 2079 1336 2112 Fixa
1355 2092 1463 2120 vero,
1490 2079 1621 2118 iustos,
1654 2090 1729 2111 non
1754 2084 1915 2112 amantes
1939 2078 2148 2112 assentatio-

1147 2145 1254 2172 num,
1280 2131 1443 2171 stabiles,
1477 2131 1617 2170 firmos,
1649 2129 1907 2174 intelligentes,
1942 2131 2150 2171 tolerantes,

1146 2184 1281 2218 laboris
1317 2183 1485 2227 cupidos,
1536 2182 1644 2215 duros
1662 2208 1672 2222 ,
1715 2182 1958 2221 continentes,
2009 2187 2150 2216 tenaces

1147 2236 1390 2275 simultatum,
1414 2233 1645 2279 pertinaciter
1666 2233 1858 2273 instantes,
1894 2233 2149 2274 contentiosos,

1147 2285 1329 2320 honorum
1361 2286 1527 2330 cupidos,
1567 2283 1771 2324 seditiosos,
1808 2296 1956 2324 avaros,
1991 2296 2150 2330 asperos,

1148 2338 1370 2373 inflexibiles.

1250 2389 1394 2424 Positus
1413 2400 1496 2421 vero
1514 2386 1704 2420 orientales
1720 2392 1754 2419 et
1769 2383 1991 2430 horoscopus
2003 2414 2012 2428 ‚
2046 2387 2150 2420 faciei

1149 2442 1328 2475 contuitus
1360 2440 1577 2484 significant,
1617 2437 1799 2479 liberales,
1841 2437 2038 2482 simplices,
2080 2439 2149 2473 sibi

1149 2495 1345 2539 placentes,
1372 2492 1501 2531 fortes,
1529 2489 1752 2534 ingeniosos,
1781 2490 1919 2523 veloces
1938 2496 1972 2522 et
1991 2496 2147 2535 apertos.

1250 2543 1451 2578 Matutinae
1475 2542 1644 2576 stationes
1670 2548 1703 2574 et
1720 2541 1757 2573 in
1776 2541 1894 2574 medio
1915 2542 2034 2582 coelo,
2064 2554 2147 2574 con-

1148 2598 1278 2635 sultos,
1322 2600 1607 2640 perseverantes,
1646 2593 1915 2636 magnanimos,
1955 2593 2049 2626 fideli
2074 2605 2147 2626 me-

1149 2649 1263 2681 moria
1288 2646 1490 2691 praeditos,
1533 2646 1746 2690 perfectores
1769 2657 1894 2677 eorum
1921 2657 2011 2688 quae
2040 2644 2146 2677 susci-

1149 2701 1270 2744 piunt,
1299 2699 1487 2737 immotos,
1517 2698 1700 2735 robustos,
1731 2708 1803 2729 non
1821 2696 1975 2729 sinentes
1993 2708 2028 2730 se
2044 2696 2146 2729 facile

1675 2745 1727 2781 θὲς
