2373 2980
119 66 220 101 1085
429 64 562 99 LXXII.
624 61 1018 100 INTERPRETATIO
1046 63 1286 101 EURIPIDIS
1313 64 1548 102 HERCULIS
1575 66 1823 104 FURENTIS.
2034 68 2134 101 *1086

165 151 211 184 Et
229 151 309 184 tulit
325 150 478 183 sidereas
496 151 622 184 domos

163 201 388 235 Fortitudine
405 200 527 234 divina
539 201 598 246 ⁴³²).

456 303 665 351 [Strophe
692 304 755 353 3.]

162 371 207 406 Et
223 373 266 406 ad
285 372 475 406 exercitum
495 379 693 418 equestrem
711 372 933 407 Amazonum

163 423 264 457 Circa
284 423 454 456 Maeotim
472 423 699 457 {luminosam

111 475 185 509 410
207 473 275 507 lvit
295 486 359 518 per
375 474 500 507 fluctus
518 473 676 508 Euxinos
694 474 842 519 paludis.

160 525 277 569 Quem
296 536 370 557 non
388 537 429 557 ex
446 524 594 557 Graecia

162 575 310 609 Coetum
331 575 529 608 amicorum
546 575 726 619 colligens,

158 626 214 659 Ad
232 627 367 670 puellas
384 626 534 659 Martias
552 626 741 670 peplorum

158 677 314 711 Auream
334 678 377 709 ad
397 683 543 716 vestem,

108 726 182 763 415
203 727 259 761 Ad
276 727 513 772 perniciosam
532 728 757 761 venationem
775 724 906 760 balthei
922 724 936 756 2³

159 779 308 812 Graecia
325 778 458 822 accepit
475 777 623 821 pulchra

158 829 277 874 Spolia
296 829 433 873 puellae
448 829 635 867 barbarae,

155 879 201 913 Et
219 886 406 913 servantur
424 879 596 924 Mycenis.

154 929 200 964 Et
219 931 407 964 innumera
416 929 462 976 ⁴⁸)
480 929 593 973 capita
611 926 800 960 habentem

107 981 180 1018 420
207 981 339 1014 Canem
362 980 557 1013 clamosum
576 977 713 1012 Lernae

154 1031 313 1076 Hydram
332 1031 406 1074 igni
422 1030 563 1069 delevit,

153 1081 200 1115 Et
216 1081 293 1116 telis
314 1081 466 1126 perculit

156 1133 410 1176 Tricorporem
423 1158 432 1172 ‚
450 1131 578 1176 quibus

155 1182 296 1216 Occidit
311 1189 491 1226 pastorem
509 1178 678 1225 Erythiae
688 1179 746 1223 44).

135 1350 182 1382 42)
202 1351 237 1375 Et
255 1349 290 1374 ad
309 1359 342 1365 —
361 1345 462 1370 divina.
490 1346 545 1376 (vs.
566 1343 754 1374 394-407.)]
782 1344 821 1366 sic
848 1343 895 1368 Ed.
921 1342 1012 1366 1552.z

169 1384 263 1409 1558.:

205 1415 434 1444 cantatricesque
453 1413 486 1436 ad
507 1412 628 1442 virgines

203 1451 304 1479 Venit,
325 1447 485 1477 Hesperiam
506 1447 541 1469 ad
558 1446 659 1473 aulam,

204 1484 304 1510 Aureis
323 1483 358 1505 ab
378 1481 461 1504 ramis
481 1485 558 1510 poma
576 1480 709 1503 ferentem

203 1521 286 1543 Manu
305 1517 422 1539 fructum
442 1514 627 1543 destringens,

202 1554 329 1577 Dracone
347 1550 464 1572 habente
483 1548 587 1570 fulvum
607 1548 728 1573 dorsum,

205 1586 255 1616 Qui
274 1582 493 1608 inaccessibilem
513 1581 587 1604 iuxta
604 1586 708 1604 ramum

201 1621 317 1644 Bauium
336 1616 516 1645 custodiebat,

202 1653 370 1678 Interfecto,
391 1650 565 1678 marinosque
583 1649 669 1672 maris

203 1691 338 1713 Secessus
354 1685 498 1712 ingressus
519 1684 578 1712 est,
603 1683 764 1706 mortalibus

202 1720 343 1747 Columnis
361 1717 511 1748 insignitos
529 1717 634 1740 faciens
655 1717 842 1748 remigatione.

203 1756 334 1785 coelique
354 1754 402 1777 sub
422 1752 536 1775 mediam

201 1789 318 1815 Sustulit
336 1792 431 1810 manus
451 1786 553 1812 sedem,

200 1823 321 1849 Atlantis
346 1821 451 1844 domum
470 1819 614 1842 accedens.

201 1857 412 1885 Stelliserasque
433 1852 565 1876 sustinuit
584 1852 677 1876 domos

201 1894 257 1916 Sua
274 1889 451 1919 fortitudine,
473 1887 599 1910 Deorum.

132 1953 179 1981 43)
199 1946 355 1979 innumera]
373 1947 422 1970 Ed.
436 1945 509 1969 1562.
529 1945 599 1968 male
620 1945 789 1970 disiunctim:
812 1947 836 1969 in
859 1953 980 1971 uinum-a.

1446 153 1755 202 [Anti-strophe
1788 153 1843 202 3.]

1153 234 1227 271 425
1253 238 1369 282 Atque
1387 238 1540 272 aliorum
1557 251 1723 273 cursuum
1742 238 1899 284 praemia
1916 238 2095 269 fortunato

1204 286 1361 323 Confert.
1413 288 1695 336 Lachrymosum

1202 338 1258 370 Ad
1275 338 1464 373 Plutonem
1481 341 1603 375 labore
1620 348 1801 386 postremo
1822 338 2015 383 navigavit.

1203 387 1253 420 Ut
1266 388 1372 422 miser
1388 391 1506 425 finiret

1202 437 1320 471 Vitam
1333 466 1341 479 ‚
1363 452 1477 487 neque
1496 443 1612 477 rediit.

1150 494 1224 530 430
1249 496 1386 531 Domus
1403 506 1521 533 autem
1539 501 1613 534 sine
1632 501 1753 535 amicis
1770 507 1831 534 est.

1200 546 1299 580 Hanc
1318 560 1402 581 vero
1421 551 1495 583 sine
1512 552 1628 585 reditu
1642 552 1837 585 liberorum

1201 595 1392 632 Charontis
1413 602 1514 634 navis
1532 610 1692 646 expectat

1199 648 1324 681 Finem
1342 649 1433 682 vitae
1453 651 1613 695 impiam,

1199 697 1390 737 Iniustam;
1421 701 1457 733 in
1475 708 1553 736 tuas
1569 715 1696 736 manus

1147 756 1221 791 435
1246 757 1405 803 Respicit
1421 772 1548 804 corpus
1566 761 1772 806 praesentis.

1197 808 1304 853 Quod
1326 810 1355 843 si
1374 822 1437 853 ego
1459 812 1685 855 pubescerem
1705 811 1850 848 viribus,

1197 858 1241 892 Et
1257 858 1394 893 hastam
1412 862 1447 894 in
1465 874 1583 906 pugna
1600 864 1741 896 vibrare
1758 872 1908 906 possem,

1198 909 1244 942 Et
1263 909 1520 946 Thebanorum
1536 915 1675 947 coaevi:

1196 960 1364 995 Adessem
1381 963 1501 996 liberis

1146 1019 1220 1054 440
1247 1020 1302 1054 Vi.
1355 1020 1458 1055 Nunc
1476 1029 1594 1055 auten}
1611 1023 1706 1055 deest

1194 1069 1284 1104 Mihi
1299 1072 1381 1105 felix
1398 1072 1573 1107 iuventus.

1196 1121 1264 1155 Sed
1280 1122 1383 1155 video
1402 1121 1465 1157 hos
1481 1131 1707 1157 mortuorum

1195 1172 1369 1206 Vestitum
1387 1172 1531 1215 habere,

1195 1223 1304 1257 Filios
1322 1226 1443 1268 magni
1461 1226 1654 1271 aliquando

1143 1280 1218 1316 445
1238 1282 1354 1316 Antea
1370 1284 1552 1324 Herculis,
1575 1291 1607 1318 et
1626 1282 1769 1317 charam
1789 1295 1935 1317 uxorem

1042 1340 1088 1363 led·
1193 1332 1411 1367 Trahentem
1431 1337 1600 1369 catenatis
1615 1336 1763 1380 pedibus

1192 1382 1340 1418 Liberos
1359 1392 1393 1418 et
1409 1398 1528 1420 senem
1545 1393 1683 1431 patrem
1701 1386 1872 1419 Herculis.

1192 1434 1250 1467 Me
1268 1436 1450 1477 miserum,

1192 1484 1273 1518 Non
1290 1498 1434 1529 possum
1453 1488 1635 1521 continere
1654 1485 1954 1532 lachrymantium

1140 1541 1215 1577 450
1241 1544 1438 1579 Oculorum
1457 1547 1621 1581 senilium
1637 1547 1750 1581 fontes
1761 1546 1817 1591 45).

1173 1727 1219 1757 45)
1239 1728 1327 1758 Atque
1346 1741 1379 1746 -
1398 1729 1496 1754 fontes.
1522 1730 1578 1762 (vs.
1597 1730 1786 1761 425—450.)]
1816 1730 1855 1753 sic
1880 1731 1928 1754 Ed.
1952 1729 2042 1759 1562.3
2074 1729 2122 1752 Ed.

1210 1762 1300 1787 1558.:

1242 1805 1430 1835 Cui-suumque
1449 1807 1565 1830 aliorum
1584 1809 1757 1831 monumenta
1777 1807 1869 1830 felicia

1243 1838 1414 1869 Peragravit.
1450 1842 1668 1870 Lachrymosuui

1240 1873 1386 1903 Nax-figavit
1405 1875 1438 1897 ad
1458 1875 1618 1905 Plutonem,
1638 1876 1758 1899 laborum
1779 1876 1869 1899 finem.

1243 1907 1292 1929 Ubi
1310 1908 1454 1931 defunctus
1475 1910 1517 1932 est
1536 1909 1620 1932 miser

1241 1941 1325 1968 Vita,
1345 1948 1395 1965 nec
1415 1949 1546 1965 reversus
1566 1946 1616 1967 est.

1239 1975 1322 1998 Tecta
1340 1982 1406 1999 vero
1425 1981 1520 1999 carent
1542 1978 1644 2001 aulicis.

130 2013 180 2041 44)
205 2011 347 2041 pastorem
369 2004 529 2035 Erythiae]
556 2003 599 2027 his
622 2004 650 2028 in
677 2011 762 2036 marg.
790 2006 838 2030 Ed.
862 2007 935 2030 1562.
963 2008 1082 2033 additum
1240 2009 1318 2031 lianc
1337 2012 1428 2033 autem
1448 2017 1502 2033 nou
1522 2012 1647 2035 reducem
1666 2012 1723 2035 suis
1744 2012 1838 2035 liberis

164 2047 208 2070 est
240 2048 337 2067 nomen
362 2041 432 2064 eius:
469 2037 687 2069 „Geryonem”
711 2051 746 2057 —
778 2041 811 2063 Et
837 2041 870 2063 ad
890 2053 922 2057 -
942 2041 1082 2071 Επ)·ῑὴίίιθ.
1241 2042 1387 2066 charontis
1407 2046 1498 2067 manet
1518 2045 1545 2067 in
1565 2052 1634 2070 nave
1655 2044 1736 2078 [yn-o:
1755 2045 1859 2077 navis]-

165 2082 223 2109 (vs.
236 2074 425 2102 498—424.)]
446 2072 486 2095 sic
504 2073 554 2096 Ed.
569 2073 661 2102 1562,;
680 2073 729 2098 Ed.
751 2074 844 2098 1558:

198 2112 416 2143 Equestremque
433 2107 602 2130 Amazonum
623 2107 783 2133 exercitum,

198 2145 319 2171 Maeotin
336 2144 409 2167 circa
427 2140 597 2164 flumiuosam

198 2181 251 2205 lvit
270 2185 318 2209 per
336 2176 469 2201 Euxinum
489 2180 572 2204 mare,

199 2216 347 2245 Quemnam
366 2217 420 2234 non
439 2215 456 2232 a
474 2209 591 2232 Graecia
612 2241 617 2246 .

198 2248 354 2273 Exercitum
373 2248 547 2274 congregans
564 2247 725 2271 amicorum.

198 2282 325 2310 Virginis
344 2278 489 2304 bellicosae
508 2276 649 2305 peplorum

199 2310 319 2341 Aureum
337 2314 372 2338 ad
388 2312 525 2341 amictum,

198 2349 302 2375 Balthei
320 2349 355 2372 ad
373 2345 544 2377 pernici0sas
562 2345 688 2374 praedas

197 2385 306 2413 Inclyta
325 2387 393 2405 vero
412 2379 529 2403 Graecia
547 2379 651 2408 accepit

199 2419 341 2443 Barbarae
360 2414 468 2445 puellae
487 2413 586 2442 spolia,

198 2455 233 2477 Et
253 2452 347 2475 servat
366 2447 501 2478 Mycenis.

196 2488 232 2512 Et
254 2486 328 2510 mille
345 2483 436 2513 capita
454 2481 607 2508 habentem,

197 2521 352 2546 Clamosum
372 2522 465 2541 canem
484 2515 602 2541 Lernae,

198 2556 323 2586 Hydram
342 2553 406 2583 igne
425 2547 586 2586 combussit,

196 2589 350 2618 laculisque
367 2582 553 2612 circumdedit,

197 2624 388 2652 'tricorporem
407 2619 503 2649 quibus
607 2649 612 2654 ι

197 2656 339 2682 Interfecit
356 2656 496 2685 pastorem
514 2649 657 2680 Ery-thiae.

1240 2076 1322 2100 Vitae
1341 2078 1413 2101 viam
1433 2079 1549 2109 impiam,

1240 2110 1390 2142 luiustam‚
1409 2113 1443 2135 ad
1463 2115 1526 2135 tuas
1546 2119 1612 2136 vero
1632 2120 1727 2138 manus

1238 2145 1357 2174 Respicit
1375 2152 1474 2175 corpus
1494 2148 1662 2175 praesentis.

1240 2179 1316 2207 Quod
1335 2179 1357 2202 si
1376 2186 1427 2209 ego
1446 2180 1550 2203 viribus
1569 2182 1753 2211 pubescerem,

1236 2213 1404 2243 Hastamque
1423 2215 1560 2237 vibrarem
1584 2215 1611 2237 in
1631 2222 1730 2247 pugna.

1237 2247 1476 2278 'l'liebauoriunque
1495 2249 1648 2277 coaetanei,

1236 2281 1345 2304 Liberis
1363 2282 1456 2311 utique
1474 2283 1600 2306 adessem

1237 2315 1356 2340 Auxilio.
1393 2317 1447 2339 sed
1466 2323 1537 2339 nunc
1555 2318 1650 2342 deficio

1237 2350 1388 2372 secundum
1409 2350 1515 2374 felicem
1534 2352 1711 2380 pubertatem.

1105 2363 1109 2402 l
1237 2383 1290 2406 Sed
1309 2383 1429 2412 adspicio
1449 2384 1520 2407 enim
1539 2387 1588 2408 hos
1608 2390 1776 2412 mortuorum

1236 2417 1423 2440 indumentum
1436 2419 1582 2450 babentes,

1236 2450 1309 2473 Istos
1328 2452 1419 2481 magni
1441 2453 1504 2475 olim
1523 2454 1595 2477 filios

1235 2485 1323 2508 Antea
1343 2486 1485 2514 Herculis,
1505 2493 1670 2519 uxoremque
1689 2491 1799 2514 charam

1235 2518 1313 2542 quta
1331 2525 1362 2542 se
1379 2521 1512 2544 catenatis
1533 2523 1644 2550 pedibus
1661 2525 1814 2549 trahentem

1233 2552 1368 2580 Liberos,
1389 2556 1416 2577 et
1435 2561 1526 2579 senem
1546 2558 1651 2586 patrem
1672 2559 1805 2583 Herculis.

1233 2586 1276 2609 Me
1295 2587 1434 2615 miserum,

1235 2620 1408 2650 Lacbrymas
1428 2623 1553 2652 quoniam
1573 2631 1676 2655 nequeo
1696 2628 1838 2652 continere

1235 2655 1344 2678 seniles
1364 2657 1503 2681 oculorum
1521 2659 1637 2689 amplius
1657 2662 1753 2685 fontes.
