2373 2980
216 90 291 127 523
795 91 916 126 PHIL.

221 178 316 211 1050
344 177 387 210 Et
408 189 519 221 neque
539 187 634 207 marc
652 186 767 219 neque
785 181 876 208 terra
895 175 1043 219 recipiat
1060 187 1177 208 meum

267 229 426 273 Corpus.
469 226 529 260 ubi
560 227 659 259 fuero
683 231 863 265 mortuus,
902 227 930 259 si
954 239 1029 259 sum
1059 226 1205 259 scelera-
1231 249 1232 255 ,

624 283 678 309 tus
697 276 763 310 vir.

265 330 321 362 An
339 335 455 361 autem
475 327 532 360 illa
549 325 615 360 hoc
634 333 793 360 metuens
805 353 813 366 ‚
842 326 1036 371 perdiderit
1051 327 1159 360 vitam
1172 354 1181 367 ,

264 380 410 416 Nescio:
439 391 521 411 nam
542 376 628 411 mihi
644 390 718 410 non
735 378 815 411 licet
833 378 948 411 dicere
964 378 1070 411 ultra.

265 432 346 464 Fuit
368 436 459 463 casta
472 456 481 468 ,
509 442 586 462 cum
605 435 723 462 tamen
739 441 776 462 re
795 441 876 463 vera
895 441 969 462 non
986 435 1074 462 esset
1099 435 1204 462 casta.

220 481 315 517 1035
349 481 422 516 Nos
459 478 627 514 habentes
663 480 857 514 castitatem
870 507 879 520 ‚
931 480 1116 514 infeliciter
1152 481 1205 514 usi

627 543 760 565 sumus.

267 586 363 618 Cher.
393 582 521 615 Dixisti
538 582 770 615 sufficientem
791 581 1051 614 excusationem
1071 582 1206 626 culpae,
1232 590 1233 601 ¹

266 635 444 668 Praebens
467 633 734 672 iusiurandum,
776 644 849 664 non
875 632 1036 676 exiguam
1062 644 1136 665 rem
1161 634 1205 666 ad
1232 623 1233 631 ¹

528 685 632 717 fldem
649 684 845 716 faciendam
864 683 1053 716 autoritate
1072 684 1204 718 divina.

270 739 366 770 Thes.
388 735 516 770 Nonne
534 733 590 768 hic
610 745 660 768 est
680 735 880 767 incantator
896 741 929 767 et
946 735 1205 780 praestigiator,
1231 743 1233 779 j

267 788 338 831 Qui
355 787 499 820 confidit
515 786 683 819 facilitate
703 785 846 818 iurandi
864 798 899 818 se
920 797 1038 818 meum

218 838 315 873 1040
342 838 512 871 Animum
545 849 669 881 capere
705 849 806 880 posse
819 863 827 875 ,

627 887 822 931 ignominia
843 887 1023 919 affecerit?

266 943 367 983 Hipp.
393 939 525 978 Valde,
553 945 671 982 pater,
700 936 785 970 haec
802 939 844 969 de
862 945 893 971 te
914 938 1038 971 miror.

266 992 300 1024 Si
320 999 357 1023 tu
375 1002 464 1023 esses
481 989 572 1022 filius
593 995 625 1021 et
644 1000 707 1031 ego
729 995 808 1021 tuns
825 995 945 1031 pater,

266 1042 502 1074 interficerem
521 1046 552 1072 te
564 1066 573 1079 ,
602 1045 635 1071 et
650 1051 723 1071 non
741 1038 845 1071 exilio
860 1038 1046 1082 punirem,

266 1094 301 1126 Si
319 1092 461 1138 quidem
483 1103 566 1124 ausa
585 1102 674 1123 esses
690 1101 806 1122 meam
825 1102 971 1122 uxorem
989 1089 1174 1133 attingere.

218 1142 315 1178 1045
346 1144 443 1178 Thes.
471 1142 588 1187 Quam
610 1147 702 1173 recte
720 1138 787 1173 hoc
803 1140 941 1181 dixisti,
969 1152 1043 1173 non
1066 1141 1113 1174 sic
1131 1153 1206 1173 mo-

626 1192 730 1225 riaris
739 1191 804 1238 ⁸²),

270 1246 366 1279 Sicut
383 1251 421 1278 tu
439 1243 501 1277 tibi
520 1243 586 1287 ipsi
604 1244 673 1276 fers
690 1240 782 1275 hanc
802 1243 926 1285 legem.

267 1296 477 1337 „Festinata
497 1307 593 1328 mors
609 1300 660 1327 est
676 1293 875 1338 gratissima
897 1293 1027 1326 infelici
1050 1292 1207 1332 homini;

266 1350 333 1381 Sed
351 1360 392 1380 ex
407 1346 522 1391 patria
541 1352 633 1378 terra
655 1345 733 1378 exul
752 1357 874 1378 errans

266 1399 302 1431 ln
324 1407 416 1432 terra
433 1397 619 1442 peregrina
638 1397 803 1430 miseram
823 1396 931 1428 vitam
951 1408 1042 1440 ages.

218 1449 316 1485 1050
342 1450 436 1482 Haec
454 1455 505 1482 est
522 1460 656 1481 nlerces
674 1445 812 1480 homini
830 1447 953 1490 impio.

267 1504 367 1544 Ilipp.
403 1500 480 1533 Heu
507 1497 608 1532 mihi!
653 1499 737 1544 quid
761 1497 890 1531 facies?
930 1509 1044 1542 neque
1071 1502 1209 1540 tempus

625 1549 775 1582 iudicem
786 1549 832 1595 ⁸⁵)

268 1603 400 1635 Contra
421 1613 486 1634 nos
502 1600 668 1644 recipies,
693 1601 753 1633 sed
773 1612 827 1632 me
844 1599 986 1643 expellis
1005 1611 1022 1631 e
1040 1598 1161 1632 terra?

271 1655 366 1687 Thes.
396 1652 497 1685 Ultra
506 1651 552 1697 86)
568 1664 666 1684 mare
684 1657 717 1683 et
736 1652 810 1683 loca
829 1650 1004 1682 Atlantica
1017 1676 1026 1689 ,

268 1706 302 1737 Si
324 1716 480 1748 possem:
510 1703 558 1737 sic
575 1703 633 1735 odi
650 1709 750 1735 tuum
769 1707 885 1745 caput.

221 1754 317 1790 1055
345 1757 446 1798 Hipp.
474 1755 597 1799 Neque
614 1753 860 1786 iusiurandum
880 1763 994 1796 neque
1019 1751 1123 1783 fidem
1149 1761 1209 1782 ue-

628 1816 696 1849 que
716 1810 838 1836 vatum

268 1858 369 1890 Dicta
387 1856 574 1900 explorans
585 1881 594 1894 ,
622 1854 716 1888 eiicis
732 1867 789 1887 me
805 1860 897 1887 terra
914 1850 1186 1885 indemnatum?

272 1911 368 1942 Thes.
396 1907 491 1939 Haec
507 1906 655 1945 tabella,
680 1918 753 1938 non
772 1904 944 1948 recipiens
963 1909 1107 1941 sortem,

267 1959 360 1992 Vera
377 1963 517 1991 accusat
536 1963 587 1994 te;
614 1957 697 1990 istas
715 1969 799 1989 vero
816 1967 923 1999 supra
941 1959 1048 1998 caput

269 2011 440 2043 Volantes
454 2020 535 2041 aves
553 2020 626 2040 non
646 2020 744 2041 curo.

221 2062 318 2097 1060
345 2063 448 2104 Hipp.
477 2059 510 2092 O
527 2059 608 2098 Dii,
635 2070 696 2091 cur
710 2070 784 2091 non
801 2057 936 2091 solvam
952 2067 1069 2089 meum
1090 2067 1147 2094 os,

271 2113 343 2156 Qui
357 2125 375 2144 a
394 2110 494 2144 vobis
506 2137 515 2150 ,
543 2122 632 2155 quos
649 2109 725 2142 colo
737 2136 746 2149 ,
773 2107 905 2153 pereo?

270 2164 352 2198 Non
382 2174 525 2207 possum
558 2173 703 2205 prorsus
733 2160 945 2204 persuadere
957 2184 966 2197 ,
1000 2156 1127 2202 quibus
1155 2168 1211 2188 me

636 2217 798 2256 oportet,

271 2266 414 2298 Frustra
430 2264 683 2297 confunderem
699 2261 959 2298 iusiurandum,
975 2259 1070 2304 quod
1086 2257 1212 2291 iuravi.

278 2317 372 2349 Thes.
401 2315 479 2348 Heu
506 2313 613 2354 mihi,
651 2326 758 2359 quam
785 2325 840 2345 me
865 2310 1050 2344 interficiet
1076 2315 1135 2342 tua
1161 2321 1212 2342 se-

632 2364 780 2398 veritas!

258 2470 305 2496 8²)
326 2467 467 2495 moriaris]
488 2467 528 2489 sic
548 2467 630 2492 Editt.
646 2467 736 2492 ¹558..
758 2464 852 2491 1562,;
872 2463 955 2486 Editt.
975 2461 1093 2485 receut.:
1113 2460 1213 2483 morie-

293 2502 333 2525 ris
359 2501 467 2533 (Em-ip.
493 2501 541 2525 Ed.
563 2501 645 2526 Basil.
669 2501 758 2526 ¹551.,
784 2500 881 2529 Barth,
906 2499 1013 2527 Musgr.
1038 2493 1129 2527 θανῇ,
1165 2494 1212 2517 Ed.

293 2537 348 2560 fix.
370 2535 475 2565 aava).

258 2577 307 2607 85)
327 2577 453 2605 iudicem]
473 2577 512 2600 sic
534 2576 614 2600 Editt.
638 2577 726 2601 ¹552..
748 2575 838 2603 1562.;
862 2574 947 2598 Editt.
967 2573 1068 2596 recent.
1089 2573 1136 2600 (ε
1156 2572 1213 2595 Eu-

295 2611 345 2640 rip.
365 2609 500 2643 pnqvvtrjv)
520 2611 633 2634 indicem
654 2610 728 2638 (scit.
747 2610 908 2637 veritatis).

260 2654 309 2680 86)
329 2652 420 2682 Ultra]
437 2654 477 2677 sic
496 2655 542 2681 (z
557 2652 647 2681 Eurip.
669 2651 770 2682 πίραν)
786 2651 867 2674 Editt.
882 2651 965 2678 1553,
986 2650 1078 2677 narn„
1098 2649 1213 2678 Musgr.‚

296 2687 372 2715 nm
397 2685 531 2712 Ed.1562.
553 2687 642 2711 Ultro.

954 91 1064 126 MEL.
1099 90 1299 127 SCRIPTA
1326 91 1660 127 PHILOLOGICA.

871 849 949 869 cum
985 843 1122 880 patrem
1148 849 1204 870 me
1232 869 1233 877 ,

2172 91 2247 129 524

1231 190 1233 202 ¹
1262 173 1358 209 1065
1386 175 1465 209 Non
1483 175 1581 209 vadis
1599 186 1706 220 quam
1724 175 1880 218 primum
1901 188 1941 209 ex
1957 181 2049 208 terra
2068 175 2210 220 patria?

1310 228 1411 269 Hipp.
1441 226 1522 271 Quo
1541 226 1648 259 miser
1662 238 1717 259 me
1733 226 1893 259 vertam?
1921 226 2018 260 cuius
2035 224 2184 271 hospitis

1310 277 1466 309 Domum
1495 277 1695 321 ingrediar,
1732 283 1877 320 propter
1904 275 2074 323 hancffia)
2104 289 2247 311 causam

1668 327 1835 361 exulans?

1312 380 1408 411 Thes.
1435 377 1505 422 Qui
1526 378 1675 411 libenter
1693 384 1918 422 corruptores
1939 379 2127 422 coniugum

1311 428 1448 472 Recipit
1464 430 1669 473 peregrinos
1680 456 1689 469 ,
1715 435 1749 462 et
1764 441 1822 462 eos
1833 456 1842 469 ,
1869 429 1929 474 qui
1947 427 2152 463 cohabitant
2168 441 2247 462 cum

1671 480 1784 513 malis.

1232 533 1233 564 1
1261 530 1358 564 1070
1386 532 1486 573 IIe‘pp.
1516 530 1594 564 Heu
1617 529 1707 571 heu,
1743 529 1811 564 hoc
1835 530 1942 563 afficit
1966 528 2095 574 hepar,
2131 537 2165 564 et
2182 528 2249 564 hoc

1669 593 1780 626 prope
1798 579 1999 626 lachrymas
2016 588 2087 621 est,

1311 632 1415 676 Quod
1435 631 1548 664 malus
1568 644 1723 676 appareo
1741 639 1774 665 et
1791 632 1916 665 videor
1932 632 2008 666 tibi.

1313 684 1408 716 Thes.
1437 682 1539 715 Tunc
1558 684 1746 726 oportebat
1759 695 1899 726 gemere
1917 689 1950 715 et
1968 683 2176 727 providere,

1310 734 1397 766 Cum
1418 746 1522 767 ausus
1541 746 1575 767 es
1591 734 1719 767 iniuria
1738 735 1876 767 afficere
1895 747 2040 767 uxorem
2059 733 2170 779 patris
2187 731 2249 765 tui.

1310 787 1411 827 Ilipp.
1447 784 1480 817 O
1512 786 1657 825 domus,
1699 785 1836 818 utinam
1871 783 1958 818 mihi
1993 798 2114 818 vocem
2147 785 2249 817 edere

1668 848 1787 880 posses

1263 884 1359 919 1075
1392 886 1436 919 Et
1452 888 1592 927 testari,
1619 899 1664 919 an
1683 887 1749 920 sim
1769 887 1882 920 malus
1899 887 1964 921 vir.

1315 939 1411 970 Thes.
1442 938 1611 983 Confugis
1630 939 1675 970 ad
1691 945 1793 972 testes
1809 937 1950 972 mutos?
1978 938 2070 970 clare

1231 996 1234 1036 ᾗ
1313 988 1406 1020 llaec
1425 1001 1500 1028 res,
1534 1002 1623 1035 quae
1646 1001 1720 1022 non
1748 990 1926 1035 loquitur,
1959 988 2092 1022 indicat
2118 994 2151 1021 te
2179 999 2251 1020 esse

1668 1041 1815 1074 malurn.

1312 1092 1411 1133 He'pp.
1432 1089 1522 1130 Heu,
1540 1090 1677 1123 utinam
1695 1097 1784 1124 esset
1800 1089 1965 1134 possibile
1983 1104 2039 1124 me
2054 1091 2170 1135 ipsum
2192 1091 2251 1122 ad-

1671 1153 1805 1185 splcere
1826 1152 1949 1173 coram

1311 1190 1469 1223 Stantem
1484 1217 1492 1230 ,
1519 1197 1558 1223 ut
1574 1191 1796 1235 deplorarem
1811 1218 1820 1231 ‚
1848 1191 1966 1236 qualia
1983 1191 2076 1223 mala
2096 1191 2226 1235 patior.

1263 1243 1360 1276 1080
1392 1244 1488 1278 Thes.
1532 1242 1647 1275 Multo
1680 1243 1792 1286 magis
1825 1241 2040 1275 assuefecisti
2072 1248 2105 1275 te
2135 1242 2251 1286 ipsum

1234 1308 1235 1337 ;
1669 1294 1804 1333 colere,

1313 1346 1430 1388 Quam
1449 1343 1616 1388 pietatem
1634 1356 1793 1377 exercere
1812 1356 1892 1388 erga
1910 1349 2074 1388 parentes
2090 1342 2191 1376 iuste.

1312 1398 1413 1438 Hipp.
1441 1395 1474 1427 O
1489 1401 1602 1427 mater
1619 1395 1758 1434 infelix,
1786 1407 1806 1427 o
1823 1396 1947 1427 acerba
1969 1393 2168 1437 generatio,

1312 1446 1426 1480 Nemo
1446 1458 1607 1479 meorum
1625 1445 1822 1478 amicorum
1839 1445 1883 1479 sit
1903 1442 2046 1477 nothus.

1317 1499 1413 1531 Thes.
1442 1496 1523 1530 Non
1540 1494 1686 1529 trahetis
1705 1509 1785 1529 eum
1797 1522 1806 1535 ,
1835 1495 1951 1529 servi?
1980 1506 2054 1526 non
2071 1492 2202 1526 auditis

1235 1574 1236 1579 ,
1267 1547 1361 1581 1085
1392 1548 1449 1580 Me
1467 1548 1578 1580 multo
1596 1554 1676 1579 ante
1695 1547 1890 1585 dicentem,
1918 1551 1958 1578 ut
1971 1542 2029 1577 hic
2047 1542 2232 1577 eiiciatur?

1313 1602 1413 1642 He'pp.
1439 1598 1534 1632 Num
1551 1597 1678 1643 aliquis
1695 1597 1854 1641 ipsorum
1877 1596 1963 1629 flens
1981 1607 2036 1628 me
2053 1593 2196 1639 tanget?

1314 1650 1369 1682 Tu
1387 1650 1480 1694 ipse,
1508 1649 1536 1682 si
1552 1648 1617 1681 tibi
1632 1648 1771 1681 animus
1792 1654 1861 1688 est,
1887 1647 2020 1691 expelle
2036 1658 2054 1679 e
2071 1652 2179 1680 terra.

1316 1702 1414 1734 Thes.
1440 1700 1584 1732 Faciam
1600 1698 1698 1740 haec,
1716 1699 1785 1733 nisi
1804 1699 1882 1744 quis
1898 1698 2110 1743 persuadeat
2125 1696 2254 1735 verbis,

1314 1752 1436 1796 *Reque
1450 1751 1521 1784 ulla
1536 1751 1780 1784 misericordia
1795 1750 1989 1783 intercedet
2004 1761 2069 1792 pro
2085 1755 2145 1781 tua
2159 1749 2254 1792 fuga.

1268 1802 1362 1836 1090
1389 1804 1491 1846 Hipp.
1520 1802 1699 1836 Statutum
1717 1807 1786 1842 est,
1814 1807 1853 1834 ut
1870 1800 2020 1834 videtur.
2068 1799 2101 1833 Ο
2116 1812 2172 1835 me
2189 1801 2255 1834 mi-

1673 1865 1788 1887 serum
1801 1879 1811 1893 ‚

1315 1903 1421 1949 Quod
1438 1905 1523 1938 novi
1542 1903 1646 1944 haec,
1677 1905 1737 1938 sed
1754 1903 1892 1943 nescio,
1921 1902 2104 1948 quomodo
2127 1902 2254 1938 dicam.

1314 1956 1347 1988 O
1364 1953 1569 1990 charissima
1586 1954 1673 1988 mihi
1690 1955 1786 1995 Dea,
1814 1955 1883 1988 filia
1899 1953 2078 1993 Latonae,

1316 2005 1581 2047 Cohabitatrix‚
1608 2007 1701 2040 socia
1721 2005 1940 2045 venationis,
1967 2005 2183 2038 deserendae

1236 2078 1238 2081 .
1317 2058 1522 2091 Celebratae
1538 2056 1754 2104 Athenaeffi)
1766 2084 1774 2098 ‚
1803 2059 1861 2092 sed
1880 2056 1996 2089 valeat
2010 2056 2095 2089 urbs
2107 2083 2117 2096 ‚

1269 2106 1364 2145 1095
1391 2108 1437 2141 Et
1455 2116 1547 2142 terra
1565 2107 1766 2142 Erechthei.
1820 2108 1852 2142 O
1869 2108 1984 2141 solum
2003 2107 2255 2147 Troezenium,

1317 2160 1433 2204 Quam
1453 2161 1561 2193 multa
1579 2158 1686 2194 habes
1705 2160 1858 2193 iucunda
1875 2160 1919 2191 ad
1937 2158 2216 2202 pubescendum!

1315 2210 1421 2248 Vale3
1445 2218 1665 2255 postremum
1682 2217 1715 2244 te
1733 2210 1856 2244 videns
1876 2210 2052 2254 alloquor.

1314 2261 1347 2296 Ο
1362 2262 1517 2302 iuvenes,
1536 2275 1625 2308 quos
1638 2262 1802 2308 aequales
1815 2259 1924 2294 habui
1936 2260 1974 2293 in
1991 2258 2057 2293 hac
2074 2266 2181 2299 terra,
2197 2258 2257 2299 ite,

1317 2314 1474 2346 Salutate
1490 2326 1564 2354 me,
1594 2320 1628 2346 et
1644 2313 1804 2346 deducite
1825 2325 1866 2345 ex
1881 2310 1946 2344 hac
1965 2318 2057 2344 terra
2070 2338 2079 2351 ,

1270 2365 1367 2398 1100
1394 2364 1486 2410 Quia
1504 2377 1577 2398 non
1594 2364 1702 2397 alium
1720 2363 1906 2397 castiorem
1927 2361 2111 2395 hominem

1316 2415 1502 2455 videbitis,
1523 2415 1662 2449 etiarnsi
1678 2413 1764 2448 haec
1783 2427 1856 2448 non
1873 2414 2039 2447 videntur
2052 2412 2147 2458 patri
2163 2423 2255 2445 meo.

1300 2536 1372 2562 36³)
1392 2534 1474 2561 hanc]
1494 2533 1534 2556 sic
1553 2532 1652 2562 scripsi
1672 2532 1717 2563 (ε
1736 2532 1830 2561 Eurip.
1849 2528 1942 2564 τῇδ’);
1969 2531 2159 2558 Editt.1558.,
2181 2529 2256 2554 ¹562.

1353 2575 1421 2592 uam.

1300 2576 1350 2639 87ε)ι
1368 2610 1537 2635 deserendae
1557 2610 1720 2633 Celebratae
1739 2609 1876 2637 Athenae]
1896 2608 1936 2631 sic
1955 2609 2037 2631 Editt.
2060 2607 2144 2636 15:³8„
2164 2607 2255 2635 ¹562.;

1335 2647 1419 2670 Editt.
1439 2647 1542 2669 recent.
1563 2646 1609 2672 (Ξ
1629 2644 1722 2673 Eurip.
1743 2641 1922 2674 φευξόμεσθα
1941 2640 1972 2672 δὴ
1991 2639 2108 2669 Kimmig
2123 2638 2255 2671 Ἀθήνας)

1337 2680 1472 2711 fugiemus
1491 2679 1574 2709 igitur
1593 2678 1717 2708 lnclytas
1738 2679 1868 2702 Athenas.
