2373 2980
247 109 320 144 659

300 196 506 233 Servanti-s,
538 207 609 227 non
635 195 853 238 postulantes
876 196 995 230 ulcisci
1023 209 1155 232 necem.

300 246 353 279 Ad
383 245 467 279 baec
496 245 612 278 Creon
637 243 724 278 nihil
748 247 944 290 respondit,

299 298 365 330 Sed
384 297 472 330 sedit
498 296 600 329 tacite
624 296 661 328 in
687 297 812 333 armis:
841 304 877 330 at
899 299 1004 332 duces
1031 311 1197 333 curruum

248 347 322 382 675
353 347 656 392 Quadriiugorum
684 348 765 381 inde
789 356 958 392 ceperunt
982 362 1150 394 pugnam,

297 400 450 441 Agentes
474 410 596 431 currus
620 406 761 442 praeter
785 406 906 433 mutua
930 401 1006 433 loca
1016 401 1059 447 ⁴),

297 449 341 482 Et
365 456 561 482 statuerant
587 450 715 483 milites
738 451 780 483 ad
809 451 970 484 ordinem
998 464 1149 496 pugnae.

300 500 342 532 Et
366 501 425 532 alii
452 501 660 544 pugnabant
682 502 795 541 ferro,
824 503 884 534 alii
908 504 1093 536 vertebant

298 550 419 596 Equos
445 552 488 583 ad
517 563 670 595 pugnam
697 553 864 586 adversus
891 554 1070 599 milites⁵).

247 603 320 636 680
352 602 481 635 Videns
507 601 687 641 Phorbas,
721 604 780 648 qui
807 598 1117 650 dux⁸equorum⁶)

296 653 380 686 Erat
407 651 702 693 Atheniensibus,
730 656 855 687 ducem
881 667 1062 696 curruum,

295 704 341 737 Et
364 704 425 750 qui
454 705 623 748 regebant
649 711 845 750 equestrem
875 706 1066 740 exercitum
1092 706 1229 744 Cadmi,

298 755 562 789 Commiserunt
579 768 754 799 pugnam,
781 762 814 789 et
841 758 1027 790 vincebant
1051 770 1090 790 ac
1114 757 1230 790 vince-

656 807 799 841 bantur.

297 857 429 890 Videns
455 856 541 890 haec
569 863 602 889 et
627 869 699 890 non
720 858 887 897 audiens,
913 857 1027 902 (eram
1057 859 1117 899 ibi,

247 907 322 943 685
348 908 539 953 Quando7)
562 909 767 951 pugnabant
785 909 821 941 in
847 909 1008 942 curribus
1026 922 1064 942 ac
1082 908 1229 955 milites)

299 961 386 992 (lum
413 965 528 992 essent
550 959 597 991 ibi
623 959 731 992 multa
756 959 868 999 mala,
892 960 1023 999 nescio,

298 1011 391 1054 Quid
419 1010 573 1053 primum
598 1009 731 1042 dicam:
755 1016 874 1043 utrum
900 1010 937 1043 in
960 1011 1098 1043 coelum

297 1061 482 1094 Elevatum
506 1060 709 1104 pulverem,
737 1073 844 1105 quam
870 1067 946 1093 erat
970 1061 1110 1105 ingens;

296 1113 350 1145 An
377 1111 437 1156 qui
462 1112 665 1144 ferebantur
689 1124 826 1145 sursum
851 1118 884 1144 et
909 1113 1089 1151 deorsum,

245 1164 318 1197 690
345 1163 476 1195 Fluxus
496 1162 676 1206 sanguinis
700 1163 870 1207 purpurei
896 1163 932 1195 in
956 1163 1042 1196 loris

295 1214 383 1247 Aliis
407 1214 629 1253 cadentibus,
659 1213 737 1247 aliis
761 1214 879 1247 fractis
902 1214 1043 1248 sedibus

296 1265 334 1297 ln
361 1265 475 1308 capita
501 1266 545 1297 ad
569 1271 700 1297 terram
728 1265 1042 1309 praecipitantibus
1065 1264 1112 1303 vi,

294 1316 339 1349 Et
369 1316 652 1360 relinquentibus
676 1317 785 1349 vitam
814 1316 919 1350 simul
944 1329 1024 1349 cum
1055 1314 1229 1348 fractione

656 1379 838 1401 curruum.

296 1419 505 1452 Vincentem
531 1418 630 1463 equis
655 1424 693 1451 ut
710 1418 800 1451 vidit
821 1418 1012 1451 exercitum

245 1469 319 1505 695
353 1470 488 1508 Creon,
521 1469 600 1501 inde
627 1469 788 1513 clypeum
814 1469 988 1513 accipiens
1011 1468 1049 1500 in
1070 1479 1229 1505 manum,

298 1521 480 1560 Procedit,
515 1520 722 1564 priusquam
756 1520 810 1553 sui
841 1520 969 1553 milites
1003 1519 1230 1562 languescant

663 1583 802 1604 anitius»

296 1623 405 1668 Atqui
431 1621 602 1654 exercitus
626 1620 755 1655 Thesei
779 1633 852 1654 non
877 1620 982 1665 periit
1007 1626 1116 1658 metu,

299 1675 366 1707 Sed
390 1680 481 1705 recta
501 1679 622 1704 contra
640 1673 733 1712 ibat,
756 1672 898 1716 capiens
915 1683 1013 1704 arma
1034 1669 1230 1715 splendida,

297 1725 342 1758 Et
358 1724 617 1757 committentes
636 1724 810 1768 proelium
828 1735 891 1767 per
907 1729 1020 1755 totum
1039 1720 1229 1754 exercitum

248 1778 321 1811 700
353 1776 572 1809 Occidebant
597 1781 630 1806 et
653 1775 923 1813 occidebantur,
957 1779 990 1805 et

297 1826 591 1860 Adhortabantur
607 1838 641 1858 se
663 1826 754 1858 inter
771 1838 806 1859 se
823 1837 902 1858 cum
920 1836 1049 1867 magno
1065 1823 1232 1860 clamore,

301 1880 633 1913 Utc011curre1·em;
666 1883 700 1908 et
724 1877 909 1910 resistebat
945 1874 1115 1908 exercitus
1145 1872 1231 1905 Ere-

657 1926 895 1960 chthidarum.

297 1980 343 2012 At
365 1979 536 2012 exercitus
562 1984 665 2011 natus
688 1991 728 2011 ex
746 1979 909 2011 dentibus
932 1976 1124 2021 serpentis,
1146 1974 1232 2007 inci-

655 2036 747 2063 tatus

300 2080 386 2114 Erat
410 2087 587 2125 pugnator
611 2093 701 2113 acer.
754 2078 940 2112 Inclinavit
967 2079 1058 2111 enim
1084 2089 1196 2110 cornu

249 2131 322 2166 705
350 2132 539 2165 Sinistrum
565 2138 726 2164 nostrum
741 2157 749 2170 ‚
772 2131 832 2164 sed
853 2131 1013 2163 dextrum
1038 2129 1172 2163 victum

298 2183 441 2216 Illorum
464 2183 571 2226 sugit,
595 2189 739 2227 eratque
769 2187 947 2214 certamen
969 2180 1128 2225 aequale.

297 2234 342 2266 Et
367 2241 450 2267 tunc
474 2240 548 2267 erat
569 2234 767 2266 laudandus
793 2234 881 2269 dux;

298 2285 378 2318 Non
404 2285 497 2317 enim
523 2285 589 2318 fuit
613 2285 769 2318 lucratus
797 2284 911 2317 solum
939 2282 1081 2314 vincens
1106 2280 1141 2313 in
1166 2278 1232 2313 hac

657 2342 770 2380 parte,

284 2444 312 2475 4)
334 2446 455 2472 Agentes
479 2457 512 2461 —
534 2445 605 2472 {oc-a]
631 2444 671 2467 sic
700 2443 782 2468 Editt.
805 2443 894 2470 1558..
922 2442 1013 2470 1562.;
1046 2441 1122 2464 Fir:
1147 2441 1234 2464 Trans

319 2485 384 2501 vero
404 2480 518 2508 agentes
537 2480 658 2508 aurique
677 2478 793 2501 invicem
812 2483 919 2500 currus.

282 2520 313 2551 5)
334 2519 448 2551 milites]
474 2521 512 2544 sic
531 2521 612 2545 Editt.
635 2521 726 2548 ¹558..
756 2519 844 2548 i562.;
870 2519 967 2548 Εἴπω,
993 2517 1052 2542 Fix.
1074 2520 1120 2546 (2-
1141 2516 1233 2546 Eurip.

318 2553 502 2586 παραιβάτας)
523 2555 623 2578 milites
643 2555 762 2578 curules.

285 2595 316 2628 6)
339 2595 480 2627 equorum]
496 2596 535 2619 sic
552 2596 632 2619 Editt.
652 2596 737 2621 1558..
755 2595 845 2621 1562.:
864 2595 947 2618 Editt.
965 2594 1069 2618 recent.
1084 2592 1130 2624 (:
1140 2592 1232 2622 Eurip.

317 2628 525 2662 μοναμπύκων)
545 2636 675 2659 equorum
695 2630 885 2658 singularium.

283 2672 313 2704 7)
335 2672 460 2704 Quando]
470 2674 508 2697 sic
522 2673 603 2697 Editt.
621 2673 704 2699 1558.,
720 2673 810 2700 ¹562.;
825 2672 907 2695 Editt.
923 2672 1039 2695 receut.:
1061 2671 1111 2695 Ubi
1126 2670 1233 2703 (Eurip.

315 2705 418 2737 Ἔνθ’).

828 110 948 145 PHlL.
982 110 1093 146 MEL.
1126 111 1326 147 SCRIPTA
1359 112 1692 147 PHILOLOGICA.

2198 117 2273 153 640

1336 198 1403 231 Sed
1430 199 1493 231 ivit
1516 200 1557 230 ad
1583 209 1694 230 cornu
1717 197 1884 232 laborans
1905 199 1958 233 sui
1982 202 2168 242 exercitus,

1287 249 1358 282 710
1406 249 1451 282 Et
1482 248 1623 282 sustulit
1653 249 1862 289 clamorem,
1910 256 1949 283 ut
1983 256 2075 284 terra
2107 253 2271 287 redderet

1695 299 1869 333 sonitum:

1335 350 1368 383 Ο
1393 351 1471 391 filii,
1505 350 1572 383 nisi
1598 349 1798 394 reprimetis
1824 351 1980 384 validum
2005 353 2196 387 exercitum

1335 399 1610 440 Thebanorum,
1634 401 1740 445 periit
1761 413 1844 445 pars
1869 399 2106 438 Atheniensis.

1335 451 1469 485 Indidit
1490 452 1654 485 fiduciam
1679 452 1743 485 toti
1770 453 1937 486 exercitui
1961 452 2177 490 Danaidum.

1334 501 1410 546 Ipse
1437 503 1577 546 capiens
1603 503 1737 535 clavam
1760 502 1993 547 Epidauriam
2004 504 2034 550 ⁸)

1284 550 1358 586 715
1388 553 1570 587 Excellens
1595 554 1815 587 formidabili
1835 561 2016 588 armatura
2040 556 2188 589 feriebat

1335 604 1448 637 Simul
1475 606 1563 638 colla
1590 612 1623 638 et
1647 605 1761 649 capita
1785 617 1891 648 supra
1912 606 2040 649 posita,

1334 655 1471 688 Metens
1497 656 1632 699 galeas,
1656 662 1689 688 et
1712 656 1892 690 decutiens
1916 657 2031 700 ligno:

1335 706 1401 738 vix
1420 708 1562 740 tandem
1587 707 1762 740 convertit
1785 719 1843 740 eos
1866 707 1902 739 in
1926 708 2058 752 fugam.

1334 756 1410 801 Ego
1436 764 1553 791 autem
1578 757 1770 791 exclamavi
1798 764 1832 790 et
1858 758 1965 798 exilii,

1285 808 1358 842 720
1398 807 1445 841 Et
1474 810 1645 854 complosi
1681 808 1856 842 manibus.
1922 808 1975 842 Illi
2007 810 2201 843 tendebant
2231 809 2269 842 in

1691 866 1825 904 portas,

1335 910 1480 943 Clamor
1503 917 1536 943 et
1560 911 1714 944 ululatus
1742 917 1818 943 erat
1837 909 1874 942 in
1899 912 1986 943 urbe

1335 962 1533 995 Puerorum
1558 968 1591 994 et
1617 975 1757 1001 senum,
1789 968 1823 993 et
1848 961 2045 1005 implebant
2069 961 2200 1005 templa

1335 1012 1446 1045 Metu.
1499 1011 1549 1044 lbi
1576 1026 1654 1045 cum
1681 1018 1796 1057 posset
1823 1012 1956 1045 irruere
1984 1012 2021 1045 in
2041 1013 2167 1046 urbem

1335 1061 1512 1101 Theseus,
1544 1064 1711 1107 repressit
1735 1075 1832 1100 suos;
1865 1075 1938 1095 non
1969 1063 2064 1096 enim
2090 1075 2268 1108 expugna-

1697 1120 1771 1146 tum
1788 1114 1913 1146 urbem

1285 1161 1358 1199 725
1390 1162 1539 1196 Dicebat
1553 1176 1588 1197 se
1614 1164 1767 1204 venisse,
1793 1164 1853 1196 sed
1870 1164 2058 1208 repetitum
2085 1165 2268 1197 cadavera.

1337 1214 1492 1255 „Talem
1519 1221 1660 1258 oportet
1685 1227 1757 1248 esse
1781 1214 1960 1259 ducem⁹)‚

1336 1265 1441 1309 „Qui
1468 1265 1504 1297 in
1529 1266 1694 1309 periculis
1721 1273 1770 1299 est
1799 1265 1913 1305 fortis,

1335 1316 1410 1355 „Et
1436 1316 1510 1349 odit
1533 1317 1706 1360 populum
1732 1316 1963 1353 insolentem;
2001 1315 2063 1360 qui
2089 1315 2126 1348 in
2148 1327 2271 1349 secun-

1694 1368 1747 1401 dis
1773 1367 1877 1399 rebus

1335 1416 1404 1457 „In
1427 1429 1586 1451 summos
1613 1418 1756 1451 ordines
1782 1417 1955 1450 scalarum
1981 1418 2148 1449 scandere

1283 1468 1357 1501 730
1385 1468 1621 1512 „Qu-aereus,
1646 1467 1800 1512 perdidit
1825 1479 1924 1500 suam
1949 1467 2173 1507 felicitatem,
2200 1477 2270 1511 qua

1695 1519 1763 1551 srui
1787 1524 1939 1562 poterat.

1335 1569 1432 1602 Cleor.
1460 1568 1563 1602 Nunc
1586 1570 1708 1603 videns
1732 1581 1795 1612 ego
1811 1567 1903 1600 lianc
1926 1567 2141 1610 insperatam
2161 1566 2271 1606 diem,

1334 1617 1453 1651 Iudico
1483 1632 1555 1653 esse
1572 1619 1687 1659 Deos,
1719 1626 1752 1652 et
1779 1625 1863 1663 puto
1892 1617 2128 1650 calamitatem
2154 1629 2272 1651 meam

1334 1669 1512 1702 Minorem
1542 1683 1634 1710 esse,
1666 1683 1743 1703 cum
1768 1670 1827 1701 Dii
1853 1669 1918 1702 ulti
1940 1668 2010 1702 sint
2036 1665 2154 1701 hostes
2165 1667 2222 1715 ¹⁰).

1334 1722 1420 1753 Λᾶν.
1454 1721 1517 1760 „O
1542 1720 1694 1765 Iupiter,
1725 1721 1809 1766 quid
1835 1720 1982 1753 miseros
2007 1716 2170 1752 homines

1286 1769 1358 1805 735
1388 1771 1550 1809 „Dicunt
1573 1771 1719 1816 sapere?
1745 1784 1785 1804 ex
1810 1778 1842 1804 te
1870 1770 2119 1814 expendemus,

1337 1821 1414 1861 „Et
1439 1823 1520 1854 talia
1549 1824 1715 1861 facimus,
1745 1835 1834 1867 quae
1859 1828 1897 1854 tu
1925 1820 2044 1865 visu).

1336 1873 1447 1906 Nobis
1475 1874 1568 1906 enim
1597 1881 1672 1907 erat
1693 1880 1775 1906 tunc
1803 1873 1907 1906 dolor
1933 1884 2007 1904 non
2033 1871 2214 1909 serendus,

1336 1924 1409 1957 Nos
1435 1936 1574 1957 eramus
1598 1924 1699 1957 multi
1725 1931 1758 1956 et
1786 1924 1930 1957 iuvenes
1951 1919 2106 1955 brachiis

1335 1974 1380 2007 Et
1397 1975 1538 2008 Eteocle
1561 1976 1710 2008 faciente
1733 1974 2009 2008 transactionem
2020 1972 2080 2018 η),

1255 2025 1361 2091 1740
1400 2026 1448 2059 Ac
1482 2033 1623 2070 petente
1652 2027 1858 2065 moderata,
1894 2037 1967 2058 non
2003 2021 2180 2056 voluimus
2214 2032 2272 2053 ac-

1699 2090 1726 2109 ci
1757 2089 1832 2114 ere;

1335 2126 1381 2159 Et
1397 2127 1523 2160 deinde
1539 2128 1667 2171 perditi
1685 2090 1816 2161 suibus.
1869 2125 1928 2159 Ille
1947 2132 2030 2159 tunc
2055 2124 2270 2160 fortunatus,

1336 2178 1432 2211 Sicut
1455 2190 1591 2222 pauper
1617 2179 1791 2223 accipiens
1819 2189 1940 2210 recens
1964 2181 2084 2219 partas
2109 2185 2204 2217 opes,

1320 2329 1350 2357 8)
1369 2328 1475 2351 clavam
1491 2325 1676 2357 Epidauriarn]
1693 2326 1734 2349 his
1751 2326 1841 2349 verbis
1858 2326 1883 2349 iu
1898 2331 1983 2356 marg.
2001 2324 2084 2349 Editt.
2100 2323 2270 2353 1558.,1562.

1354 2361 1495 2391 adscripta
1519 2363 1561 2384 est
1586 2362 1651 2384 haec
1677 2362 1836 2384 annotatio:
1861 2361 2015 2390 oleaginam
2040 2360 2132 2382 natam
2158 2357 2184 2381 iu
2202 2357 2270 2387 Epi-

1355 2396 1457 2425 dauro,
1481 2396 1523 2418 ubi
1543 2396 1657 2425 primum
1677 2396 1739 2418 olea
1758 2398 1820 2418 sata
1839 2396 1881 2418 est
1900 2395 1934 2417 ab
1953 2393 2080 2417 Hercule.

1320 2439 1404 2496 fflfili:
1423 2438 1442 2463 l.
1467 2439 1493 2461 in
1518 2438 1600 2461 Editt.
1622 2438 1707 2466 1558„
1729 2439 1800 2462 1562.
1828 2439 1891 2461 nota
1911 2443 2016 2467 marg:
2042 2435 2125 2459 Ducis
2144 2434 2206 2459 boui
2225 2434 2269 2458 of-

1377 2479 1454 2496 cium.

1324 2516 1369 2543 10)
1388 2522 1446 2538 cum
1466 2515 1508 2541 Dii
1527 2515 1577 2538 ulti
1597 2514 1651 2537 sint
1671 2513 1787 2545 hostes.]
1809 2514 1849 2537 sic
1867 2514 1949 2537 Editt.
1971 2513 2056 2542 1558„
2078 2512 2168 2542 ¹562.;
2186 2510 2268 2535 Editt.

1356 2551 1458 2573 recent.
1477 2551 1525 2577 (Ξ
1538 2550 1604 2572 text.
1624 2550 1681 2579 gr.)
1701 2555 1759 2572 cum
1780 2549 1825 2571 isti
1846 2548 1969 2571 dederint
1991 2552 2104 2577 poenas.

1325 2594 1368 2620 11)
1390 2593 1421 2616 Η.
1443 2592 1459 2615 l.
1479 2591 1508 2615 in
1526 2591 1609 2615 Editt.
1632 2592 1723 2620 1558..
1746 2591 1820 2615 1562.
1839 2592 1905 2614 nota
1923 2596 2025 2619 marg:
2045 2590 2150 2615 Fatum.

1324 2636 1369 2664 12)
1391 2635 1506 2658 faciente
1526 2634 1755 2662 transactionem]
1780 2634 1820 2657 sie
1843 2633 1926 2657 Editt.
1954 2633 2043 2661 ¹558,
2070 2632 2161 2661 1562.;
2185 2630 2266 2655 Editt.

1356 2671 1490 2731 rece‘nta)
1507 2670 1608 2699 agente
1634 2669 1666 2691 tle
1692 2669 1884 2699 compositione
1910 2666 2016 2698 (Em-ip.
2042 2663 2181 2697 σύμβασιν
2204 2672 2268 2689 ποι-

1357 2711 1409 2726 otiu
1428 2710 1476 2726 VOU
1496 2720 1501 2726 -
