2373 2980
286 188 425 219 Aurora
453 185 607 228 lulgens,

285 237 329 270 Et
349 237 438 280 iguis
461 247 626 268 curruum
643 234 744 275 solis,

247 287 313 321 160
340 288 476 319 Atliuva
493 298 549 319 uie
569 286 604 318 in
623 284 677 320 bis
697 286 889 320 laboribus.

288 338 428 379 „Nemo
448 337 650 370 mortalium
671 344 720 371 est
739 338 782 370 ad
801 339 905 371 linem
920 350 1029 384 usque
1047 341 1187 379 beatus,

290 389 443 433 „Reque
460 388 552 421 felix.

289 439 443 479 „Nullus
460 439 553 471 enim
572 445 674 472 uatus
695 445 765 478 est,
792 440 846 473 rui
870 451 943 473 non
967 441 1101 487 aliquid
1128 442 1223 475 triste

641 490 807 523 acciderit
818 490 876 537 ¹⁸).

578 564 792 613 [Stroplze
821 565 881 614 1.]

295 638 390 669 Cher.
420 634 509 666 Veni
530 634 573 666 ad
592 633 782 667 littoralem

243 685 311 720 165
337 687 492 719 Areuain
511 684 711 718 maritimae
728 685 865 718 Aulidis
877 711 885 723 ,

288 738 357 770 Per
376 737 500 770 fluctus
518 735 644 779 Euripi

287 788 487 831 Navigans,
513 792 697 830 angustam

289 837 491 873 Chalcidem
505 864 514 877 ,
538 838 662 870 urbem
680 848 795 869 meam
808 863 815 875 ,
845 837 947 869 relin-

290 903 418 936 quens,
444 889 599 922 altricem
622 899 795 933 aquarum
815 887 1008 920 vicinarum
1027 889 1136 927 mari,

244 941 313 974 170
340 940 492 985 Inclytae
509 937 724 977 Arethusae,

288 992 334 1025 Ut
353 992 489 1023 videam
510 989 698 1022 exercitum
717 986 934 1021 Achivorum
948 1015 956 1028 ‚

288 1042 331 1075 Et
346 1054 463 1075 remos
473 1067 482 1081 ‚
509 1040 571 1086 qui
586 1052 693 1073 naves
708 1045 922 1083 promovent
936 1037 1153 1074 Achivorum

288 1093 532 1127 Semideorum
547 1117 555 1130 ‚
583 1090 819 1137 quomodo¹⁹)
837 1092 880 1123 ad
898 1090 987 1123 Tro-

287 1146 356 1177 iam
373 1143 479 1177 remis
497 1142 592 1175 mille
611 1142 756 1174 navium

238 1195 309 1230 175
336 1196 483 1228 Flavum
500 1194 703 1227 Menelaum

286 1246 406 1281 Nostri
424 1244 544 1278 mariti

285 1300 488 1343 Sequuntur
500 1323 509 1336 ‚
537 1301 571 1328 et
587 1294 742 1327 nobilem
762 1294 1089 1337 Agamemnonem,

289 1350 337 1382 Ut
351 1348 496 1381 veniant
511 1347 554 1379 ad
570 1346 743 1378 Helenam
755 1371 765 1384 ‚

285 1401 339 1433 Ab
354 1399 489 1433 Eurota
499 1397 545 1443 2⁰)
558 1423 566 1436 ‚
593 1397 629 1429 in
648 1408 719 1441 quo
735 1401 928 1429 nascuntur
946 1394 1156 1433 arundines,

238 1453 309 1486 180
338 1451 454 1495 Quam
470 1448 615 1482 abduxit
629 1447 730 1480 Paris
748 1452 888 1491 pastor,

287 1502 416 1535 Munus
432 1499 579 1532 Veneris
591 1525 600 1538 ,

286 1553 439 1598 Quando
459 1552 503 1583 ad
518 1562 636 1582 rorem
655 1549 841 1581 fontanum
855 1573 864 1587 ‚

285 1604 374 1638 Cum
388 1602 523 1636 Iunone
542 1607 575 1633 et
590 1599 734 1632 Pallade
752 1599 848 1631 litem
858 1596 902 1644 21)

284 1655 336 1689 De
352 1656 467 1688 forma
485 1652 605 1685 Venus
624 1649 760 1683 habuit.

519 1725 837 1774 [Antisti-opha
876 1721 934 1770 L]

240 1799 309 1836 185
336 1799 404 1831 Per
422 1808 545 1829 nemus
560 1794 756 1827 multorum
772 1791 1024 1826 sacrificiorum
1043 1789 1105 1821 Di-

284 1861 371 1883 anae
388 1847 470 1881 veni
491 1845 716 1890 conspicuam
727 1844 774 1890 22)

284 1903 422 1935 (irenam
435 1910 552 1931 meam
574 1895 796 1930 rubefaciens

284 1953 426 1986 Pudore
448 1947 594 1982 iuvenili

285 2001 521 2036 Munitionem
544 1998 656 2043 clypei
673 2004 705 2029 et
722 1994 874 2029 tentoria

237 2055 308 2090 190
334 2051 507 2087 vehentia
528 2055 683 2083 armatos
693 2047 739 2093 23)
754 2046 962 2078 Danaorum
977 2070 986 2083 ‚
1013 2056 1074 2076 vo-

282 2108 356 2140 lens
372 2111 405 2138 et
422 2113 595 2148 equorum
609 2099 795 2143 strepitum
815 2095 934 2128 videre
945 2121 954 2134 ,

268 2214 313 2242 18)
332 2213 402 2237 11.1.
427 2212 454 2235 iu
473 2211 555 2234 Editt.
578 2210 666 2238 1553„
700 2207 774 2231 1562.
800 2206 866 2229 nota
892 2209 993 2231 maren:
1031 2201 1142 2224 Miseria
1170 2202 1217 2224 lto-

301 2253 408 2271 minum.

268 2292 311 2319 19)
331 2288 478 2319 quomodo]
497 2286 537 2310 sic
556 2284 745 2313 Editt.1558.‚
767 2282 839 2305 1502.
860 2279 905 2319 (J
922 2279 1014 2308 Eurip.
1035 2278 1114 2301 mat.
1137 2277 1218 2300 ima.

302 2324 392 2351 1551.,
411 2324 514 2352 Musgr.
532 2316 601 2349 ὠς);
632 2320 731 2348 Earn„
756 2317 829 2342 Fix.:
862 2311 907 2341 οὕς
926 2327 959 2330 -
978 2318 1046 2343 quos
1065 2312 1118 2339 (sie
1137 2312 1217 2334 etiam

298 2359 401 2387 Musgr.
420 2356 445 2379 in
466 2356 513 2380 lat.
534 2355 672 2383 interpr).

262 2398 310 2430 20)
329 2400 369 2423 Ab
381 2399 500 2426 Eurota]
521 2397 561 2420 sic
580 2396 626 2428 (=
641 2396 709 2419 text.
723 2395 778 2424 gr.)
795 2392 877 2416 Editt.
892 2391 1012 2420 receut.;
1034 2389 1115 2413 leuitt.
1132 2389 1216 2418 15:1⁸2,
1243 2400 1245 2414 ,κ

299 2434 372 2458 1562.
393 2434 478 2462 Quam
497 2432 530 2455 ab
550 2432 662 2454 Eurota,

261 2477 310 2505 21)
327 2476 417 2503 litem]
445 2474 485 2498 sic
508 2474 591 2498 Editt.
614 2472 704 2500 1558„
740 2469 831 2500 1562.;

297 2512 371 2534 litem
391 2509 439 2541 (z
457 2508 550 2537 Eurip.
570 2505 640 2538 ἔριν,
672 2504 752 2536 ἔριν).

262 2553 310 2584 22)
329 2551 517 2582 conspicuam]
537 2549 578 2573 sic
590 2549 672 2573 Editt.
688 2547 760 2570 1558,
771 2563 778 2576 ,
801 2545 872 2569 1562.
893 2546 939 2572 (ἶ
954 2542 1047 2572 Eurip.
1064 2542 1146 2566 Editt.
1162 2543 1216 2566 na-

296 2587 340 2612 sil.
357 2587 432 2610 155¹.
447 2587 473 2608 et
485 2586 590 2614 Musgr.
609 2579 767 2613 ὁρωμένην,
786 2581 891 2609 Musgr.
910 2578 936 2601 in
955 2578 1084 2607 interlin:
1104 2578 1215 2607 specta-

297 2623 383 2649 tam);
404 2622 500 2649 Bam,
521 2618 596 2642 Fix.:
621 2614 741 2648 ὀρομένα
760 2627 793 2631 ——
813 2613 960 2637 concitata.

257 2664 306 2692 23)
323 2662 459 2687 Velit-ntia
478 2661 613 2688 armatos]
638 2659 679 2682 sic
705 2658 787 2681 Editt.
809 2656 899 2685 1558„
930 2654 1021 2684 1562.;
1058 2654 1140 2678 Editt.
1168 2659 1214 2678 re-

291 2700 375 2722 cent.:
399 2695 536 2720 Armifera
555 2694 601 2726 (=
614 2693 707 2723 Eurip.
724 2688 938 2723 Ὀπλοφόρουςλ

868 2468 951 2492 Editt.
977 2467 1080 2491 recent.
1090 2473 1097 2490 ε

1131 2466 1216 2495 litem,
1243 2482 1244 2492 ,

814 100 933 135 PHIL.
964 101 1074 137 MEL.
1103 102 1303 139 SCRIPTA
1331 104 1664 139 PfflLOLOGlCA.

1243 2446 1245 2460 l

1243 2461 1244 2475 l

1250 850 1251 853 ¹
1279 849 1352 886 205
1380 863 1502 892 reum,
1528 852 1822 886 formosissimum
1839 853 2068 886 Graecorum.

1327 189 1409 223 Vidi
1425 191 1513 224 duos
1530 190 1655 224 Aiaces
1672 187 1934 231 cohabitantes,

1328 240 1420 274 Oilei
1438 248 1468 274 et
1488 241 1695 275 Telamonis
1712 241 1842 282 filium,

1328 292 1508 325 Coronam
1526 291 1715 326 Salaminis
1726 319 1735 332 ,

1280 341 1351 376 195
1379 342 1423 375 lit
1438 343 1673 376 Protesilaum
1685 369 1695 383 ‚
1723 343 1758 376 in
1777 343 1916 377 sedibus

1327 393 1549 426 Delectantes
1566 405 1601 426 se
1618 400 1828 428 tesserarum
1846 396 1932 437 figu-

1327 444 1375 478 ris
1391 443 1655 487 multiplicibus.

1327 494 1371 527 Et
1391 495 1640 535 Palamedem,
1668 507 1771 541 quem
1789 487 1909 540 getiuit
1931 497 2020 531 filius
2037 496 2104 530 Ne-

1329 546 1429 589 ptuni
1447 552 1477 578 et
1497 545 1707 579 Diomedem
1727 547 1825 580 volu-

1276 597 1351 631 200
1379 596 1533 640 ptatibus
1551 597 1636 631 disci
1653 598 1876 641 gaudentem.

1326 647 1371 680 Et
1392 647 1486 680 iuxta
1505 648 1693 681 Merionen
1703 647 1768 696 ¹²²¹),
1797 649 1924 683 Martis

1326 698 1479 731 Ramum
1492 725 1501 739 ,
1527 699 1738 733 miraculum
1755 697 1970 735 hominibus.

1327 748 1372 782 Et
1389 761 1406 782 a
1426 750 1606 784 montibus
1621 750 1835 784 insularibus

1326 799 1464 835 Laertis
1483 801 1591 834 filium
1605 828 1613 841 ‚
1640 808 1674 834 et
1689 801 1795 835 simul
1810 801 1872 836 Ni-

1622 934 1820 983 [Epodus
1849 934 1910 983 1.]

1326 1001 1372 1034 Et
1392 1014 1513 1046 parem
1532 1004 1645 1037 ventis
1668 1005 1816 1048 pedibus

1328 1052 1486 1086 Celerem
1504 1051 1698 1095 Achillem,

1329 1103 1443 1147 Quem
1462 1104 1583 1147 genuit
1599 1103 1742 1145 Thetis,
1770 1112 1804 1138 et

1327 1152 1463 1187 Chiron
1485 1154 1656 1196 instituit,

1276 1205 1351 1240 210
1377 1205 1461 1238 Vidi
1478 1205 1514 1237 in
1530 1206 1649 1239 littore

1325 1255 1371 1289 Et
1387 1257 1430 1288 ad
1449 1269 1574 1289 arenas

1328 1307 1478 1341 Cursum
1495 1305 1682 1340 habentem
1704 1314 1786 1340 cum¹
1801 1307 1927 1344 armis;

1325 1357 1370 1390 Et
1386 1359 1535 1391 faciebat
1551 1357 1893 1402 certamenjpedibus

1327 1408 1415 1442 Cum
1433 1421 1537 1442 curru
1557 1408 1770 1453 quadriiugo

1275 1457 1348 1494 215
1376 1459 1523 1502 Agitans
1541 1471 1669 1502 corpus
1686 1459 1728 1491 (le
1745 1457 1906 1492 victoria.

1324 1510 1456 1554 Auriga
1475 1510 1647 1543 clamabat
1661 1508 1732 1543 Eu-

1325 1561 1435 1594 melus
1456 1559 1683 1593 Pheretiades
1693 1585 1702 1599 ‚

1323 1610 1389 1644 Cui
1405 1611 1567 1643 videbam
1585 1608 1843 1654 pulcherrimos

1321 1661 1443 1706 Equos
1460 1661 1625 1706 variatosu
1634 1660 1743 1694 frenis
1751 1659 1798 1706 25)

1274 1713 1348 1750 220
1375 1712 1526 1745 Stimulo
1546 1711 1700 1755 impelli,

1323 1763 1462 1796 Medios
1481 1763 1613 1807 iugales
1629 1775 1688 1794 va-

1321 1814 1383 1848 riis
1400 1814 1480 1858 pilis
1501 1813 1700 1847 maculosos

1323 1865 1525 1898 Exteriores
1542 1870 1722 1897 catenatos

1322 1916 1497 1961 Obliquos
1514 1915 1659 1948 flexibus
1676 1924 1841 1948 cursuum

1272 1965 1346 2004 225
1373 1967 1504 2000 Fulvos
1515 1993 1524 2006 ‚
1552 1965 1697 2009 integris

1321 2018 1471 2062 Ungulis
1489 2018 1552 2051 sub
1568 2017 1658 2050 talos
1669 2042 1677 2057 ‚

1322 2070 1380 2102 Ma
1387 2070 1523 2102 culosos
1534 2081 1541 2107 ;

1321 2120 1419 2153 quta
1438 2131 1526 2165 quos
1547 2118 1699 2152 saltabat

1320 2171 1419 2204 quta
1439 2170 1590 2203 orbitam
1606 2168 1745 2201 Pelides
1763 2171 1919 2199 armatus

1271 2223 1345 2257 230
1371 2221 1417 2254 Et
1435 2218 1582 2253 canthos
1607 2218 1776 2252 currules.

1615 2292 1826 2341 [Strophe
1854 2287 1917 2336 2.]

1320 2359 1434 2391 Porro
1451 2355 1532 2388 veni
1550 2354 1593 2387 ad
1611 2353 1755 2386 classem
1766 2377 1784 2399 ‚-

1320 2409 1366 2442 Et
1383 2406 1620 2452 spectaculum
1637 2415 1804 2447 magnum
1816 2428 1826 2441 ‚

1319 2459 1532 2492 Muliebrem
1550 2456 1663 2490 visum
1682 2454 1887 2490 oculorum,

1301 2575 1348 2607 24)
1368 2574 1521 2601 Merionen]
1541 2572 1581 2596 sic
1601 2574 1649 2600 (ε
1666 2567 1824 2602 Μηριόνην)
1843 2570 1940 2598 Bam,
1964 2567 2038 2595 Fix.;
2068 2564 2151 2589 Editt.
2168 2563 2253 2593 1558„

1339 2610 1428 2640 1562„
1446 2609 1568 2637 Musgn:
1595 2605 1753 2629 Merioneni.

1300 2651 1347 2684 25)
1366 2651 1488 2675 variatos
1507 2649 1609 2677 frenis]
1634 2648 1676 2671 sic
1693 2647 1778 2671 Editt.
1798 2646 1892 2674 1558.,
1920 2644 2012 2673 1562.;
2047 2642 2131 2667 Editt.
2150 2640 2252 2664 recent.

1335 2686 1383 2718 (τ-
1401 2686 1467 2709 text.
1487 2683 1560 2715 gr.):
1585 2682 1673 2706 frenis
1693 2687 1760 2706 auro
1779 2680 1856 2704 varie
1874 2678 1980 2703 ornatis
1998 2677 2130 2708 insignes,
