2373 2980
178 84 249 120 115
753 84 874 119 PHIL.
909 83 1022 119 MEL.
1055 84 1256 120 SCRIPTA
1287 85 1621 122 PHILOLOGICA.
2132 91 2205 125 116

174 170 332 202 minatur
349 169 449 202 annis
466 169 706 210 undeviginti,
739 175 772 201 et
790 169 888 201 addit
905 169 1045 202 animae
1063 171 1165 216 quid-

174 222 254 253 dam
283 218 409 256 herile,
452 226 484 251 et
514 219 740 251 nunu-itatem
764 226 796 252 ct
820 220 1029 261 gravitatem
1056 223 1164 255 actio-

174 283 278 307 num,
303 277 334 302 et
354 271 581 313 cupiditatem
601 269 734 312 gloriae
753 277 786 302 et
803 268 940 304 honesti
964 277 1094 312 status,
1131 279 1164 305 et

174 321 360 354 transitum
394 334 410 351 a
444 319 533 352 ludis
561 325 593 351 ct
622 320 920 368 incompositisffi’)
947 323 1105 356 moribus
1131 329 1164 355 ct

174 371 347 404 accersitis
366 370 471 407 vitiis,
498 370 541 401 ad
560 371 796 411 severitatem,
823 372 1032 406 modestiam
1051 379 1084 406 et
1103 386 1163 418 ap-

173 422 378 465 petitionem
403 418 594 453 bonorum.

273 471 427 515 Quintus
446 482 529 503 vero
550 471 646 504 Mars
663 471 801 504 virilem
825 479 974 505 aetatem
994 475 1082 517 regit
1102 485 1163 505 an-

171 534 234 555 nos
261 522 484 566 quindecim,
531 521 624 554 iuxta
651 534 748 555 suam
773 523 979 566 periodum;
1025 531 1059 557 et
1081 525 1162 557 facit

171 573 308 605 animos
327 572 481 604 acriores
500 578 533 604 et
548 572 710 605 laborum
736 574 1005 613 tolerantiores‚
1043 581 1075 607 et
1102 587 1162 606 au-

171 630 226 666 get
251 622 505 656 sollicitudines
531 629 563 655 et
586 623 765 657 molestias
792 625 902 656 animi
928 632 961 657 ct
990 625 1162 669 corporis,

170 686 210 706 ac
240 685 378 706 sensum
413 673 504 705 indit
535 679 568 705 et
597 674 871 716 cogitationem,
910 675 1024 720 qualis
1048 681 1099 708 est
1126 675 1161 706 in

170 730 284 757 aetate
304 736 438 767 egressa
458 724 527 755 iam
546 724 776 767 praecipuum
795 725 967 767 vigorem,
985 732 1018 758 et
1034 737 1162 758 acuens

171 776 213 808 ad
230 776 422 817 gerendum
441 773 575 818 aliquid
594 781 794 808 memoratu
821 776 966 818 dignuin
980 803 988 815 ‚
1024 782 1058 808 et
1083 788 1159 808 cum

169 826 291 858 labore
317 824 600 869 suscipiendum,
639 832 830 871 antequam
857 827 1005 870 propius
1028 826 1163 859 accedit

171 877 261 910 finis.

271 926 394 959 Sextus
415 923 548 969 Iupiter
578 925 666 968 regit
690 932 865 959 senectam
892 938 1005 960 annos
1029 927 1163 959 duode-

170 977 257 1015 cim,
286 977 379 1009 iuxta
396 988 499 1009 suum
519 975 724 1015 circuitum,
761 989 800 1009 ac
822 977 905 1009 facit
931 977 1087 1010 aversari
1113 978 1162 1009 la-

168 1029 272 1061 bores
302 1026 529 1070 propriarum
559 1038 750 1066 manuum,
786 1027 960 1066 difficiles,
995 1028 1162 1060 molestos

170 1086 203 1111 et
221 1077 456 1122 periculos053
491 1082 524 1109 et
547 1077 689 1110 adducit
712 1077 943 1120 gravitatem,
970 1078 1162 1120 providen-

169 1130 276 1168 tiam,
311 1139 470 1160 amorem
498 1140 740 1167 successuum,
773 1128 992 1171 diligentiam
1019 1128 1056 1160 in
1080 1140 1162 1160 con-

169 1181 248 1214 silio
269 1179 464 1222 capiendo,
498 1178 535 1210 in
559 1178 865 1211 admonitionibus
891 1185 924 1211 et
949 1178 1161 1211 consolatio-

168 1231 291 1269 nibus,
319 1241 439 1262 curam
459 1229 580 1261 tuendi
598 1226 745 1261 honoris
762 1235 795 1261 et
810 1229 944 1269 laudis,
970 1228 1162 1262 liberalita-

170 1288 238 1314 tem
251 1308 260 1321 ,
287 1278 524 1313 reverentiam
544 1284 577 1311 et
594 1279 831 1312 sanctitatem.

271 1331 477 1364 Postremus
505 1335 555 1363 est
581 1329 776 1370 Saturnus,
821 1329 882 1374 qui
914 1329 1077 1362 ultimam
1110 1341 1162 1362 se-

170 1389 308 1416 nectam
328 1381 438 1424 regit,
467 1393 545 1413 cum
562 1380 632 1412 iam
651 1380 763 1412 nimio
790 1381 922 1424 frigore
945 1379 1105 1423 corporis
1128 1385 1162 1411 et

171 1434 311 1466 animae
337 1437 455 1464 motus
478 1431 745 1474 impediuntur,
786 1431 824 1462 in
850 1430 1018 1469 audacia,
1062 1430 1162 1462 volu-

171 1490 266 1528 ptate
301 1482 462 1515 ciborum
499 1488 532 1514 et
565 1481 723 1514 libidine.
802 1481 996 1526 Postquam
1034 1487 1160 1513 natura

173 1534 301 1567 amisso
320 1533 441 1575 vigore
460 1538 532 1564 tam
552 1532 712 1564 celeriter
728 1532 863 1571 deficit,
889 1538 922 1564 et
937 1532 1062 1564 arescit
1087 1543 1163 1563 cor-

172 1598 258 1630 pus,
286 1590 319 1617 et
338 1583 471 1615 accedit
486 1582 648 1622 tristitia,
683 1589 716 1615 et
740 1583 852 1616 facilis
878 1589 928 1615 est
954 1582 1103 1615 offensio
1131 1587 1164 1614 et

172 1646 301 1679 magna
333 1633 540 1672 morositas,
581 1639 728 1677 propter
757 1640 918 1666 motuum
944 1632 1164 1665 imbecillita-

174 1694 263 1725 tem,
304 1684 487 1729 propriam
522 1683 573 1715 illi
604 1683 722 1717 aetati.
783 1684 880 1716 Haec
902 1690 984 1717 sunt
1008 1689 1162 1716 aetatum

174 1736 395 1773 discrimina,
423 1735 460 1766 in
479 1746 606 1778 genere
622 1734 856 1767 considerata.

275 1786 511 1819 Particulares
542 1797 626 1817 vero
661 1785 934 1827 significationes
972 1785 1165 1817 sumendae

174 1844 256 1872 sunt
271 1837 463 1870 secundum
481 1846 580 1869 suam
608 1836 776 1880 cuiusque
799 1835 962 1878 genesin,
997 1841 1036 1868 ut
1058 1846 1163 1878 supra

176 1890 219 1921 de
235 1887 380 1929 singulis
397 1887 489 1919 vitae
507 1886 672 1929 gradibus
690 1892 722 1918 et
741 1886 979 1919 accidentibus
997 1886 1088 1924 dixi,
1125 1897 1165 1917 ex

176 1940 254 1972 loco
279 1937 494 1971 dimissionis
519 1937 724 1975 radiorum,
761 1942 799 1968 ut
822 1938 864 1969 de
890 1937 982 1969 vitae
1004 1942 1165 1979 tempore

177 1990 307 2023 dictum
328 1995 388 2021 est.
434 1987 671 2031 Spectandum
690 1987 870 2027 videlicet,
899 1988 1041 2032 quando
1060 1986 1165 2029 signi—

178 2042 301 2073 ficator
319 2040 361 2071 ad
379 2051 456 2071 eum
479 2039 595 2070 locum
613 2037 809 2081 perveniat.

280 2092 331 2124 Ac
347 2102 386 2122 ex
403 2087 602 2132 horoscopo
621 2089 663 2120 de
680 2088 881 2120 valetudine
906 2093 939 2119 et
961 2086 1166 2130 peregrina-

178 2142 274 2174 tione
292 2141 519 2173 iudicandum
538 2139 622 2176 erit;
659 2140 701 2171 de
722 2138 965 2176 facultatibus,
999 2149 1040 2169 ex
1065 2143 1165 2180 parte

178 2193 360 2228 fortunae;
390 2202 431 2223 ex
452 2189 577 2222 Lunae
603 2189 740 2233 positu,
775 2190 818 2221 de
843 2188 982 2220 animae
1006 2188 1166 2220 moribus

180 2248 213 2275 et
230 2241 515 2278 conversatione;
544 2252 585 2273 ex
601 2240 692 2273 Solis
708 2239 845 2283 positu,
874 2240 915 2271 de
938 2238 1109 2281 dignitate
1134 2244 1166 2270 et

180 2292 311 2336 gloria;
348 2298 383 2323 at
397 2303 438 2323 ex
454 2291 572 2323 medio
593 2290 700 2330 coeli,
728 2292 770 2322 de
786 2290 932 2322 caeteris
949 2289 1041 2321 vitae
1059 2289 1166 2321 actio-

181 2343 304 2380 nibus,
333 2342 374 2373 de
393 2342 572 2381 amicitiis,
600 2343 641 2374 de
658 2341 904 2384 procreatione
922 2340 1129 2372 liberorum.

282 2391 364 2425 Non
381 2392 472 2424 enirn
492 2392 558 2424 erit
574 2404 641 2423 una
659 2392 811 2424 benefica
830 2391 928 2424 stella
948 2391 1167 2423 dominatrix

181 2442 304 2476 eodem
338 2449 518 2485 tempore,
563 2453 639 2474 cum
673 2442 783 2474 multa
819 2447 1033 2474 concurrant
1062 2441 1167 2474 simul

182 2493 358 2527 contraria
380 2492 585 2525 accidentia.
632 2491 680 2524 Ut
697 2493 839 2536 quando
859 2492 986 2537 aliquis
1003 2492 1168 2525 amittens

182 2550 391 2587 cognatum,
430 2542 555 2586 accipit
580 2540 851 2580 haereditatem
894 2549 955 2576 aut
981 2548 1168 2586 aegrotans

216 2629 262 2657 29)
283 2624 480 2654 incompositis]
505 2623 546 2646 sic
569 2623 729 2652 scripsimus
755 2632 788 2644 =
815 2623 929 2649 Ptolem.
954 2620 1169 2655 a’xccwmuitwm

251 2661 300 2685 Ed.
318 2660 389 2684 1553.
409 2665 505 2682 errore
523 2659 650 2688 typogr.:
677 2658 846 2687 incomputis.

1218 172 1262 203 ad
1287 171 1494 215 dignitatem
1521 169 1699 209 evehitur;
1745 178 1804 204 aut
1828 184 1906 205 cum
1935 174 2070 206 amanti
2095 175 2207 208 otium

1217 229 1411 255 nascuntur
1432 222 1551 260 liberi;
1588 227 1648 254 aut
1671 229 1888 256 concurrunt
1914 223 2003 264 alia,
2036 230 2076 258 ut
2096 225 2209 258 multa

1218 273 1375 305 accidere
1407 273 1532 306 solent,
1600 272 1682 305 Non
1709 273 1801 304 enim
1828 273 1961 317 pariter
1985 275 2089 308 fausti
2115 281 2209 315 sunt,

1217 329 1278 355 aut
1298 323 1441 355 infausti
1460 329 1604 355 eventus
1625 334 1837 366 corporum,
1871 324 2029 365 animae,
2062 326 2210 359 faculta-

1217 379 1311 412 tum,
1338 373 1539 416 dignitatis,
1567 374 1764 406 amicorum
1783 379 1844 406 aut
1868 374 2112 414 inimicorum;
2148 377 2209 409 sed

1218 423 1342 456 accidit
1360 424 1507 456 sortasse
1532 423 1599 455 tale
1622 423 1791 468 quiddam
1820 424 1855 456 in
1879 437 2016 458 summa
2042 426 2210 459 felicitate

1217 480 1277 506 aut
1301 486 1437 506 summa
1465 473 1684 513 calamitate,
1729 475 1873 519 quando
1906 482 2124 509 concurrunt
2148 482 2211 510 aut

1216 525 1391 556 beneficae
1410 524 1507 556 omni
1525 524 1707 557 radiorum
1735 525 1962 565 dimissione,
1998 532 2060 559 aut
2085 532 2209 559 contra

1217 575 1406 607 maleficae.
1459 574 1525 607 Sed
1544 575 1579 607 id
1596 587 1678 607 raro
1698 575 1754 615 fit,
1782 582 1970 619 propterea
1999 577 2097 621 quod
2121 574 2210 609 haec

1216 625 1353 656 infirma
1375 623 1560 658 hominum
1586 631 1712 657 natura
1741 637 1823 658 raro
1848 627 1892 659 ad
1918 627 2129 659 alterutrum
2153 638 2211 660 ex-

1217 681 1413 707 tremorum
1444 676 1597 715 accedit,
1640 677 1699 708 sed
1730 688 1842 719 prona
1871 683 1922 709 est
1947 678 1993 709 ad
2016 677 2209 710 mixturam

1216 726 1393 757 bonorum
1413 732 1447 758 et
1465 727 1657 759 malorum.

1317 775 1411 808 Loca
1430 776 1537 819 igitur
1554 775 1818 820 prorogatoris,
1846 776 1940 809 dicto
1963 777 2072 810 modo
2095 787 2211 810 sume-

1216 838 1312 865 mus,
1341 827 1457 859 stcllas
1473 833 1696 860 occurrentes
1713 826 1779 859 sibi
1796 826 1831 858 in
1849 826 1935 860 locis
1947 853 1956 866 ,
1984 828 2028 859 ad
2045 838 2136 872 quae
2152 839 2210 859 ra-

1216 877 1265 908 dii
1291 877 1538 915 dimittuntur;
1577 889 1641 909 nec
1666 877 1780 910 solum
1803 889 1983 911 sumemus
2008 877 2210 909 interfecto-

1214 939 1289 966 res,
1331 933 1370 960 ut
1398 928 1441 959 de
1470 927 1563 959 vitae
1597 927 1817 971 temporibus
1843 927 1936 967 dixi,
1976 929 2035 961 sed
2060 926 2225 960 omnino'

1217 989 1357 1014 omnes;
1399 989 1464 1010 nec
1487 983 1626 1010 tantum
1651 978 1860 1021 corporibus
1885 978 2113 1017 coniunctos,
2149 983 2211 1010 aut

1217 1028 1420 1071 oppositos,
1456 1034 1517 1060 aut
1542 1040 1582 1061 ex
1605 1029 1780 1073 quadrato
1803 1040 1838 1061 se
1861 1028 2114 1072 adspicientes,
2149 1027 2211 1061 sed

1216 1078 1321 1110 etiam
1343 1089 1383 1109 ex
1398 1077 1540 1120 trigono
1559 1085 1619 1110 aut
1635 1079 1826 1121 sexangulo
1845 1091 1879 1112 se
1897 1079 2142 1122 adspicientes.

1318 1126 1362 1159 Et
1379 1128 1534 1170 primum
1555 1128 1697 1172 quidem
1716 1129 1834 1160 danda
1860 1135 1942 1161 sunt
1964 1135 2126 1173 tempora
2151 1140 2211 1162 cu-

1216 1177 1358 1210 iuslibet
1374 1178 1639 1220 prorogationis
1655 1178 1705 1209 illi
1724 1178 1907 1221 planetae,
1942 1179 2002 1223 qui
2018 1185 2114 1212 tenet
2131 1191 2211 1222 gra-

1216 1229 1300 1260 dum
1318 1227 1387 1260 loci
1404 1226 1576 1271 aphetici,
1604 1234 1665 1261 aut
1682 1228 1784 1260 alteri
1797 1228 1896 1260 illum
1914 1229 2191 1274 adspicientiffl).

1319 1278 1356 1311 Si
1373 1285 1489 1311 autem
1509 1279 1623 1318 deest,
1649 1279 1773 1311 demus
1792 1278 1823 1310 ei
1840 1279 2024 1322 planetae,
2050 1280 2111 1325 qui
2126 1291 2212 1323 pro-

1215 1328 1308 1361 xime
1341 1329 1546 1368 antecessit,
1589 1330 1702 1361 donec
1732 1329 1982 1371 perveniemus
2015 1330 2060 1362 ad
2087 1330 2211 1370 alium,

1216 1379 1278 1423 qui
1295 1379 1495 1421 adplicatur
1511 1381 1556 1411 ad
1584 1385 1789 1423 sequentem
1815 1380 1964 1422 gradum
1990 1379 2085 1412 iuxta
2115 1380 2211 1412 ordi-

1216 1441 1297 1461 nem
1319 1429 1516 1471 signorum.

1317 1478 1455 1512 Deinde
1489 1477 1570 1512 huic
1603 1479 1800 1512 tribuemus
1833 1485 1995 1523 tempora
2026 1491 2139 1525 usque
2165 1479 2212 1512 ad

1216 1536 1443 1575 sequentem,
1472 1530 1559 1562 etin
1576 1530 1722 1562 caeteris
1743 1530 1924 1567 similiter3
1959 1536 1994 1562 et
2016 1531 2122 1563 simul
2148 1530 2211 1562 ad-

1216 1587 1404 1614 sumantur
1420 1580 1602 1624 planetae,
1627 1587 1666 1613 ut
1683 1586 1764 1613 sunt
1781 1580 2022 1624 dispositores,
2050 1580 2112 1626 qui
2128 1586 2213 1614 sunt

1218 1631 1254 1664 in
1272 1631 1343 1665 suis
1363 1631 1503 1664 finibus.

1321 1682 1408 1714 Cum
1428 1688 1544 1714 autem
1561 1682 1770 1724 prorogatio
1798 1681 1949 1714 sumitur
1972 1681 2016 1714 ab
2039 1679 2210 1714 horosco-

1218 1744 1284 1775 p0,
1312 1733 1440 1764 dentur
1463 1730 1547 1763 anni
1573 1732 1738 1772 gradibus
1764 1732 2016 1774 longitudinis,
2044 1732 2211 1777 aequales

1220 1782 1483 1815 ascensionibus
1503 1781 1671 1826 cuiusque
1699 1782 1860 1815 climatis.
1920 1782 1984 1815 Sin
2006 1788 2125 1815 autern
2152 1794 2209 1815 su-

1218 1833 1328 1865 mitur
1361 1832 1568 1876 prorogatio
1605 1844 1623 1864 a
1659 1833 1777 1865 medio
1815 1833 1925 1872 coeli,
1966 1833 2095 1866 dentur
2123 1832 2210 1865 anni

1219 1883 1382 1927 aequales
1399 1882 1662 1916 ascensionibus
1679 1883 1787 1915 medii
1804 1883 1903 1915 coeli.
1955 1883 2006 1915 Ac
2027 1895 2138 1928 usque
2163 1883 2210 1922 ad

1220 1934 1399 1966 cardinem
1427 1933 1533 1966 simili
1556 1934 1664 1965 modo
1688 1934 1817 1966 dentur
1843 1933 1927 1965 anni
1953 1934 2119 1978 aequales
2142 1944 2209 1977 pro

1219 1985 1452 2028 proportione
1471 1983 1589 2016 collati
1605 1984 1649 2015 ad
1664 1984 1904 2023 ascensiones,
1932 1990 1993 2016 aut
2013 1983 2211 2017 descensio—

1218 2047 1301 2074 nes,
1328 2041 1388 2067 aut
1406 2034 1592 2067 transitum
1613 2034 1649 2065 in
1664 2034 1782 2066 medio
1800 2034 1907 2072 coeli;
1941 2034 2032 2067 sicut
2048 2040 2081 2066 et
2101 2044 2210 2078 supra

1219 2086 1351 2117 dictum
1371 2090 1422 2117 est
1440 2085 1482 2117 de
1499 2084 1591 2116 vitae
1606 2084 1837 2128 temporibus.

1321 2135 1584 2168 Constituemus
1601 2146 1683 2178 ergo
1702 2135 1911 2178 praecipuos
1931 2146 1971 2166 ac
1993 2133 2212 2168 universales

1220 2193 1420 2229 temporum
1447 2186 1606 2224 datores,
1650 2184 1716 2217 hoc
1740 2186 1868 2225 modo,
1906 2197 2010 2230 quem
2038 2184 2210 2218 recensui·

1220 2238 1343 2269 Annos
1358 2248 1443 2268 vero
1463 2235 1716 2269 constituemus
1732 2233 1800 2268 hoc
1817 2236 1924 2268 modo
1936 2262 1945 2275 ,
1963 2241 2210 2280 computantes

1219 2288 1412 2321 secundum
1431 2286 1613 2330 signorum
1631 2287 1885 2320 successionem
1903 2298 1920 2318 a
1939 2286 2017 2319 loco
2036 2297 2211 2330 proroga-

1220 2345 1296 2370 tore
1323 2350 1511 2370 numerum
1540 2349 1716 2369 annorum
1740 2337 1836 2377 nati,
1864 2343 1897 2369 et
1922 2337 2068 2380 singulis
2092 2335 2211 2380 gradi-

1220 2390 1284 2422 bus
1310 2401 1442 2421 annum
1469 2388 1684 2427 tribuentes,
1719 2400 1759 2420 ac
1785 2394 1962 2421 sumentes
1989 2394 2209 2431 postremum

1221 2446 1390 2484 tanquam
1408 2438 1669 2483 dispositorem.
1730 2438 1785 2471 Sic
1803 2444 1836 2471 et
1851 2440 1894 2470 de
1911 2438 2088 2471 mensibus
2104 2437 2210 2470 sacie-

1220 2503 1318 2530 mus,
1354 2495 1598 2533 computantes
1622 2500 1808 2521 numerum
1837 2489 2011 2522 mensium
2036 2501 2054 2521 a
2082 2487 2212 2521 nativi-

1221 2547 1290 2574 tate
1303 2567 1312 2580 ,
1339 2552 1358 2573 a
1377 2541 1474 2580 loco,
1502 2540 1563 2585 qui
1578 2539 1784 2573 dominatur
1802 2539 1832 2573 ei
1850 2552 1962 2580 anno,
1990 2552 2096 2585 quem
2113 2551 2211 2572 com-

1253 2657 1301 2685 30)
1320 2656 1497 2686 adspicienti]
1516 2656 1564 2680 Ed.
1582 2656 1656 2680 1553.
1676 2661 1771 2680 errore
1791 2656 1917 2687 typogr.:
1942 2654 2104 2686 adspicenti.

2361 1026 2368 1076 ἶ
