2373 2980
208 114 282 150 759

260 202 332 244 lph.
392 201 486 241 Scis,
531 212 621 246 quae
648 212 743 234 nunc
778 200 854 234 ficri
882 201 1036 234 debent?
1117 204 1198 237 Tho.

620 251 751 285 Dicito.

260 303 333 346 lph.
355 301 473 336 Addes
488 302 629 335 vincula
646 301 858 347 hospitibus.
898 303 979 337 Tho.
1004 303 1198 348 Quomodo

631 359 780 398 possunt
797 353 992 398 aufugere?

213 402 308 440 1205
332 405 406 447 lph.
430 402 527 438 Nihil
555 404 615 437 fidi
630 402 737 438 habet
753 405 915 439 Graecia.
972 406 1052 440 Tho.
1081 404 1130 438 Ite
1155 406 1199 438 ad

626 456 767 489 vincula
790 455 957 490 ministri.

260 507 332 548 lph.
356 505 520 539 Educant
537 503 607 539 huc
626 504 795 551 hospites.
853 509 933 542 Tho.
955 506 1045 541 Fiet.

260 558 334 600 lph.
359 556 535 600 Tegentes
550 557 668 591 vultus
685 570 807 592 eorum
827 570 845 591 a
864 559 947 592 solis
965 558 1122 591 flamma.

261 608 361 641 Adde
389 614 428 641 tu
452 605 541 641 mihi
563 609 721 643 comites.
792 611 872 644 Tho.
909 609 969 643 Isti
995 615 1027 642 te
1054 609 1200 642 comita-

623 661 772 694 buntur.

262 710 336 752 Jph.
366 708 412 742 Et
432 709 532 744 mitte
555 710 690 744 civitati
716 711 876 756 aliquos,
910 710 970 757 qui
994 710 1044 743 illi
1069 709 1200 754 signifi-

623 769 714 796 cent.
771 764 851 797 Tleo.
878 761 998 807 Quid?

214 812 312 847 1210
335 813 409 855 lph.
432 811 482 845 Ut
492 812 537 858 ⁷⁴)
554 825 677 847 ornnes
694 820 865 846 maneant
883 813 993 847 domi.
1051 813 1131 846 Tho.
1148 811 1200 846 Ne

622 864 864 898 interveniant
880 862 961 897 huic
979 863 1081 896 neci?

265 915 338 957 ΙρῘι.
380 912 470 947 illud
503 915 597 948 enim
624 922 712 949 esset
742 915 1037 948 abominandum.

620 967 720 999 Vade
739 973 773 999 et
791 966 932 1006 edicito,

263 1015 316 1051 Ne
336 1015 415 1061 quis
438 1015 665 1051 interveniat.
718 1019 791 1061 ΙρΙι.
817 1017 925 1051 Recte
942 1028 1044 1050 curas
1063 1015 1200 1049 urbem.

264 1067 392 1101 Nullus
408 1068 520 1112 magis
537 1075 638 1102 curat
654 1068 865 1103 amicorum.
905 1070 986 1103 Tho.
1009 1067 1067 1100 Tu
1086 1067 1129 1100 de
1146 1079 1201 1099 me

627 1120 728 1160 dicis,

265 1169 353 1203 Cum
373 1168 494 1202 civitas
511 1170 624 1214 magis
640 1171 677 1204 in
698 1177 731 1204 te
747 1177 908 1211 tueatur,
937 1182 1044 1216 quam
1063 1169 1100 1202 in
1117 1181 1186 1202 mc.

217 1219 312 1256 1215
346 1222 420 1264 ka.
450 1220 507 1254 Tu
534 1219 592 1255 hic
627 1229 770 1267 expecta
804 1235 868 1255 nos
901 1228 983 1254 ante
1017 1221 1201 1266 templum.

633 1276 714 1309 Tho.
741 1274 836 1319 Quid
851 1271 1033 1307 facturus?

262 1325 336 1366 lph.
363 1323 572 1360 Purificabis
589 1337 677 1360 auro
696 1326 881 1371 templum.

268 1376 346 1409 Tho.
372 1374 451 1409 Erit
467 1389 617 1421 purum,
635 1379 779 1424 quando
798 1377 930 1412 redibis
939 1378 998 1425 ⁷⁵).

1121 914 1201 948 Tho,

318 1512 379 1547 ΙρῙι.
398 1513 588 1546 Reprehendi,
608 1514 752 1545 postquam
771 1514 846 1538 Deae
864 1512 1057 1537 simulachrum
1075 1515 1203 1534 aversum

630 1551 672 1573 est
691 1551 777 1575 retro.

320 1584 388 1608 Tho.
409 1583 510 1607 Scitam
529 1585 557 1607 te
575 1584 644 1608 aluit
663 1584 797 1611 Graecia,
816 1583 941 1613 quoniam
960 1580 1076 1605 sensisti
1095 1578 1186 1603 bene*

322 1619 381 1650 11111.
403 1619 438 1642 Et
456 1625 527 1642 nunc
545 1619 704 1642 obiecerunt
721 1619 876 1641 illecebram
897 1623 1009 1640 suavem
1029 1615 1092 1639 mihi
1110 1611 1203 1637 animi.

320 1653 388 1678 ΤΙιο.
414 1653 456 1676 Ex
479 1654 561 1676 rebus
587 1653 699 1702 Argivi?
725 1653 849 1683 quiddam
875 1653 984 1683 gratum
1009 1648 1204 1673 annuntiantes

624 1685 690 1710 tihi'.

320 1720 382 1751 Iph.
402 1720 518 1744 Unicum
539 1721 664 1746 Orestem
678 1738 685 1751 ,
705 1727 792 1744 meum
811 1720 942 1749 fratrem,
963 1720 1072 1743 beatum
1094 1723 1166 1741 esse.

321 1756 388 1780 Tho.
419 1755 551 1779 Nimirum
575 1757 604 1779 ut
637 1756 712 1785 ipsos
725 1761 871 1805 eservares
894 1755 1008 1784 propter
1033 1752 1203 1782 voluptatem

626 1788 733 1813 nuutii‘.

320 1825 381 1854 17111.
401 1826 436 1849 Et
455 1826 561 1854 patrem
580 1825 675 1848 vivere
695 1826 722 1847 et
741 1825 809 1847 bene
826 1828 910 1854 agere
929 1828 1025 1846 meum.

323 1860 388 1883 Tho.
409 1860 463 1883 sed
481 1862 509 1882 tu
529 1860 563 1883 ad
581 1859 683 1882 cultum
702 1858 776 1881 Deae
797 1857 941 1887 propendis
962 1857 1068 1880 merito.

321 1893 381 1923 lph.
401 1895 494 1917 Totam
514 1894 576 1917 odio
595 1893 694 1916 babent
715 1891 878 1921 Graeciam,
897 1897 965 1920 quae
984 1897 1027 1914 me
1048 1889 1175 1920 perdidit.

323 1928 389 1952 Tho.
409 1928 479 1956 Ouid
499 1928 581 1958 igitur
599 1933 712 1957 agemus
725 1943 732 1955 ,
751 1926 808 1955 dic,
828 1926 861 1948 de
879 1925 942 1948 istis
960 1921 1135 1954 hospitibus?

322 1962 383 1992 Iph.
403 1962 493 1985 Ritum
512 1962 667 1985 necessitas
686 1962 729 1984 est
747 1960 924 1983 coustitutum
944 1959 1044 1983 colere.

323 1997 390 2021 Tho.
409 1996 497 2024 Igitur
515 1996 542 2019 in
562 2002 592 2019 re
611 1996 671 2025 ipsa
688 2000 785 2018 sacrae
804 1994 921 2017 lotiones
940 1995 967 2017 et
986 1993 1093 2024 gladius
1112 1994 1186 2018 tuus.

323 2031 382 2060 ΙμΙι.
404 2031 514 2054 sanctis
531 2030 652 2054 lavacris
671 2029 784 2059 primum
804 2028 881 2058 ipsos
900 2029 994 2052 lavare
1014 2028 1085 2051 volo.

325 2065 389 2089 ΤΙιο.
410 2065 542 2088 Fontibus
561 2069 691 2094 aquarum
710 2063 865 2092 fluentium,
884 2065 931 2085 aut
949 2062 1054 2086 marino
1074 2059 1162 2086 rore?

322 2100 383 2130 [μὴ.
403 2100 480 2122 Mare
498 2099 582 2123 abluit
601 2098 691 2122 omnia
707 2097 843 2121 hominum
862 2098 983 2126 peccata.

324 2134 391 2158 Tho.
413 2133 541 2157 Sanctius
560 2133 644 2163 igitur
664 2133 738 2156 Deae
756 2132 911 2155 ceciderint.

324 2169 385 2199 1711..
406 2169 439 2191 Et
456 2168 574 2191 officium
594 2174 681 2190 meum
703 2167 743 2190 sic
760 2166 848 2196 magis
869 2167 936 2188 bene
955 2165 1088 2190 babuerit.

325 2204 391 2227 Tho.
412 2203 505 2232 ltaque
523 2202 558 2224 ad
578 2202 664 2231 ipsum
684 2201 812 2230 templum
831 2199 918 2223 affluit
935 2200 1043 2224 fluctus.

322 2238 383 2268 Iph.
402 2236 563 2261 solitudinis
581 2242 649 2265 opus
669 2237 727 2264 est·,
745 2240 859 2264 namque
877 2234 933 2257 alia
952 2240 1075 2263 egemus.

324 2272 391 2295 Tho.
418 2271 525 2301 Abduc,
544 2276 701 2300 quocunque
721 2270 781 2296 vis:
805 2274 857 2292 non
876 2268 953 2298 cupio
972 2270 1080 2291 secreta
1099 2267 1204 2292 videre.

324 2305 384 2336 Iph.
403 2305 589 2329 Lustrandum
608 2304 670 2327 mibi
691 2304 772 2327 etiam
793 2304 867 2326 Deae
886 2303 1088 2326 simulachrum.

324 2340 391 2363 Tho.
411 2340 439 2364 Si
458 2339 563 2369 quidem
583 2339 690 2362 macula
707 2337 829 2367 aspersit
848 2337 934 2366 ipsum
952 2333 1113 2366 parricidii?

324 2375 384 2404 Iph.
404 2374 480 2397 Alias
500 2379 635 2403 nunquam
653 2373 740 2403 ipsum
755 2371 927 2395 sustulissem
947 2377 964 2394 a
983 2371 1104 2395 sedibus.

324 2409 392 2432 Tho.
411 2408 486 2431 Iusta
506 2409 548 2431 est
567 2408 628 2437 ipsa
645 2407 760 2437 religio,
780 2407 807 2429 et
826 2406 978 2436 prudentia.

254 2451 302 2479 74)
321 2449 368 2481 Ut]
390 2450 430 2473 sic
451 2449 533 2474 Editt.
554 2450 674 2479 recent.;
693 2448 742 2473 Ed.
765 2448 840 2472 1562.
859 2448 904 2470 Et.

253 2493 302 2522 75)
321 2492 383 2524 ιρι..
403 2492 463 2515 Scis
481 2507 515 2512 -
534 2492 646 2516 redibis.
666 2490 722 2523 (vs.
741 2488 964 2522 ¹203-1216.)]
983 2490 1024 2514 sic
1042 2490 1092 2514 Ed.
1113 2490 1205 2519 1562.;

323 2562 386 2592 Iph.
406 2562 465 2584 scis
484 2567 572 2590 nunc,
597 2566 667 2591 quae
684 2560 747 2584 mihi
765 2560 826 2584 fieri
844 2556 981 2583 debeant?

630 2597 672 2619 est
691 2596 740 2618 hoc
759 2595 890 2618 indicare.

326 2630 386 2662 lym.
411 2630 532 2654 Vincula
555 2630 704 2660 hospitibus
727 2629 803 2653 addc.

632 2670 698 2693 gere
716 2660 852 2693 possunt?

325 2698 385 2729 lpk.
409 2698 504 2723 Fidele
522 2698 639 2721 Graecia
657 2697 721 2720 nihil
741 2698 827 2722 novit.

633 2736 647 2753 o
665 2731 769 2754 famuli-

1035 2559 1101 2584 Tho.
1122 2559 1206 2582 Tuum

861 2629 929 2653 Tho.
954 2629 1112 2657 Quonamne
1137 2627 1206 2651 ell'u·

880 2697 949 2722 Tho.
975 2696 1015 2720 lte
1033 2696 1068 2720 ad
1086 2696 1206 2727 vincula,

780 115 902 149 PHlL.
936 115 1048 150 MEL.
1084 115 1284 151 SCRIPTA
1320 116 1659 153 PHILOLOGICA.

2167 119 2241 154 760

1302 206 1376 248 Iph.
1419 204 1508 238 Cum
1533 202 1760 247 egredientur
1783 198 1951 246 hospites.
2022 201 2112 237 Tho:
2145 204 2241 249 Quid

1661 259 1736 286 tum
1753 259 1895 296 oportet
1914 266 1969 286 rne
1988 254 2128 287 facere?

1303 308 1376 350 Iph.
1401 306 1497 349 Tege
1522 305 1643 339 oculos
1668 303 1786 348 peplo.
1849 305 1929 342 Tho,
1952 304 2004 339 Ne
2030 302 2241 339 contraham

1668 354 1872 398 contagium
1891 355 2031 391 caedis?

1303 409 1377 450 Iph.
1429 406 1492 440 Sin
1533 406 1682 440 videbor
1724 405 1856 440 diutius
1900 407 2070 442 cunctari.
2161 409 2240 442 Tho.

1665 456 1794 490 Modus
1812 454 1917 491 huius
1934 457 1984 490 rei
2005 457 2083 503 quis
2100 458 2191 492 erit?

1257 509 1355 544 1220
1381 507 1513 555 Iph.⁷⁶)
1542 506 1641 543 Nihil
1658 508 1810 541 mireris.

1308 561 1389 594 Tho.
1416 559 1486 593 Res
1505 559 1603 592 Deae
1620 572 1703 603 agas
1722 559 1837 592 otioso
1855 558 1988 593 animo.

1305 611 1376 654 Iph.
1402 610 1549 643 Utinam
1577 609 1665 643 haec
1687 609 1888 654 purificatio
1912 616 2005 643 recte
2030 610 2103 644 fiat.

1667 661 1713 694 Et
1730 673 1795 705 ego
1810 672 1950 705 precor.

1304 713 1377 755 lph.
1400 712 1474 746 Hos
1491 710 1649 756 hospites
1667 712 1738 745 iam
1756 711 1860 747 video
1878 711 2010 756 egredi,

1304 762 1350 796 Et
1368 770 1535 797 ornatum
1551 763 1648 796 Deae
1660 789 1669 803 ‚
1694 769 1728 796 ct
1743 762 1901 803 iuvenes,
1922 769 1961 796 ut
1978 763 2120 796 caedem
2140 760 2244 795 caede

1305 813 1440 848 Eluant
1451 815 1751 852 abominandam;
1769 820 1802 847 et
1815 814 1990 858 fulgorem
2004 814 2245 853 lucernarum,

1666 871 1700 899 et
1715 865 1867 910 reliqua,

1259 914 1356 952 1225
1395 916 1497 962 Quae
1521 916 1694 962 proposui
1717 914 1936 961 hospitibus,
1966 922 2000 949 et
2017 916 2063 949 ad
2080 914 2245 960 purifica-

1672 968 1808 1001 tionem
1826 966 1925 1001 Deae
1941 967 2133 1012 pertinent.

1304 1017 1416 1051 Edico
1434 1018 1589 1059 civibus,
1613 1025 1652 1052 ut
1669 1019 1853 1053 discedant
1868 1020 1912 1052 ab
1928 1017 1996 1052 hoc
2015 1017 2192 1062 contagio.

1306 1069 1344 1102 Si
1361 1069 1440 1114 quis
1454 1070 1669 1104 sacrificulus
1688 1070 1763 1103 vult
1779 1068 1910 1104 habere
1928 1082 2054 1104 manus
2071 1080 2193 1114 puras,

1306 1120 1378 1154 Aut
1418 1121 1515 1153 vadit
1557 1121 1713 1155 facturus
1756 1122 1918 1166 nuptias,
1967 1128 2029 1155 aut
2072 1121 2134 1166 qui
2168 1119 2244 1153 vult

1671 1173 1872 1219 lucrari⁷⁷),
2017 1173 2020 1175 Α

1305 1222 1444 1268 Fugite,
1464 1224 1588 1265 cedite,
1603 1237 1647 1258 ne
1666 1224 1721 1257 cui
1738 1222 2013 1258 adhaereathoc.
2026 1221 2244 1266 contagium.

1258 1275 1356 1310 1230
1392 1275 1425 1308 O
1449 1274 1541 1310 Iovis
1568 1282 1602 1309 et
1624 1275 1785 1308 Latonae
1808 1276 1877 1308 filia
1901 1275 2022 1319 virgo,
2065 1274 2094 1307 si
2123 1273 2244 1306 lavero

1667 1327 1810 1361 caedem

1307 1379 1446 1414 Horum
1457 1407 1466 1421 ‚
1491 1387 1525 1414 et
1542 1380 1787 1414 sacrificavero
1798 1406 1807 1418 ‚
1830 1385 1870 1412 ut
1885 1383 2047 1423 oportet,
2067 1373 2245 1409 habitabis

1666 1443 1793 1476 puram
1813 1432 1974 1469 domum,

1306 1480 1352 1514 Et
1371 1494 1436 1516 nos
1453 1481 1585 1516 erimus
1601 1482 1717 1521 beati;
1745 1482 1881 1527 reliqua
1902 1492 1975 1513 non
1994 1479 2074 1512 dico

1306 1532 1417 1567 Vobis
1433 1533 1530 1574 Diis,
1560 1533 1622 1579 qui
1647 1534 1749 1578 plura
1775 1532 1880 1566 scitis.
1935 1531 1988 1564 Te
2009 1529 2125 1562 Deam
2151 1538 2246 1560 corn-

1665 1585 1759 1629 pello
1771 1583 1829 1631 78).

2159 610 2240 644 Tho.

1358 1699 1421 1731 1ρ1ι.
1442 1700 1476 1722 Et
1495 1698 1621 1722 deferant
1639 1699 1689 1722 huc
1708 1698 1837 1728 hospites.
1877 1697 1942 1720 Tho.
1961 1695 2050 1719 Erunt
2067 1694 2143 1718 haee.

1360 1734 1421 1765 Iph.
1442 1733 1620 1757 Occultautes
1642 1733 1745 1762 peplis,
1765 1737 1832 1761 prae
1852 1731 1921 1754 solis
1941 1731 2057 1754 flamma.

1359 1769 1401 1792 Ex
1426 1768 1481 1791 tuis
1506 1773 1609 1790 mecum
1634 1767 1710 1790 mitte
1735 1767 1841 1795 aliquos
1868 1764 2044 1788 satellitibus.

1670 1801 1820 1830 sequentur
1837 1801 1872 1822 te.

1362 1836 1423 1867 lph.
1443 1836 1478 1859 Et
1496 1834 1601 1859 civitati
1615 1834 1692 1858 mitte
1710 1835 1843 1864 aliquem,
1867 1832 1911 1863 qui
1925 1832 2033 1856 indicet.
2071 1831 2138 1855 Tho.
2159 1831 2245 1860 Quam

1666 1869 1803 1892 fortunam
1814 1865 1827 1891 ’ἔ

1361 1904 1422 1936 Iph.
1451 1903 1531 1928 Domi
1550 1909 1662 1927 manere
1686 1909 1789 1926 omnes.

1667 1934 1766 1960 caedi?

1361 1973 1424 2004 1121».
1447 1971 1624 1996 Execrationi
1650 1972 1720 1995 enim
1745 1970 1861 1994 obnoxia
1881 1969 2032 1992 huiusmodi
2051 1968 2124 1992 sunt.

1673 2006 1742 2034 Abi,
1762 2007 1788 2028 et
1807 2005 1850 2027 dic
1869 2005 1897 2026 tu

1360 2040 1502 2065 Neminem
1529 2040 1564 2064 ad
1588 2041 1763 2069 conspectum
1790 2038 1928 2063 accedere.

1671 2074 1817 2098 civitatem.

1359 2111 1395 2134 Et
1413 2109 1563 2133 amicorum
1582 2109 1674 2132 nullus
1694 2109 1719 2132 in
1741 2107 1843 2138 primis.
1879 2106 1947 2131 ΤΙιο.
1965 2105 2042 2129 istud
2060 2104 2128 2128 dicis
2147 2104 2181 2128 ad
2193 2111 2246 2130 me.

1365 2146 1451 2173 Quam
1475 2143 1535 2166 iure
1555 2143 1656 2173 optimo
1676 2144 1703 2166 te
1722 2143 1780 2166 tota
1798 2141 1948 2165 admiratur
1966 2139 2074 2162 civitas.

1360 2179 1422 2210 Iph.
1445 2179 1483 2201 Tu
1503 2183 1570 2201 vero
1589 2182 1702 2200 maneus
1721 2177 1816 2199 ibidem
1836 2176 1901 2198 aute
1918 2174 2020 2203 templa
2037 2173 2121 2196 Deae.

1673 2210 1741 2240 Quid
1761 2210 1800 2233 rei
1819 2205 1921 2239 agam?

1360 2246 1422 2277 Iph.
1442 2245 1592 2269 Purificato
1610 2251 1678 2269 auro
1698 2245 1834 2273 templum.

1361 2281 1429 2306 ΤΙιο.
1446 2280 1488 2303 Ad
1505 2286 1601 2309 purum
1619 2281 1648 2302 ut
1666 2277 1822 2302 revertaris
1841 2272 1963 2300 iterum?

1292 2314 1341 2347 ⁷6)
1361 2313 1434 2346 ιμιι]
1455 2315 1481 2337 in
1500 2314 1549 2338 Ed.
1569 2314 1643 2337 1562.
1663 2313 1749 2336 deest.

1291 2350 1340 2382 77)
1360 2350 1420 2373 vult
1444 2346 1562 2377 lucrari]
1585 2348 1626 2371 his
1650 2348 1743 2370 verbis
1762 2345 1908 2376 Xylandcr
1932 2344 1959 2367 in
1980 2344 2028 2367 Ed.
2043 2343 2118 2367 1562.
2139 2343 2246 2367 adscri-

1327 2385 1381 2415 psit
1408 2385 1499 2407 notam
1529 2387 1631 2412 marg:
1664 2379 1798 2411 ,,τόκοις.,
1830 2381 1909 2409 partu
1943 2379 2094 2409 gravatur,
2125 2375 2245 2402 malim.'’

1328 2419 1410 2442 Editt.
1432 2417 1506 2441 1558.
1526 2418 1554 2439 et
1572 2418 1705 2440 recentt.:
1726 2418 1805 2445 partu
1825 2414 1967 2445 gravatur.

1292 2453 1340 2483 78)
1362 2453 1421 2484 Iph.
1441 2452 1508 2475 Cum
1522 2463 1557 2468 —
1569 2451 1709 2480 compello.
1726 2449 1781 2482 (vs.
1799 2445 2018 2478 1217—1233.)]
2035 2446 2074 2470 sic
2086 2446 2135 2471 Ed.
2153 2444 2245 2476 1562.;

1362 2521 1424 2552 11²1».
1453 2518 1566 2548 Quando
1594 2524 1663 2542 vero
1693 2518 1869 2546 egredientur
1893 2515 2022 2546 hospites.

1669 2553 1731 2577 niihi
1750 2548 1905 2584 agendum?

1362 2587 1425 2622 Iph-
1444 2589 1554 2619 Peplum
1573 2588 1661 2612 oculis
1679 2588 1834 2612 obtendere.
1871 2586 1937 2609 ΤΙιο.
1957 2585 1997 2609 Ne
2013 2585 2040 2608 in
2058 2583 2160 2609 crimen
2179 2588 2245 2607 san-

1674 2622 1830 2653 guinarium
1850 2620 1975 2644 incidam.

1362 2658 1426 2690 Iph.
1451 2657 1480 2682 Si
1502 2663 1569 2681 vero
1588 2657 1632 2680 diu
1650 2657 1746 2680 videar
1765 2655 1875 2679 morari.
1929 2655 1997 2679 ΤΙιυ.
2022 2652 2108 2676 Huius
2125 2652 2167 2677 rei
2184 2653 2244 2676 ter-

1673 2691 1773 2714 minum
1792 2696 1868 2721 quem
1888 2688 2034 2713 constituis
2052 2684 2137 2712 mihi?

1364 2728 1425 2759 Iph.
1452 2726 1563 2751 Mireris
1582 2725 1659 2750 nihil.

2101 1763 2170 1788 Tho.
2196 1761 2247 1785 Isti

1844 1902 1912 1926 Tho.
1939 1901 1979 1924 Ne
2003 1899 2110 1924 obviam
2133 1899 2247 1923 veniant

2177 1967 2246 1991 ΤΙιο.

1985 2036 2044 2068 Iph.
2072 2035 2146 2060 Scite
2165 2041 2246 2060 curas

2174 2172 2242 2197 Tho.

2077 2516 2144 2541 ΤΙιο.
2176 2513 2246 2544 Quid
