2373 2980
123 90 197 133 549

124 177 200 212 340
221 175 267 210 Et
280 180 418 219 patrem
429 199 438 213 ‚
460 172 522 219 qui
536 172 683 205 nomine
702 177 805 206 erant
819 171 945 212 amici,
966 183 1043 204 non
1057 183 1108 206 re.

175 227 232 261 Tu
257 232 373 259 autem
400 226 488 259 dans
504 235 565 264 ea,
591 235 681 269 quae
704 221 859 257 habuisti
877 220 1097 263 charissima,

173 278 245 311 Pro
270 288 349 309 mea
371 276 463 316 vita,
489 274 637 309 servasti
659 287 735 309 me:
759 274 880 320 itaque
904 275 1002 308 adest
1019 271 1109 307 mihi

537 337 677 371 gemere

174 378 363 412 Amittenti
385 384 418 411 te
441 378 548 411 talem
575 377 774 421 coniugem.

174 429 350 463 Omittam
370 429 534 462 convivia
560 434 594 462 et
616 428 848 462 convivarum
875 426 1053 468 sodalitia,

125 479 200 515 345
231 480 279 514 Et
294 492 464 520 coronas,
491 486 524 513 et
539 478 752 519 cantilenas,
778 491 869 525 quae
888 484 992 512 antea
1009 489 1110 512 occu-

534 537 712 575 paverunt
735 542 851 563 meam
878 531 1042 567 domum;

176 583 258 617 Non
284 582 437 626 amplius
463 580 636 625 attingam
662 581 856 622 barbitum,

175 634 299 679 Neque
317 634 476 666 animum
495 632 675 677 impellam
691 644 817 666 canere
837 633 882 665 ad
897 630 1068 676 Libycam

177 685 339 723 Tibiam;
365 691 403 718 tu
420 683 513 717 enim
533 683 695 728 eripuisti
712 681 802 716 mihi
818 694 941 716 omnes
959 683 1111 715 oblecta-

537 734 664 768 tiones.

176 787 306 821 Solerti
332 798 441 819 manu
466 785 640 819 artificum
668 797 796 830 corpus
818 791 919 818 tuum

127 836 201 873 350
226 837 431 881 Sculptum,
456 836 493 869 in
519 836 611 869 lecto
634 835 883 870 collocabitur:

177 890 282 934 Apud
317 889 414 933 quod
448 887 591 927 iacebo,
626 887 732 933 idque
769 887 1006 931 complectens
1038 897 1112 918 ma-

535 938 654 978 nibus,

179 990 318 1023 vocans
342 996 442 1023 tuum
464 1000 619 1030 nomen,
644 987 790 1022 charam
818 989 856 1021 in
878 988 1064 1033 complexu

178 1041 335 1074 Videbor
368 1039 500 1074 habere
524 1040 731 1084 coniugem,
764 1039 926 1086 quamvis
950 1051 1024 1072 non
1048 1036 1114 1071 ha-

537 1092 636 1124 bens.

178 1142 359 1187 Frigidam
379 1142 522 1188 quidem
541 1141 726 1188 opinorw)
743 1141 1016 1175 oblectationem
1029 1166 1038 1179 ,
1064 1146 1116 1172 ta-

538 1204 621 1225 men
646 1204 736 1227 onus

131 1244 206 1280 355
234 1244 384 1277 Animae
410 1241 651 1277 exhauserim:
679 1243 717 1276 in
742 1242 883 1277 somnio

182 1297 382 1329 Occurrens
399 1294 591 1327 oblectabis
600 1307 668 1328 me.
697 1294 871 1335 „Gratum
890 1300 941 1327 est
959 1292 1115 1325 amicum

183 1346 329 1386 „Etiam
345 1351 454 1378 noctu
469 1344 589 1378 videre
601 1371 610 1384 ,
636 1357 850 1390 quocunque
869 1344 1007 1377 venerit
1030 1350 1117 1376 tem-

542 1406 642 1439 pore.

183 1447 219 1480 Si
244 1443 334 1479 mihi
357 1443 494 1490 Orphei
522 1447 659 1479 adesset
678 1445 799 1489 lingua
827 1452 861 1478 et
885 1445 1032 1485 musica,

184 1498 234 1532 Ut
254 1498 364 1531 filiam
387 1496 525 1531 Cereris
550 1503 611 1530 aut
635 1497 709 1531 eius
731 1497 901 1530 maritum

134 1550 208 1584 360
235 1548 450 1582 Demulcens
474 1548 651 1589 carmine,
684 1548 728 1581 ab
760 1547 883 1582 inferis
914 1549 1118 1582 reducerem

546 1599 755 1643 coniugem:

184 1651 465 1690 Descenderem‚
489 1662 555 1683 nee
578 1662 635 1683 me
657 1649 822 1683 Plutonis
843 1649 952 1688 canis,

185 1703 311 1748 Neque
335 1703 508 1735 deductor
531 1701 755 1742 animarum,
785 1699 930 1734 Charon
954 1706 1062 1732 nauta

185 1754 389 1793 Refineret,
413 1752 622 1798 priusquam
645 1758 678 1785 te
704 1752 740 1785 in
765 1751 876 1785 vitam
905 1752 1122 1785 reducerem.

186 1805 321 1838 Verum
346 1804 417 1837 illic
441 1816 497 1837 me
521 1809 685 1847 expecta,
713 1805 797 1837 dum
824 1802 972 1842 moriar,

583 86 657 121 LX.
710 84 1108 126 INTERPRETATIO

137 1855 211 1891 365
240 1856 421 1899 Praepara
438 1853 659 1889 domicilium
680 1860 853 1900 tanquam
871 1866 1009 1887 mecum
1025 1850 1125 1885 habi-

549 1912 680 1939 tatura.

188 1957 334 1990 Faciam
354 1962 626 1996 testamentum,
653 1962 692 1990 ut
719 1956 757 1989 in
781 1956 906 1989 eodem
929 1956 1061 1988 feretro

193 2008 274 2042 Mea
293 2008 405 2041 latera
427 2019 560 2052 ponam
585 2007 681 2041 iuxta

192 2059 289 2096 Tua;
310 2070 426 2104 neque
452 2064 615 2092 mortuus
641 2058 786 2104 quidem
808 2069 967 2102 unquam

193 2110 285 2144 Volo
308 2122 381 2144 esse
404 2110 581 2145 seiunctus
605 2121 624 2142 a
650 2116 701 2149 te,
725 2121 816 2154 quae
833 2109 907 2143 sola
926 2105 1015 2141 mihi
1033 2104 1128 2139 fuisti

553 2161 635 2194 fida.

150 2213 224 2247 370
255 2214 351 2248 Ghor.
383 2210 431 2246 Et
447 2224 510 2256 ego
525 2209 622 2246 hunc
637 2211 771 2245 luctum
789 2209 924 2244 tristem
942 2216 982 2244 ut
999 2209 1131 2243 amicus

563 2275 643 2297 cum
668 2261 783 2295 amico

201 2313 283 2347 Una
307 2325 445 2357 geram,
469 2313 544 2358 ipsa
572 2314 667 2347 enim
692 2319 743 2347 est
768 2313 886 2356 digna.

202 2366 276 2399 Alc.
307 2364 340 2397 O
357 2363 479 2404 liberi,
500 2377 563 2398 vos
586 2364 770 2399 audivistis
792 2361 879 2396 haec

204 2416 235 2448 A
251 2421 351 2459 patre
362 2442 371 2455 ‚
387 2415 485 2461 quod
501 2427 688 2462 nunquam
707 2415 813 2448 aliam
830 2414 999 2448 ducturus
1014 2412 1058 2447 sit

206 2465 402 2511 coniugem
415 2492 425 2506 ‚
450 2478 516 2500 nec
538 2468 761 2512 neglecturus
782 2478 849 2499 me.

195 2655 242 2687 43)
262 2649 371 2684 opinor]
397 2651 439 2675 sic
462 2653 509 2680 (ε
528 2652 621 2683 Eurip.
642 2646 733 2684 οἶμαι)
757 2651 841 2676 mitt.
868 2653 989 2680 recent.;
1017 2650 1043 2673 m
1062 2649 1146 2673 Editt.

232 2688 326 2717 1558.‚
345 2685 420 2710 1562.
439 2685 525 2711 deest.

1142 83 1418 121 ALCESTIDIS
1452 82 1699 118 EURIPIDIS.
2075 87 2149 125 550

1162 171 1236 206 375
1267 174 1365 206 Adm.
1388 170 1434 203 Et
1449 183 1544 204 nunc
1563 171 1702 203 affirmo
1721 171 1843 203 eadem
1862 177 1896 203 et
1913 171 2054 208 faciam.

1213 224 1286 257 Alc.
1315 222 1388 254 Hac
1407 222 1612 255 conditione
1630 221 1748 266 accipe
1764 221 1895 257 liberos
1912 235 1954 256 ex
1970 225 2059 260 meis
2076 238 2150 259 ma-

1573 273 1690 307 nibus.

1213 326 1312 357 Adm.
1330 322 1493 367 Accipio:
1513 330 1564 357 est
1574 321 1663 357 mihi
1681 330 1820 367 gratum
1835 337 1965 360 munus
1976 338 2017 360 ex
2035 327 2148 361 amica

1578 387 1698 409 manu.

1214 425 1288 458 Alc.
1323 424 1382 457 Tu
1405 430 1479 457 esto
1507 423 1582 458 istis
1608 432 1723 459 mater
1746 437 1811 469 pro
1836 440 1905 462 me.

1215 478 1315 510 Aclm.
1342 473 1471 518 Ingens
1493 476 1681 510 necessitas
1707 476 1840 511 orbatis
1865 485 1898 512 te
1923 486 2047 513 matre.

1164 528 1238 561 380
1274 528 1346 561 Alc.
1380 525 1412 559 Ο
1437 526 1560 567 liberi,
1588 527 1726 560 morior
1750 539 1864 568 nunc,
1895 542 1975 563 cum
1996 531 2149 564 maxime

1574 578 1646 611 vita
1671 575 1760 611 mihi
1785 584 1835 612 est
1859 583 2027 624 optanda.

1216 630 1315 663 Aclm.
1348 627 1446 667 Heu,
1472 628 1557 674 quid
1580 641 1682 673 agam
1709 635 1742 662 te
1766 629 1936 664 orbatus?

1217 681 1290 714 Alc.
1311 679 1469 724 Tempus·
1485 680 1623 713 minuet
1637 681 1789 718 luctum;
1805 688 1966 716 mortuus
1984 681 2072 716 nihil
2091 692 2149 718 est.

1217 733 1316 764 Adm.
1348 731 1426 764 Duc
1447 743 1503 765 me
1528 737 1643 765 tecum
1673 733 1718 765 ad
1740 731 1885 767 inferos.

1218 784 1290 817 Alc.
1325 782 1417 815 Satis
1442 789 1493 816 est
1515 795 1572 816 me
1597 783 1690 817 mori
1715 795 1781 828 pro
1805 789 1849 817 te.

1166 831 1239 869 385
1265 836 1364 867 Adm.
1395 833 1428 867 Ο
1446 834 1578 874 fatum,
1600 835 1697 880 quali
1722 834 1870 878 coniuge
1894 848 1951 868 me
1977 837 2112 881 privas!

1217 886 1290 919 Alc.
1322 884 1495 931 Atque44)
1521 886 1733 920 tenebricosi
1758 892 1954 930 gravantur
1978 889 2081 923 oculi.

1218 938 1316 970 Adm.
1346 935 1462 977 Perii,
1488 936 1516 971 si
1541 949 1597 971 me
1621 939 1771 972 deseres.
1934 930 1940 934 i

1219 989 1291 1022 Alc.
1331 987 1478 1021 Frustra
1515 989 1680 1023 nominas
1714 1001 1789 1029 me,
1830 1001 1920 1034 quae
1963 990 2034 1024 iam
2077 1005 2152 1025 sum

1582 1046 1736 1074 mortua.

1219 1091 1317 1122 Adm.
1343 1087 1448 1132 Erige
1467 1089 1612 1131 faciem,
1636 1103 1680 1125 ne
1702 1091 1883 1137 relinquas
1908 1098 1988 1126 tuos
2013 1093 2154 1128 liberos.

1170 1141 1243 1174 590
1274 1141 1348 1174 Alc.
1374 1139 1457 1173 Non
1475 1140 1598 1176 volens
1620 1143 1762 1181 desero;
1793 1144 1854 1176 sed
1879 1143 2011 1184 valete,
2040 1145 2154 1179 liberi.

1221 1193 1318 1225 Adm.
1342 1189 1481 1223 Intuere
1499 1203 1569 1226 eos.
1621 1195 1696 1228 Alc.
1719 1191 1818 1228 Nihil
1835 1195 1988 1238 amplius
2005 1208 2094 1230 sum.

1221 1245 1320 1277 Adm.
1347 1242 1442 1286 Quid
1459 1242 1556 1286 agis?
1577 1244 1708 1279 deseris
1726 1257 1804 1280 nos.
1857 1247 1931 1280 Alc.
1956 1246 2055 1281 Vale.

1222 1296 1321 1327 Adm.
1348 1293 1445 1326 Perii
1468 1293 1585 1328 miser.

1224 1346 1320 1378 Cleor.
1347 1344 1461 1384 Vixit,
1485 1357 1559 1378 non
1583 1346 1735 1390 amplius
1761 1353 1813 1381 est
1825 1347 1969 1382 Admeti
1994 1349 2157 1383 coniunx.

1548 1428 1784 1480 [SM-opha]

1227 1498 1321 1529 Eum.
1351 1495 1430 1529 Heu
1454 1497 1638 1531 fortunam
1649 1498 1709 1545 ⁴⁵),
1734 1506 1847 1533 mater
1870 1507 2012 1534 mortua
2036 1508 2097 1535 est.

1173 1545 1247 1581 395
1275 1547 1358 1582 Non
1381 1547 1534 1592 amplius
1556 1555 1625 1588 est,
1652 1562 1673 1582 o

1223 1599 1346 1638 Pater,
1372 1599 1436 1632 suh
1460 1599 1546 1639 sole,

1226 1650 1401 1684 Deserens
1422 1662 1536 1683 meam
1560 1650 1682 1684 vitam.

1226 1701 1325 1734 Fecit
1346 1713 1402 1734 me
1426 1699 1628 1745 orphanum
1656 1702 1798 1736 misera.

1227 1752 1316 1785 Vide
1339 1752 1430 1791 iam,
1459 1752 1539 1785 vide
1562 1753 1750 1798 palpebras
1775 1760 1809 1788 et

1178 1803 1251 1838 400
1274 1802 1463 1837 Resolutas
1485 1816 1624 1837 manus.

1229 1855 1344 1894 Audi,
1367 1854 1472 1893 audi,
1499 1867 1519 1887 o

1232 1905 1365 1944 Mater,
1387 1911 1421 1938 te
1445 1905 1608 1939 obsecro:

1231 1956 1308 2001 Ego
1333 1963 1386 1996 te,
1411 1969 1432 1989 o
1455 1963 1591 1996 mater,
1620 1956 1793 2001 compello

1231 2008 1331 2041 Tuus
1353 2007 1491 2051 pullus,
1515 2008 1560 2040 ad
1585 2019 1623 2041 os
1648 2014 1748 2041 tuum
1774 2007 1914 2041 cadens.

1183 2057 1256 2093 405
1286 2061 1386 2093 Adm.
1420 2058 1536 2093 Vocas
1554 2071 1671 2104 neque
1695 2059 1897 2093 audientem
1914 2071 2028 2105 neque
2048 2060 2166 2093 viden-

1591 2116 1681 2143 tem:
1704 2110 1824 2157 itaque
1846 2122 1911 2154 ego

1235 2160 1280 2194 Et
1303 2172 1365 2194 vos
1389 2160 1490 2205 gravi
1513 2161 1713 2195 calamitate
1737 2160 1954 2195 consternati
1977 2173 2109 2195 sumus.

1502 2243 1855 2293 [Anti-stropha]

1238 2316 1333 2347 Eum.
1368 2312 1444 2357 Ego
1469 2313 1607 2348 iuvenis
1631 2312 1746 2347 adhuc
1769 2313 1956 2359 relinquor
1981 2311 2086 2348 chara

1239 2364 1354 2398 Matre
1379 2365 1537 2403 orbatus,

1239 2415 1372 2458 Tristia
1398 2415 1537 2460 patiens

1227 2564 1274 2593 44)
1295 2564 1397 2594 Atque]
1417 2563 1458 2587 sic
1476 2562 1559 2587 Editt.
1581 2563 1672 2594 ¹:258,
1700 2564 1790 2595 1562.;
1818 2565 1916 2595 Barn.‚
1935 2565 2054 2595 Musgr.2
2079 2563 2176 2594 Atqui;

1264 2599 1339 2624 Fix.:
1360 2598 1416 2621 lam
1434 2603 1500 2621 vero
1521 2596 1628 2628 (Em-ip.
1646 2595 1693 2621 καὶ
1710 2597 1791 2630 miv).

1232 2649 1280 2680 45)
1300 2650 1357 2673 Heu
1381 2647 1532 2680 fortunam]
1558 2648 1600 2672 sic
1624 2649 1707 2673 Editt.
1728 2650 1822 2681 1558,
1846 2650 1942 2680 1562.;
1969 2649 2052 2673 Editt.
2077 2650 2179 2675 recent.

1269 2683 1418 2714 (=Eur1'p.
1434 2680 1477 2707 Ἰώ
1495 2691 1544 2715 μοι
1561 2681 1658 2715 τύχας)
1678 2684 1729 2708 Hei
1746 2685 1809 2709 mihi
1825 2685 1939 2715 propter
1955 2683 2143 2709 calamitatem.

1477 2717 1564 2752 35*
