2373 2980
113 90 188 126 309
604 84 677 125 LY.

110 175 187 212 540
213 174 367 209 Navium
380 199 390 213 ‚
417 173 462 205 da
481 170 584 204 nobis
599 170 809 215 felicemque
828 169 871 202 ab
887 167 950 201 Ilio

162 226 352 265 Reditum‚
385 230 424 257 ut
451 233 714 267 consequamur
744 233 868 254 omnes
891 220 929 252 in
954 218 1108 263 patriam

522 285 656 306 venire.

512 324 640 357 Omnis
670 329 789 356 autem
810 322 915 356 simul
943 327 1106 366 precatus

522 381 574 408 est
591 375 775 408 exercitus.

158 428 246 462 Mox
265 440 353 462 auro
372 432 539 460 ornatum
557 437 676 458 ensem
693 425 820 469 capulo
840 423 1016 467 accipiens

156 479 321 513 Extraxit
336 478 482 523 vagina;
508 476 626 510 electis
641 482 758 509 autem
771 476 991 510 Graecorum
1010 485 1108 507 exer-

527 534 616 560 citus

106 579 183 617 545
214 579 507 614 Adolescentibus
543 578 662 611 innuit
697 577 872 621 virginem
908 573 1108 621 apprehen-

514 630 609 663 dere.

8 695 18 901 1
156 682 237 728 Ipsa
255 694 340 716 vero
357 687 397 714 ut
411 680 531 720 sensit,
549 678 644 713 hunc
659 677 871 723 significavit
886 689 1106 711 sermonem:

162 328 321 360 Tantum
353 325 454 359 dixit.

156 734 191 768 O
207 746 325 767 meam
346 732 408 778 qui
427 731 603 765 excidistis
619 730 744 774 Argivi
762 730 888 763 urbem
901 755 910 768 ‚

128 791 136 794 ”
156 786 289 819 Volens
308 784 466 822 morior,
492 794 537 815 ne
559 782 637 827 quis
655 781 808 824 attingat
825 791 954 824 corpus

343 834 528 868 Praebebo
551 833 648 866 enim
672 832 845 865 cervicem
869 831 1017 864 robusto
1047 841 1107 873 pe-

520 890 629 917 ctore.

103 938 181 975 550
209 938 378 972 Liberam
396 948 481 969 vero
501 947 576 975 me,
604 941 643 968 ut
660 934 771 967 libera
790 933 945 971 moriar,

154 991 225 1025 Per
241 990 358 1023 Deum
379 988 622 1033 relinquentes
647 985 847 1019 interficite.
900 983 1008 1028 Apud
1032 995 1107 1014 ma-

519 1050 581 1071 nes
600 1049 694 1070 enim

154 1091 304 1126 Servam
320 1090 463 1130 vocari,
492 1089 614 1132 regina
634 1101 712 1122 cum
730 1087 795 1121 sim
808 1113 817 1125 ,
846 1086 956 1130 pudet
974 1097 1041 1118 me.

153 1142 287 1188 Populi
304 1154 389 1175 vero
410 1140 745 1175 admurmurabant.
794 1137 839 1170 Et
855 1137 1107 1181 Agamemnon

519 1202 582 1223 rex

155 1243 326 1283 DIcebat,
354 1249 394 1276 ut
409 1241 630 1275 dimitterent
647 1239 821 1283 virginem
841 1238 1091 1271 adolescentes.

102 1292 180 1329 555
208 1294 263 1328 Illi
289 1306 374 1327 vero
405 1299 445 1326 ut
476 1291 659 1325 celerrime
681 1290 897 1323 audiverunt
928 1301 1104 1323 summam

518 1354 641 1375 vocem
654 1368 662 1381 ,

153 1394 376 1428 Dimiserunt
388 1419 397 1433 ‚
424 1393 485 1426 ubi
503 1399 536 1426 et
552 1405 731 1426 summum
750 1397 826 1424 erat
843 1390 1048 1434 imperium.

154 1446 201 1480 Et
218 1452 410 1490 postquam
427 1444 565 1477 audivit
582 1443 813 1475 dominorum
831 1453 1033 1475 sermonem
1046 1468 1054 1481 ,

152 1494 436 1542 Apprehendens
455 1501 569 1528 vestes
586 1506 627 1527 ex
643 1505 784 1527 summo
801 1491 954 1526 humero
966 1519 975 1533 ,

153 1547 268 1592 Rupit
281 1547 326 1580 ile
346 1547 437 1579 circa
455 1546 614 1579 medium
632 1546 728 1578 iuxta
749 1544 958 1577 umbIlicum
971 1571 979 1583 ,

101 1598 178 1635 560
205 1598 455 1643 Mamillasque
474 1597 647 1637 ostendit,
671 1602 888 1641 pectoraque
907 1595 1009 1641 quasi
1035 1601 1105 1628 sta-

520 1655 601 1681 tuae

153 1697 400 1735 Pulcherrima
413 1726 422 1739 ‚
451 1705 485 1732 et
502 1699 645 1732 flectens
662 1698 707 1731 ad
726 1704 858 1731 terram
876 1709 988 1741 genu,

152 1752 252 1785 Dixit
269 1751 431 1784 omnium
450 1749 792 1784 miserabilissimum
811 1760 1014 1781 sermonem
1029 1762 1035 1781 :

152 1803 243 1836 Ecce
259 1800 327 1835 hoc
342 1801 371 1836 si
388 1801 531 1847 quidem
550 1807 670 1845 pectus
683 1827 691 1840 ‚
727 1813 747 1833 o
774 1800 912 1833 iuvenis
923 1826 931 1839 ,

152 1854 274 1888 Ferire
292 1853 409 1897 cupis,
436 1853 559 1890 serito;
593 1852 623 1886 si
638 1863 723 1884 vero
743 1852 807 1885 sub
826 1851 916 1884 collo

101 1904 177 1942 565
205 1905 371 1938 Volueris
383 1931 392 1944 ‚
421 1905 521 1937 adest
536 1903 654 1936 cervix
672 1909 810 1946 parata.

155 1957 215 1990 llle
234 1968 319 1988 vero
335 1967 410 1988 non
427 1955 549 1988 volens
567 1961 601 1987 et
619 1954 742 1987 volens
764 1966 850 1998 prae
875 1954 1102 1987 commisera-

513 2006 611 2038 tione
629 2006 767 2049 puellae

153 2059 257 2092 Secat
273 2058 368 2090 ferro
389 2056 534 2101 spiritus
552 2063 701 2090 meatus.

153 2110 288 2143 Fontes
305 2120 390 2141 vero
409 2108 579 2141 fluebant.
624 2107 721 2140 Haec
739 2119 823 2140 vero
841 2107 912 2140 iam
932 2107 1100 2146 moriens,

509 2165 630 2191 tamen

154 2210 323 2254 Magnam
346 2210 611 2255 providentiam
630 2207 775 2249 habuit,
807 2210 972 2242 decenter
992 2215 1029 2242 ut
1048 2222 1103 2242 ca-

515 2262 632 2300 deret,

105 2311 180 2347 570
208 2311 253 2346 Et
272 2312 474 2352 occultaret,
492 2325 583 2358 quae
605 2312 782 2345 occultare
801 2311 922 2345 oculos
940 2311 1100 2344 virorum

515 2364 693 2397 convenit.

158 2413 351 2459 Postquam
370 2426 454 2447 vero
474 2415 591 2448 emisit
607 2415 770 2459 spiritum
793 2413 889 2447 letali
906 2425 947 2446 ex
970 2419 1103 2446 macta-

512 2466 609 2499 tione
620 2492 629 2506 ‚

158 2514 272 2548 Nemo
292 2517 441 2549 eundem
459 2514 613 2550 habebat
628 2517 850 2550 Graecorum
866 2515 1027 2548 laborem
1043 2529 1049 2551 ;

158 2566 227 2599 Sed
244 2566 303 2599 alii
321 2579 443 2601 eorum
460 2575 639 2602 mortuam
656 2581 698 2601 ex
713 2567 878 2600 manibus

156 2617 359 2652 Frondibus
391 2621 689 2664 conspergebant;
741 2618 803 2652 alii
836 2630 921 2651 vero
953 2617 1103 2662 implent

518 2683 646 2716 pyram

155 837 292 870 Meum.

729 81 1130 118 INTERPRETATIO
1158 81 1383 116 HECUBAE
1420 79 1670 115 EURIPIDIS.

2088 79 2162 113 310

1162 165 1237 202 575
1265 168 1400 202 Ramos
1426 168 1624 200 adferentes
1655 165 1791 210 pineos.
1859 165 1930 210 Qui
1959 176 2044 198 vero
2070 162 2164 198 nihil

1574 214 1772 256 adferebat,

1213 268 1268 301 Ab
1286 269 1465 302 adserente
1483 269 1567 301 talia
1589 268 1756 301 audiebat
1779 266 1956 300 convicia:

1214 320 1304 357 stas,
1323 332 1342 352 o
1358 319 1599 363 ignavissime,
1628 320 1670 351 ad
1691 317 1867 351 honorem
1885 315 1990 352 huius
2007 318 2163 362 puellae,

1133 325 1138 482 1
1211 370 1334 416 Neque
1357 376 1490 403 vestem
1517 382 1631 414 neque
1658 376 1823 403 ornatum
1850 369 1888 402 in
1911 369 2075 403 manibus
2100 366 2164 402 ha-

1577 420 1689 452 bens?

1133 484 1137 502 ι
1214 471 1297 506 7Non
1329 471 1429 504 vadis
1463 470 1598 516 aliquid
1629 471 1776 504 daturus
1807 472 1954 505 eximiae
1979 471 2164 517 praeditae

1581 527 1712 554 Virtute
1725 548 1734 561 ,

1161 572 1237 608 580
1262 573 1308 607 Et
1323 574 1519 607 secundum
1537 573 1694 605 animam
1714 573 2065 616 praestantissimae?
2092 573 2165 606 Ta-

1576 624 1621 655 lia
1643 635 1728 655 vero
1749 624 1791 655 de
1810 630 1869 656 tua
1889 624 2053 656 dicebant

1521 673 1777 707 Felicissimam
1795 681 1945 707 matrem
1965 676 2162 708 liberorum

1575 737 1659 758 vero
1684 731 1717 757 te

1213 778 1388 811 Omnium
1405 777 1595 810 mulierum
1608 803 1616 815 ,
1645 776 1921 810 infelicissimam
1942 775 2059 810 video.

1215 830 1314 864 Ghor.
1351 828 1464 862 Saeva
1500 829 1675 873 quaedam
1713 828 1828 861 clades
1850 827 2018 861 Troianis
2043 829 2164 862 incen-

1575 892 1611 912 sa
1632 884 1702 917 est,

1213 931 1428 976 Patriaeque
1447 942 1557 964 meae.
1594 931 1626 964 A
1639 929 1717 962 Diis
1734 929 1972 963 necessarium
1991 936 2042 963 est
2058 928 2139 964 hoc.

1163 980 1237 1016 585
1263 985 1344 1016 Hec.
1373 981 1406 1015 O
1430 982 1520 1014 filia!
1557 993 1630 1014 non
1654 981 1744 1020 scio,
1783 982 1827 1013 ad
1854 982 1950 1026 quod
1972 982 2162 1026 respiciam

1577 1033 1756 1064 malorum

1214 1083 1337 1117 Multis
1354 1083 1613 1128 praesentibus.
1667 1082 1756 1116 Cum
1784 1082 1877 1115 enim
1902 1084 2074 1127 attingam
2099 1083 2166 1116 ali-

1583 1135 1699 1179 quod,

1213 1186 1322 1219 Aliud
1338 1198 1412 1218 non
1427 1185 1512 1219 sinit
1529 1198 1597 1218 me.
1643 1187 1780 1218 Avocat
1797 1197 1881 1218 vero
1899 1185 1943 1218 ab
1960 1185 2021 1218 illo
2039 1198 2164 1220 rursus

1211 1237 1359 1270 Moeror
1378 1237 1456 1282 quis
1476 1236 1577 1275 alius,
1596 1248 1776 1269 successor
1794 1236 1971 1269 malorum
1989 1237 2028 1269 in
2045 1238 2162 1271 malis.

1212 1288 1257 1322 Et
1273 1301 1368 1322 nunc
1386 1294 1483 1321 tuam
1501 1288 1645 1333 quidem
1663 1300 1706 1320 ne
1724 1300 1863 1331 gemam
1883 1288 2018 1321 cladem
2031 1315 2039 1328 ,

1160 1338 1236 1374 590
1263 1339 1369 1373 Haud
1387 1352 1514 1385 queam
1536 1350 1737 1383 expungere
1758 1351 1799 1371 ex
1816 1345 1954 1377 mente;

1210 1390 1287 1424 Hoc
1304 1403 1388 1432 vero
1407 1402 1531 1424 rursus
1549 1390 1650 1422 valde
1669 1390 1840 1432 mitigasti
1856 1391 2020 1424 nuntiata
2040 1389 2130 1424 mihi

1211 1441 1407 1476 Generosa.
1463 1441 1577 1480 „Non
1594 1441 1702 1484 igitur
1719 1441 1872 1481 mirum,
1908 1441 1938 1474 si
1963 1447 2057 1474 terra
2084 1442 2164 1487 qui-

1572 1492 1765 1534 dem-mala
1778 1518 1787 1531 ,

1211 1543 1353 1583 „Nacta
1378 1544 1514 1577 bonum
1541 1543 1680 1576 coelum
1708 1542 1914 1584 divinitus‚'
1941 1543 2163 1577 fertilitatem

1571 1595 1656 1631 sert;

1209 1645 1343 1685 „Bona
1376 1657 1462 1678 vero
1493 1646 1662 1679 frustrata
1692 1644 1759 1684 eis,
1804 1656 1896 1690 quae
1925 1645 2163 1679 conveniebat

1575 1696 1764 1741 consequi,

1158 1745 1233 1782 595
1261 1747 1428 1788 „Malum
1453 1747 1601 1791 praebet
1632 1749 1800 1781 fructum.
1868 1746 1965 1780 Inter
1995 1745 2161 1782 homines

1315 1815 1318 1817 ·
1571 1811 1656 1832 vero
1674 1810 1815 1843 semper

1210 1849 1357 1889 „Malus
1373 1847 1464 1882 nihil
1480 1850 1576 1883 aliud
1595 1862 1703 1895 quam
1726 1850 1861 1890 malus,

1209 1900 1364 1941 „Bonus
1381 1907 1499 1934 autem
1517 1902 1651 1939 bonus;
1679 1913 1796 1946 neque
1817 1913 1901 1946 prae
1920 1901 2124 1936 calamitate

1210 1951 1425 1995 „Ingenium
1444 1953 1580 1997 perdit;
1609 1953 1669 1986 sed
1687 1953 1804 1986 bonus
1821 1959 1873 1987 est
1889 1965 2040 1997 semper.

1209 2003 1422 2041 „Numnam
1440 2011 1606 2047 parentes
1623 2004 1805 2044 differunt,
1828 2011 1889 2038 aut
1905 2004 2159 2038 educationes?

1157 2054 1232 2088 600
1261 2054 1408 2095 „Habet
1424 2055 1567 2101 quidem
1593 2055 1729 2100 aliquid
1747 2056 1941 2096 momenti,
1968 2056 2158 2090 educatum

1573 2119 1644 2140 esse
1669 2105 1835 2147 honeste,

1209 2155 1450 2196 „Doctrinam
1473 2156 1680 2192 honestatis.
1714 2156 1804 2191 lllud
1823 2171 1907 2191 vero
1928 2158 1956 2191 si
1973 2157 2050 2203 quis
2066 2158 2158 2192 bene

1571 2208 1754 2248 didicerit,

1208 2258 1350 2298 „Novit
1375 2272 1518 2305 quoque
1543 2266 1667 2304 turpe,
1709 2272 1749 2292 ex
1781 2258 1901 2302 regula
1927 2256 2157 2305 honesti²⁸⁸)

1573 2322 1799 2354 cognoscens.

1206 2359 1254 2393 Et
1268 2358 1354 2394 haec
1372 2362 1514 2407 quidem
1533 2374 1632 2395 mens
1653 2362 1822 2394 eiaculata
1841 2366 1891 2393 est
1908 2361 2052 2393 frustra.

1207 2411 1265 2445 Tu
1283 2424 1367 2445 vero
1388 2414 1496 2452 vade,
1525 2419 1558 2445 et
1574 2413 1692 2446 indica
1713 2411 1855 2455 Argivis
1872 2409 1978 2451 haec,

1157 2461 1232 2497 605
1258 2463 1312 2497 Ne
1338 2463 1490 2507 attingat
1519 2476 1635 2496 meam
1672 2464 1881 2509 quisquam,
1923 2464 1983 2496 sed
2011 2469 2157 2496 arceant

1568 2515 1833 2548 multitudinem

1126 2567 1131 2597 l
1166 2594 1167 2597 ,
1207 2566 1239 2599 Α
1253 2565 1342 2598 filia:
1373 2564 1443 2605 „In
1464 2565 1603 2599 infinito
1622 2567 1718 2599 enim
1737 2565 1893 2600 exercitu

1211 676 1302 709 Filia
1322 680 1478 708 mortua.

1190 2648 1261 2676 28³)
1281 2648 1404 2676 honesti]
1424 2648 1464 2671 sic
1485 2646 1531 2679 (=
1550 2648 1644 2678 Eurip.
1665 2647 1714 2671 τοῦ
1732 2646 1833 2678 καλοῦ)
1855 2646 1936 2670 Editt.
1958 2647 2081 2676 recent.;
2101 2646 2154 2670 Ed.

1228 2683 1304 2707 ¹562.
1323 2684 1445 2707 honeste.

1494 2716 1570 2752 2οἐς
