2373 2980
218 93 294 131 243

323 191 354 212 v.
372 177 456 212 574.
481 176 600 221 (572.)
631 172 789 222 Φεύγειν
807 173 846 210 δὲ
863 172 1028 219 σκιεροὺς
1043 172 1209 217 θώκους]

220 229 345 268 Vides,
389 241 493 274 quam
529 240 601 259 uon
634 227 744 269 possit
768 233 871 270 poeta
898 226 1094 260 sedulitatis
1123 227 1210 259 obli-

221 281 317 313 visci.
365 277 533 312 Prohibet
552 278 644 309 enim
663 284 823 321 tempore
842 278 962 311 messis
980 290 1144 311 somnum
1166 279 1208 309 ad

221 332 369 363 multam
404 330 513 361 lucem
549 340 621 361 esse
649 326 930 371 protrahendum
946 328 1012 371 ³⁸),
1047 329 1143 373 quod
1168 341 1209 360 eo

220 388 379 424 tempore
415 380 618 423 reponenda
649 385 730 411 sunt
746 378 811 425 ³⁸),
859 380 986 425 quibus
1022 379 1058 411 in
1093 378 1209 411 hieme

219 433 391 464 fruamur.
442 429 514 462 lam
535 430 594 475 qui
621 431 665 462 ad
691 442 858 463 auroram
885 437 990 475 atque
1016 430 1052 462 in
1075 430 1210 462 medios

220 483 255 514 id
277 480 447 524 temporis
470 481 543 514 dies
566 487 711 514 stertere
734 482 904 521 voluerit,
937 482 1103 514 miseram
1129 492 1210 524 pro-

219 534 308 565 secto
329 532 436 564 vitam
457 530 590 571 trahet,
619 532 678 564 ubi
698 530 809 565 hiems
826 533 879 565 sui
908 532 1118 564 memoriam
1144 543 1207 563 no-

219 583 326 617 bisin
345 583 503 616 animum
528 583 634 615 semel
661 583 817 626 coeperit
840 595 1025 621 revocare,
1062 583 1110 614 ibi
1134 588 1208 614 tum

218 634 337 667 licebit
352 634 503 677 experiri
522 633 742 667 verissimum
768 646 840 667 esse
863 634 1002 665 cicadae
1027 640 1061 665 et
1085 632 1207 665 formi-

220 698 280 718 cae
304 685 506 728 apologum.
561 685 760 717 Plurimum
787 691 819 716 et
842 684 1035 717 venustatis
1060 689 1091 715 et
1115 684 1208 716 utili-

220 737 302 770 tatis
319 734 405 768 haec
421 735 595 769 sententia
613 734 755 768 habebit
769 761 778 773 ,
799 735 825 768 si
846 735 923 780 quis
947 736 989 766 ad
1015 734 1128 767 studia
1155 735 1210 766 lit-

219 793 377 820 terarum
396 787 610 825 traduxerit,
638 799 715 818 cum
744 786 800 818 illa
826 792 1036 819 cessatorem
1063 785 1209 817 minime

219 838 425 883 requirant,
448 837 555 881 etqui
574 837 608 869 in
628 838 774 870 multam
802 837 912 869 lucem
941 836 1099 881 quotidie
1124 842 1210 869 ster-

220 895 282 923 tat.
334 888 470 922 Adiecit
487 887 633 927 deinde,
660 900 721 921 ceu
741 900 888 931 gnomas
904 888 1094 932 quasdam,
1120 888 1209 930 opli-

220 952 297 973 mos
323 951 462 977 versus,
505 939 632 983 quihus
661 939 833 971 matutina
871 950 978 982 opera
1004 936 1210 971 hominibus

221 991 466 1029 commendat,
496 997 529 1022 et
545 990 630 1022 dicit
651 1002 817 1023 auroram
836 990 976 1021 tertiam
996 989 1112 1033 operis
1130 1001 1210 1032 par-

220 1048 288 1074 tem
321 1041 515 1074 absolvere.
584 1039 669 1073 Item
703 1052 783 1079 eos,
828 1040 888 1085 qui
920 1052 1024 1072 mane
1049 1046 1210 1082 surgunt,

218 1091 412 1136 plurimum
431 1103 663 1135 promovere,
691 1103 920 1136 quoscunque
942 1091 1081 1123 labores
1097 1102 1210 1123 susce-

220 1143 348 1187 perint.
400 1143 589 1176 Postremo
607 1143 712 1175 etiam
729 1143 837 1175 boves
862 1142 999 1174 facilins
1022 1142 1113 1174 serre
1136 1152 1209 1172 ma-

220 1194 332 1227 tutina
351 1196 455 1237 opera
478 1206 583 1238 quam
601 1193 810 1226 meridiana.
845 1192 1087 1236 Experiuntur
1102 1192 1207 1224 etiam

219 1244 366 1278 studiosi
383 1245 557 1276 bonarum
574 1245 791 1282 litterarum,
815 1245 990 1276 Auroram
1010 1243 1120 1276 Musis
1138 1254 1209 1275 esse

221 1295 385 1329 amicam.
442 1296 562 1340 Quare
579 1296 766 1339 diligenter
790 1293 852 1328 lias
874 1295 1066 1328 sententias
1091 1294 1210 1327 obser—

219 1352 302 1379 vent
328 1352 361 1379 et
386 1347 602 1379 meditentur
628 1344 685 1386 hi,
728 1346 788 1391 qui
821 1346 980 1379 animum
1004 1346 1048 1378 ad
1075 1345 1210 1378 litteras

219 1397 441 1442 applicuere,
487 1397 617 1443 quique
648 1404 835 1442 parentum
869 1403 903 1429 et
931 1397 1127 1429 amicorum
1154 1408 1210 1428 ex-

218 1448 468 1493 pectationi39)
486 1448 773 1494 aequissimae‘ffl)
792 1448 991 1481 satisfacere
1006 1448 1138 1480 volent.

322 1497 408 1534 582.
433 1497 554 1545 (580.)
574 1495 690 1543 Ἦμος
699 1499 744 1545 ⁸¹¹)
763 1496 802 1533 δὲ
820 1495 1002 1543 σκόλυμός
1024 1497 1057 1532 τ’
1085 1496 1210 1541 ἀνθεῖ]

218 1549 371 1583 Aestatis
389 1562 407 1582 a
426 1551 576 1583 solstitio
595 1550 796 1594 descriptio.
831 1549 992 1582 Primum
1010 1549 1111 1593 ponit
1130 1560 1211 1592 pro-

220 1601 418 1645 gnosticum
436 1601 581 1633 maximi
599 1608 732 1640 aestus,
760 1601 886 1633 deinde
909 1601 993 1645 quid
1010 1600 1210 1633 faciendum

220 1652 276 1685 sit.
344 1652 472 1685 Graeci
505 1659 585 1696 post
614 1665 675 1684 ver
704 1652 821 1685 statim
848 1652 1024 1696 incipiunt
1049 1663 1212 1684 messem.

219 1703 359 1736 Deinde
376 1703 536 1748 sequitur
552 1703 739 1737 solstitium
758 1703 942 1742 aestivale,
969 1709 1053 1736 tunc
1070 1714 1134 1735 nos
1150 1699 1212 1734 ha-

220 1755 343 1787 bemus
359 1767 521 1788 messem.
587 1751 784 1801 σκόλυμος]
811 1755 963 1787 carduus
980 1754 1108 1787 dicitur
1126 1753 1212 1785 ssore

220 1817 422 1850 purpureo,
466 1818 536 1850 quo
562 1805 707 1837 nomine
734 1812 767 1837 et
791 1805 950 1850 reliquae
976 1805 1109 1849 species
1134 1816 1211 1836 cen-

222 1863 362 1896 sentur,
396 1863 435 1889 ut
458 1863 539 1890 sunt
564 1856 713 1900 paliuri,
742 1854 1030 1895 chamaeleones,
1059 1853 1212 1887 acanthi.

221 1907 311 1940 Vide
340 1907 496 1940 Plinium
537 1907 596 1941 lib.
621 1908 682 1942 20.
723 1919 798 1950 cap.
822 1907 946 1953 25⁴²)
989 1913 1023 1939 et
1061 1907 1119 1939 lib.
1152 1907 1212 1940 22.

223 1971 299 2003 cap.
323 1961 383 1994 22.
402 1958 447 2003 43)
479 1960 520 1991 de
552 1960 701 1991 carduo:
754 1958 930 1991 Venerem
961 1958 1144 1991 stimulare
1175 1957 1211 1988 in

257 2095 304 2121 38]
325 2093 534 2124 protrahendum
556 2110 561 2115 .
580 2111 585 2116 .
608 2110 613 2115 .
633 2111 639 2116 .
661 2093 738 2120 sunt]
760 2091 799 2114 511·
820 2098 913 2114 onmes
934 2091 997 2114 iliae
1017 2090 1100 2113 Editt.
1130 2096 1214 2119 prac-

291 2132 333 2152 ter
352 2129 400 2151 Ed.
422 2128 512 2157 1557„
534 2133 601 2156 quac
624 2127 719 2149 habet:
745 2127 906 2155 protrahere
929 2143 934 2148 .
956 2144 960 2148 .
983 2143 988 2148 .
1009 2143 1014 2148 .
1040 2125 1103 2148 siut.

258 2179 304 2211 39)
326 2179 522 2209 expectationi]
543 2178 589 2202 Ed.
612 2177 684 2200 1557.
705 2177 793 2200 addit:
819 2177 852 2199 de
871 2182 910 2201 se.

257 2231 304 2259 40]
325 2230 520 2260 aequissimae]
543 2229 582 2251 sic
601 2228 792 2252 οι1111ε5Ε11111,
813 2228 925 2256 excepta
936 2226 984 2249 Ed.
1000 2227 1072 2249 1541.
1086 2227 1125 2250 B..
1147 2232 1214 2256 quae

291 2266 384 2288 habet:
412 2264 586 2294 aequissime.

257 2317 304 2343 4¹]
319 2309 421 2346 Ἦμος]
439 2314 524 2338 Editt.
543 2314 617 2337 ¹541.
634 2313 681 2344 R,
709 2312 782 2337 1557.
796 2328 804 2343 ,
832 2312 906 2336 1564.
926 2311 952 2334 in
972 2313 1114 2334 comment.
1137 2304 1216 2342 ἦμος,

293 2350 344 2374 Ed.
367 2350 441 2373 1581.
460 2349 520 2372 ibid.
541 2346 616 2379 ὄμος.

259 2401 306 2426 42)
326 2400 370 2423 lib.
383 2400 426 2422 20.
446 2404 504 2428 cap.
517 2399 575 2427 23.]
602 2398 641 2422 sic
660 2398 806 2421 secuudum
827 2396 998 2426 antiquiores
1018 2395 1098 2418 Plinii
1119 2395 1214 2425 Editt.,

294 2436 367 2457 recte
388 2433 469 2455 Editt.
486 2432 571 2457 1532..
593 2435 664 2456 1541.
677 2450 683 2456 ,
705 2431 913 2457 1562-1591.;
943 2430 1024 2453 Editt.
1038 2430 1128 2454 1557..
1150 2431 1212 2454 1601

293 2468 410 2491 -1662
428 2468 473 2490 1111.
492 2467 529 2490 12.
550 2473 607 2496 cap.
622 2467 664 2492 23.
684 2479 718 2483 —
743 2467 891 2489 secuudum
913 2466 959 2489 Ed.
980 2465 1081 2487 Franz.
1108 2465 1152 2486 1111.
1172 2465 1212 2487 20.

296 2509 318 2525 c.
332 2503 374 2525 99.
407 2502 485 2526 Cous.
513 2502 593 2524 ctiam
617 2502 662 2525 1111.
676 2502 718 2525 21.
738 2507 762 2524 e.
777 2501 819 2524 56.
840 2500 923 2524 eiusd.
942 2500 991 2522 Ed.
1016 2498 1110 2527 (6.16.
1131 2499 1214 2528 antiq.

292 2537 400 2563 Eunt).

258 2589 306 2614 43)
325 2587 427 2610 1111,22.
447 2592 504 2616 cap.
519 2584 575 2617 22]
601 2586 640 2609 sic
659 2587 741 2610 Editt.
762 2586 852 2612 15:32..
875 2584 1080 2613 1601-1662.;
1100 2584 1215 2606 'ceterae

294 2622 394 2646 Editt.:
432 2621 478 2643 lib.
499 2620 540 2644 22.
566 2626 623 2649 cap.
650 2620 776 2651 (nurnero
802 2619 899 2649 capitis
925 2617 1052 2649 omisso).
1105 2618 1134 2641 111
1165 2618 1214 2639 hoc

296 2661 354 2685 cap.
367 2655 410 2679 22.
429 2655 574 2684 antiquior.
587 2655 668 2678 Editt.
688 2655 776 2683 (0.43.
792 2655 840 2677 Ed.
851 2654 968 2681 Franz.)
987 2653 1115 2683 leguntur
1130 2652 1215 2675 verba

294 2691 318 2713 11.
340 2691 357 2714 l.
376 2690 478 2713 allata:
508 2689 671 2715 ..Venerem
690 2701 722 2706 -
742 2685 911 2717 scripsere.''

793 89 916 124 PHIL.
951 89 1063 124 MEL.
1099 88 1302 124 SCRIPTA
1334 89 1669 124 PHILOLOGICA.

2179 93 2254 129 244

1263 175 1360 215 vino,
1390 175 1545 209 Hesiodo
1564 181 1595 207 et
1607 175 1817 221 Alcaeowa)
1836 177 1994 215 testibus,
2023 177 2083 222 qui
2102 177 2252 212 florente

1263 239 1301 259 ea
1321 227 1457 259 cicadas
1474 226 1636 257 acerrimi
1657 232 1778 259 cantus
1797 240 1880 267 esse,
1907 234 1939 260 et
1957 229 2121 261 mulieres
2138 229 2254 263 libidi-

1263 278 1316 310 nis
1337 278 1574 315 axidissimas,
1603 277 1768 321 virosque
1790 278 1999 321 pigerrimos
2025 280 2060 312 111
2076 279 2251 313 Venerem

1263 341 1442 372 scripsere.

1366 392 1397 412 v,
1425 377 1510 411 587.
1544 376 1664 424 (585.)
1702 378 1775 413 {mi
1797 380 1961 427 κεφαλὴν
1984 379 2046 416 καὶ
2068 382 2252 429 γούνατα]

1263 430 1390 469 Ratio,
1432 441 1542 473 quare
1567 427 1634 461 hoc
1657 436 1818 474 tempore
1845 432 1909 464 viri
1934 433 2139 466 ‹lebilissimi
2170 433 2253 472 sint,

1264 487 1296 512 et
1315 481 1480 513 mulieres
1507 480 1773 522 lascivissimae‚
1811 483 1891 527 quia
1915 484 2011 516 calor
2034 484 2178 516 resolvit
2200 490 2253 516 to-

1264 538 1336 564 tum
1358 543 1485 574 corpus
1506 529 1680 572 hominis,
1708 545 1791 576 ergo
1812 533 2001 567 laeduntur
2019 534 2130 577 magis
2155 541 2252 567 aestu

1263 595 1369 627 quam
1389 582 1521 623 frigore
1542 581 1619 615 viri.

1363 646 1397 666 v.
1416 631 1501 666 589.
1526 631 1646 676 (587.)
1673 631 1735 667 καὶ
1759 632 1930 679 βίβλινος
1951 633 2064 680 οἶνος]
2089 635 2121 667 Α
2136 635 2252 668 Biblia

1262 682 1406 726 regione
1426 682 1656 728 'l‘t11·;1ciae'¹²)
1674 684 1856 718 Biblinum
1874 686 1995 719 vinum
2020 687 2151 719 dictum
2180 699 2253 720 esse

1262 733 1465 767 Athenaeus
1482 735 1603 767 scribit
1619 735 1678 768 lib.
1699 736 1796 780 1.‘²5).
1832 737 1998 770 Testatur
2016 744 2132 770 autem
2152 737 2253 770 dulce

1262 787 1385 825 fixisse,
1413 792 1517 830 atque
1535 798 1552 817 a
1571 786 1696 820 Siculis
1706 787 1859 820 Pollium
1878 788 1998 820 vinnm
2016 789 2149 822 dictum
2169 800 2253 823 esse.

1262 837 1308 869 Et
1326 837 1502 870 Homerus
1516 849 1589 869 non
1608 850 1679 870 uno
1702 838 1778 870 loco
1805 845 1952 872 testatur
1968 837 2159 873 Thraciam
2188 851 2252 872 no-

1262 888 1346 921 bilia
1364 888 1445 919 vina
1466 885 1641 921 hahuisse.

1366 951 1398 972 Υ.
1427 937 1512 972 590.
1545 937 1666 983 (588.)
1710 937 1829 981 ᾓΙᾶζά
1854 938 1908 983 τ’]
1945 939 2074 972 Libum
2101 939 2252 973 lacteum

1264 989 1429 1033 intelligit
1458 1002 1498 1022 ex
1528 991 1659 1023 recenti
1688 990 1795 1030 lacte,
1838 990 1911 1023 sive
1936 990 1990 1023 lac.
2014 991 2252 1034 coagulatum.

1263 1040 1385 1073 Nostri
1403 1038 1585 1080 homines,
1614 1047 1720 1084 puto,
1748 1048 1877 1073 vocant
1896 1054 1963 1085 eyn
1981 1042 2105 1085 Zieger.
2159 1041 2253 1074 Defi-

1264 1091 1361 1122 ciunt
1377 1097 1493 1123 autem
1512 1092 1620 1131 lacte,
1648 1092 1714 1125 nisi
1733 1093 1977 1135 mulgeantur,
2005 1104 2132 1136 caprae
2156 1092 2251 1125 iuxta

1263 1141 1451 1184 Virgilium
1469 1141 1533 1186 46);

1304 1200 1398 1232 Quam
1421 1201 1512 1236 magis
1534 1199 1677 1227 exhausto
1702 1201 1881 1237 spumaverit
1904 1201 1997 1228 ubere
2020 1201 2160 1236 mulcti-215

1302 1249 1393 1277 Laeta
1416 1249 1509 1286 magis
1534 1250 1642 1286 pressis
1665 1250 1809 1277 manarint
1832 1248 1978 1287 uberav)
2003 1250 2144 1278 mammis.

1263 1299 1349 1332 Item
1376 1310 1503 1343 caprae
1530 1299 1677 1332 vincunt
1701 1300 1802 1343 copia
1827 1300 1927 1334 lactis
1944 1312 2046 1339 oves,
2073 1300 2257 1333 laudatur·

1264 1363 1332 1395 que
1349 1350 1402 1382 lac
1419 1362 1605 1393 caprarum
1623 1351 1701 1394 plus
1719 1351 1754 1382 in
1772 1350 1842 1382 libo
1871 1363 1978 1396 quam
2000 1351 2134 1384 ovium.
2187 1349 2257 1382 Po-

1264 1401 1347 1434 terit
1368 1407 1401 1433 et
1422 1398 1509 1433 haec
1531 1398 1636 1434 huius
1660 1401 1729 1433 loci
1756 1402 1928 1434 sententia
1955 1413 2048 1441 esse,
2085 1402 2168 1446 quia
2191 1400 2256 1433 sub

1264 1459 1477 1485 autumnum
1517 1452 1635 1483 statim
1672 1453 1910 1486 admittuntur
1942 1464 2069 1495 caprae
2100 1452 2143 1484 ad
2174 1462 2258 1483 con-

1265 1509 1426 1547 ceptum,
1454 1508 1487 1535 et
1506 1503 1633 1535 deinde
1651 1503 1828 1536 deficiunt.
1890 1504 1998 1536 Utere
2015 1502 2140 1546 igitur,
2171 1502 2256 1534 dum

1265 1561 1377 1599 potes.
1489 1552 1798 1598 fflkmoemezziwr]
1832 1554 1975 1586 Aeolica
2002 1554 2171 1586 dialectos
2195 1558 2257 1591 est,

1265 1619 1342 1639 cum
1363 1618 1386 1639 α
1405 1604 1448 1637 sit
1466 1604 1686 1648 interposita,
1715 1605 1816 1649 quasi
1834 1605 1929 1639 dicas
1946 1604 2178 1638 extinctarum
2196 1609 2259 1636 aut

1264 1669 1336 1689 non
1354 1656 1574 1688 lactantium.

1368 1720 1401 1740 v.
1419 1705 1506 1740 591.
1537 1704 1656 1751 (589.)
1693 1704 1766 1739 Kal
1789 1704 1879 1751 βοὸς
1902 1703 2111 1753 ὑλοφάγοιο
2134 1702 2258 1752 κρέας]

1265 1759 1462 1792 Vitulinam
1480 1769 1622 1790 carnem
1649 1757 1832 1800 intelligit,
1866 1769 1956 1802 quae
1978 1769 2052 1789 non
2076 1756 2258 1800 improba-

1266 1817 1323 1843 tur
1337 1822 1420 1843 sana
1440 1821 1511 1842 esse
1529 1806 1680 1841 homini.
1721 1807 1907 1840 Caeterum
1926 1807 2049 1839 enixae
2065 1807 2166 1840 bovis
2183 1817 2258 1838 car-

1267 1875 1346 1894 nem
1363 1872 1435 1893 non
1453 1860 1576 1892 laudat
1593 1864 1709 1902 poeta.

1368 1925 1401 1946 v.
1430 1909 1516 1945 592.
1550 1908 1669 1955 (590.)
1704 1905 1956 1956 πρωτογόνων
1969 1905 2042 1954 43)]
2071 1905 2132 1939 Illa
2162 1906 2257 1939 enim

1267 1976 1348 1996 caro
1370 1969 1420 1996 est
1438 1962 1539 1994 valde
1558 1961 1699 1993 laudata
1713 1985 1721 1999 ,
1751 1960 1847 2003 quod
1872 1959 1983 1992 facilis
2007 1959 2050 1992 sit
2076 1963 2258 1991 concoctu.

1266 2015 1398 2060 Estque
1423 2013 1459 2046 in
1483 2018 1612 2045 aestate
1636 2011 1709 2044 istis
1735 2011 1820 2043 ciliis
1842 2012 2034 2049 utendum,
2069 2009 2131 2054 qui
2156 2008 2258 2041 facile

1268 2065 1441 2111 concoqui
1470 2069 1628 2108 possunt.
1694 2061 1815 2106 Itaque
1845 2068 1877 2093 et
1906 2060 2009 2093 huius
2038 2060 2258 2092 mentionem

1268 2116 1324 2150 hie
1341 2118 1424 2150 facit
1444 2122 1559 2159 poeta.
1641 2112 1836 2158 ni'1907wc'ffl)
1860 2110 1980 2155 οἶνον]
2008 2110 2074 2143 Vel
2095 2123 2113 2142 a
2140 2111 2258 2143 calore

1269 2169 1375 2208 dixit,
1413 2167 1508 2212 quod
1533 2165 1652 2198 adurit
1675 2163 1821 2203 faciem,
1856 2163 1911 2195 vel
1934 2175 1951 2194 a
1976 2163 2106 2195 colore.
2165 2160 2259 2193 Lau-

1269 2221 1398 2253 dantur
1424 2217 1518 2251 enim
1542 2216 1654 2259 magis
1679 2220 1830 2253 aestate,
1873 2214 1979 2246 rubra
2014 2213 2094 2245 vina
2110 2239 2119 2253 ‚
2162 2212 2259 2258 quod

1302 2357 1336 2381 43
1345 2359 1371 2386 ³)
1393 2357 1486 2381 Alcaei
1506 2356 1584 2385 reliq.
1605 2355 1646 2378 ed.
1668 2353 1798 2378 Matthiae
1817 2352 1851 2375 sr.
1868 2351 1996 2375 XXVIII.
2014 2357 2038 2375 a.
2058 2358 2082 2381 1).
2097 2351 2131 2375 29
2143 2357 2184 2381 sq.

1303 2400 1349 2431 44)
1371 2399 1515 2431 Thraciae]
1535 2400 1561 2422 in
1580 2398 1664 2423 Editt.
1687 2398 1760 2422 1541.
1781 2396 1826 2426 R,
1850 2395 1941 2425 ¹557„
1963 2394 2152 2418 1601—1662.
2171 2394 2257 2420 deest.

1302 2443 1348 2474 45)
1368 2445 1466 2468 Athen.
1481 2443 1499 2465 1.
1513 2442 1532 2466 1.
1552 2448 1575 2465 c,
1589 2441 1631 2464 56.
1656 2440 1705 2463 Ed.
1722 2438 1875 2468 seim-eiga.
1897 2436 1935 2468 (p.
1950 2437 1992 2462 31.
2009 2442 2033 2460 a.
2052 2437 2102 2460 Ed.
2116 2435 2257 2464 casaub.)-

1301 2488 1349 2514 46)
1369 2487 1449 2516 Virg.
1470 2486 1570 2514 Georg.
1588 2484 1633 2506 111.
1652 2483 1710 2506 309,
1731 2482 1790 2505 310.

1301 2530 1348 2558 47)
1369 2529 1505 2552 manarint
1523 2525 1619 2557 ubera]
1646 2526 1684 2548 sic
1710 2525 1775 2548 iliae
1802 2524 1904 2552 Editt.;

1335 2564 1482 2587 manabunt
1503 2562 1620 2584 ssuniiua.

1300 2606 1348 2637 48)
1368 2602 1564 2636 πρωτογόνων]
1592 2604 1639 2627 Ed.
1661 2603 1735 2627 1541.
1750 2602 1779 2625 F.
1798 2602 1870 2625 male
1888 2598 2082 2632 πρωτογόνον,
2117 2599 2165 2624 Ed.
2183 2598 2256 2623 1557.

1334 2638 1523 2672 πρωτογόνου.

1301 2685 1348 2712 49)
1368 2682 1486 2714 αἴθοπα]
1508 2683 1589 2706 Editt.
1608 2681 1681 2705 ¹532.
1695 2698 1701 2704 .

1942 2523 2025 2553 virg.
2045 2523 2093 2546 Ed.
2113 2523 2256 2553 wagner:

1723 2681 1797 2705 154¹.
1812 2681 1840 2704 F.
1861 2679 1972 2703 αἱτοπα.
