2373 2980
182 108 254 143 179

180 198 260 226 rent
285 204 364 231 eos,
398 192 458 237 qui
475 191 546 236 ⁵¹²¹)
569 197 716 235 propter
742 188 985 222 infirmitatem
1012 187 1172 231 ingenio-

180 256 260 277 rum
288 249 348 276 aut
371 243 516 281 aetatis,
558 247 620 273 aut
644 240 750 273 etiam
777 239 1032 273 consuetudine
1058 239 1094 271 in
1120 245 1173 271 tot

180 294 284 327 malis
300 293 466 336 exemplis
482 291 687 335 depravati,
715 302 859 324 cernere
875 290 941 334 ipsi
959 290 1082 323 eadem
1100 299 1173 321 non

181 343 390 389 possentffl).
442 342 600 375 Proinde
616 342 665 375 sic
683 348 896 379 statuemus,
922 338 1037 372 nihilo
1055 339 1174 372 minus

181 395 299 427 divina
319 399 504 437 praecepta
523 405 596 426 esse
613 405 671 431 ea,
706 402 796 436 quae
820 402 838 423 a
863 402 967 424 sensu
991 389 1174 423 communi

181 452 214 482 et
232 451 381 476 naturae
399 443 530 475 iudicio
549 442 701 475 mutuati
719 441 814 475 docti
830 439 992 474 homines
1013 441 1174 484 gentiles,

179 494 305 527 litteris
328 494 564 532 mandarunt,
607 505 713 537 qnam
747 504 837 537 quae
869 498 989 524 extant
1021 492 1057 523 in
1089 491 1174 535 ipsis

180 545 291 579 saxeis
309 544 400 577 Mosi
421 544 617 589 tabulisf’ss).
672 542 734 576 Est
751 543 845 576 enim
864 543 900 575 in
925 543 1084 575 confesso
1109 540 1172 575 hu-

178 608 306 629 manae
340 594 451 627 menti
481 595 651 627 divinitus
682 594 872 638 insculptas
904 606 976 627 esse
1000 594 1173 638 quasdam

177 647 271 690 leges
287 647 329 678 de
345 646 526 684 moribus,
555 646 677 690 quales
693 651 790 678 sunt:
819 644 1008 678 Neminem
1034 644 1174 676 laeden-

180 699 265 730 dum
284 709 372 735 esse;
401 697 568 730 colendos
577 695 623 742 51)
643 708 714 729 8558
733 701 915 740 parentes;
943 696 1175 728 benemeren-

180 748 274 781 tibus
297 746 498 780 habendam
523 760 594 780 esse
620 746 789 791 gratiam;
823 746 1089 789 magistratibus
1114 757 1175 789 pa-

178 800 330 832 rendum
347 811 418 832 esse
429 798 492 843 55);
521 799 667 831 alendos
685 803 719 830 et
741 798 980 830 defendendos
1004 809 1076 830 esse
1104 808 1175 835 eos,

181 850 242 895 qui
263 856 405 883 nostrae
432 849 512 882 fidei
539 847 717 882 commissi
740 854 840 886 sunt;
875 854 976 892 pacta
1000 848 1174 881 servanda

181 913 265 934 esse.
320 900 392 934 Has
410 912 487 933 cum
504 900 581 934 sani
599 900 743 945 quidam
759 897 923 932 homines
939 897 1176 943 deprehensas

181 951 403 985 ostenderint
420 950 613 995 imperitis,
643 950 729 996 quid
746 957 816 990 est,
851 962 913 983 cur
932 962 1006 983 non
1025 956 1058 982 et
1074 961 1176 982 voce-

180 1015 259 1035 mus
276 1002 414 1035 divinas
430 1002 541 1045 leges,
571 1008 605 1034 et
622 1013 812 1045 pareamus
829 1001 877 1034 eis
896 1007 1068 1045 tanquam
1086 999 1175 1033 divi-

180 1065 247 1086 nae
266 1051 367 1085 voci?
420 1052 543 1098 Neque
559 1052 616 1085 ille
633 1053 706 1095 ipse
723 1051 880 1084 coelestis
896 1057 998 1094 pater
1020 1051 1132 1094 pluris
1156 1062 1173 1081 a

179 1104 283 1137 nobis
300 1103 377 1136 fieri
394 1115 451 1136 eas
470 1104 563 1146 leges
579 1102 710 1142 voluit,
746 1114 833 1147 quas
856 1102 893 1134 in
917 1113 1000 1134 saxo
1025 1100 1176 1145 scripsit,

181 1167 288 1200 quam
316 1166 404 1200 quas
427 1154 463 1186 in
490 1154 585 1198 ipsos
603 1154 806 1186 animorum
824 1159 1031 1186 nostrorum
1054 1163 1176 1185 sensus

179 1206 427 1250 impresserat,
455 1217 633 1250 quasque,
666 1211 705 1237 ut
720 1204 906 1250 Paulusffi)
931 1204 1000 1243 ait,
1036 1203 1073 1235 in
1100 1214 1176 1235 cor-

180 1256 282 1290 dibus
300 1254 488 1289 hominum
505 1255 713 1299 scripserat,
740 1256 783 1288 de
800 1255 929 1300 quibus
951 1255 1001 1288 sic
1024 1254 1118 1287 inter
1140 1265 1176 1287 se

181 1319 304 1340 omnes
334 1304 499 1340 homines
530 1306 775 1346 consentiunt,
815 1313 856 1339 ut
877 1306 974 1340 nulla
1002 1312 1074 1338 tarn
1101 1306 1175 1339 sera

179 1357 363 1392 barbaries
379 1358 442 1398 sit,
470 1358 558 1391 nulli
577 1364 648 1391 tam
666 1357 804 1402 perdite
819 1358 924 1398 mali,
959 1357 1022 1403 qui
1047 1369 1121 1390 non
1143 1363 1177 1389 et

180 1410 335 1443 sentiant
351 1415 385 1442 et
400 1410 580 1443 fateantur
596 1415 691 1442 recta
710 1421 801 1449 esse,
829 1421 920 1455 quae
939 1408 1021 1441 illae
1037 1415 1177 1442 senten-

180 1461 250 1493 tiae
274 1461 540 1504 praescribunt,
581 1460 714 1506 quique
746 1472 825 1493 cum
852 1472 926 1493 non
952 1460 1176 1504 obtempera-

180 1517 285 1551 runt,
327 1523 401 1544 non
434 1511 502 1555 ipsi
534 1518 717 1555 peccatum
753 1517 918 1545 accusent
941 1523 980 1544 ac
1005 1512 1177 1544 damnent

181 1575 283 1597 suum
297 1588 306 1602 ,
334 1562 466 1607 quique
484 1574 557 1595 non
575 1568 766 1596 vereantur
782 1574 917 1595 numen
941 1561 1089 1596 existere
1115 1562 1177 1594 ali-

182 1615 301 1659 quod,
343 1613 416 1653 cui,
449 1613 504 1646 vel
527 1613 555 1646 si
580 1613 669 1647 nulli
692 1625 851 1659 unquam
878 1613 1046 1647 mortales
1071 1613 1176 1647 resci-

181 1671 281 1698 scant
296 1664 447 1705 factum,
476 1676 610 1708 poenas
628 1664 745 1698 daturi
762 1664 845 1698 sint.
895 1664 1001 1699 Nulla
1020 1671 1092 1697 tam
1111 1665 1176 1697 im—

181 1715 298 1748 manis
327 1715 426 1748 natio
459 1722 530 1756 est,
567 1728 658 1761 quae
692 1728 766 1749 non
791 1716 896 1749 tacita
912 1715 960 1762 5⁷)
986 1717 1177 1756 maleficos,

182 1766 361 1806 crudeles,
386 1766 546 1810 ingratos
573 1767 688 1800 oderit
712 1779 752 1800 ac
776 1773 1005 1811 aspernetur,
1032 1767 1177 1811 probet-

182 1830 250 1862 que
269 1830 327 1856 ea,
355 1830 445 1862 quac
464 1817 668 1850 societatem
686 1818 779 1850 inter
800 1831 836 1851 se
863 1819 1001 1860 generis
1027 1817 1176 1852 humani

182 1868 400 1902 devinciunt.
458 1868 549 1901 Nam
571 1866 705 1908 ethos,
739 1866 801 1913 qui
826 1865 984 1911 hospites
1008 1874 1177 1907 mactant,

182 1919 244 1964 qui
262 1931 361 1953 senes
377 1925 495 1963 patres
513 1919 713 1959 trucidant,
747 1918 809 1964 qui
832 1919 967 1952 nullam
993 1918 1177 1963 coniugio-

181 1982 263 2004 rum
289 1971 393 2003 fidem
420 1970 559 2010 colunt,
600 1970 628 2003 si
651 1971 935 2010 admoneantur,
975 1976 1104 2003 natura
1126 1970 1177 2003 fa-

182 2021 250 2054 teri
261 2021 307 2068 ⁵⁸)
324 2020 435 2065 cogit,
463 2021 608 2065 indigna
630 2033 666 2055 se
685 2016 892 2055 hominibus
916 2022 1042 2055 facere.
1103 2019 1176 2053 Iam

217 2162 286 2189 5¹³)
305 2166 369 2191 eos,
399 2161 459 2190 qui]
490 2160 530 2185 sic
556 2161 638 2185 Editt.
660 2162 752 2189 1532..
786 2163 861 2187 1541.
881 2164 929 2191 Α..
963 2163 1055 2191 1544..
1091 2163 1176 2194 1559,

254 2195 328 2219 1564.
350 2196 401 2225 Α..
434 2194 525 2223 1570..
559 2197 649 2223 1581..
686 2197 775 2225 1557..
808 2198 900 2225 159ι.;
937 2198 1020 2222 Editt.
1043 2199 1177 2225 isira„

254 2230 330 2253 1541.
345 2229 393 2259 Ε..
414 2228 506 2259 1557.,
527 2228 617 2255 1562..
639 2229 713 2255 1564,
727 2231 774 2259 L.,
796 2230 871 2253 1569.
890 2236 958 2258 eos,
978 2232 1005 2253 et
1024 2230 1078 2260 qui.

218 2270 266 2302 52)
285 2271 413 2300 possent]
433 2271 474 2294 sic
492 2276 585 2294 omnes
605 2271 669 2294 iliae
689 2271 790 2301 Editt„
811 2272 931 2302 exceptis
951 2272 1034 2296 Editt.
1053 2272 1126 2296 1564.
1136 2272 1178 2303 L„

256 2306 346 2332 1569..
367 2306 457 2335 1581,
478 2306 568 2336 1591..
592 2305 618 2328 in
639 2306 734 2335 quibus
754 2306 872 2337 legitur:
899 2308 1025 2336 possunt.

217 2347 265 2378 53)
287 2347 354 2370 Huic
372 2347 430 2370 loco
450 2344 476 2370 in
496 2347 579 2372 Editt.
602 2349 694 2376 ¹559..
726 2349 799 2373 1564.
814 2351 863 2379 A.,
891 2350 966 2373 1570.
989 2349 1115 2379 apposita
1137 2352 1179 2373 est

255 2383 321 2405 nota
344 2381 475 2411 margum
507 2382 596 2412 Leges
623 2383 648 2406 in
675 2383 775 2407 tabuiis
801 2383 894 2407 saxeis
920 2385 948 2408 et
973 2384 1109 2407 mentibus
1134 2384 1178 2408 in-

256 2415 391 2445 scriptae,
416 2420 503 2445 aeque
521 2417 661 2442 colendae.

220 2456 268 2488 54)
286 2457 432 2486 colendos]
451 2457 489 2481 sic
508 2464 603 2482 omnes
622 2459 687 2484 illae
704 2460 806 2490 Editt.,
826 2461 936 2490 praeter
954 2459 1178 2492 Editt.1541.13.‚

258 2491 393 2521 1541.F.,
416 2492 507 2521 1562..
533 2499 601 2522 quae
622 2495 762 2518 exhibent:
788 2496 815 2519 et
834 2495 974 2520 colendos

221 2532 268 2565 55)
289 2534 368 2563 esse]
387 2533 414 2556 in
434 2533 516 2558 Editt.
538 2534 611 2560 1564.
626 2536 671 2565 L„
693 2537 786 2567 1569„
810 2538 904 2567 ¹581.,
926 2536 1001 2561 1591.
1020 2537 1109 2561 deest.

222 2575 268 2608 56)
289 2576 318 2599 111
338 2575 418 2606 epist.
438 2576 471 2598 ad
492 2576 569 2601 Rom.
588 2577 615 2603 2,
635 2578 674 2601 15.

222 2618 268 2675 5ΐέ
287 2617 387 2674 tatcita]
406 2618 445 2641 sic
465 2618 549 2643 Editt.
571 2618 666 2648 1532.,
695 2620 783 2647 1541..
813 2621 906 2651 1562.;
946 2622 1056 2645 ceterae
1078 2621 1178 2646 Editt.:

269 2658 310 2676 aci
327 2658 350 2676 e.

224 2694 270 2724 58)
291 2696 390 2718 natura
408 2695 502 2725 fateri]
521 2696 569 2719 Ed.
583 2696 656 2720 1541.
672 2696 701 2721 F.
721 2698 866 2726 corrupte:
898 2700 1011 2722 naturat
1029 2698 1109 2723 saei-i.

758 103 880 138 PmL.
914 102 1026 137 MEL.
1061 99 1263 136 SCRIPTA
1294 97 1632 135 PHILOLOGICA.

2146 102 2220 136 180

1225 187 1262 220 in
1277 184 1351 226 his,
1379 186 1442 232 qui
1457 185 1525 219 sibi
1539 183 1689 218 alicuius
1704 183 1828 227 flagitii
1851 184 1982 218 conscii
2007 191 2109 226 sunt,
2143 198 2222 221 cru-

1226 237 1337 270 ciatus
1355 243 1389 270 et
1405 243 1560 269 terrores
1576 234 1668 268 tanti
1686 241 1843 267 mentem
1867 236 2065 280 exagitant,
2099 243 2139 270 ut
2160 239 2223 271 ad-

1226 293 1350 332 pareat
1366 287 1525 320 divinam
1545 286 1726 332 quandam
1743 285 1815 318 vim
1834 298 1926 327 esse,
1961 299 2053 333 quae
2077 289 2222 322 admissi

1226 338 1365 372 sceleris
1383 339 1517 382 pudere
1537 343 1658 380 cogat,
1687 348 1850 382 quaeque
1876 338 2116 381 impendentis
2139 351 2223 384 sup-

1227 389 1324 433 plicii
1348 394 1482 422 metum
1505 388 1665 421 incutiat.
1725 387 1816 420 Sunt
1845 387 1953 431 igitur
1985 389 2023 422 in
2055 387 2222 425 humanis

1228 440 1356 473 animis
1373 446 1489 472 certae
1505 440 1548 472 de
1564 437 1725 471 moribus
1740 438 1851 481 leges,
1887 450 1978 483 quae
2003 446 2079 473 tum
2103 441 2222 486 priva-

1228 496 1299 522 tam
1331 489 1440 522 vitam
1473 495 1627 533 regunt,
1678 495 1752 521 turn
1784 489 1999 523 constituere
2031 502 2072 523 ac
2100 499 2222 526 tenere

1228 540 1462 584 respublicas,
1489 539 1618 573 iudicia
1635 551 1795 572 exercere
1819 546 1854 573 et
1876 541 2080 574 societatem
2106 541 2222 576 homi-

1228 604 1313 624 num
1333 592 1521 624 defendere
1539 592 1749 624 docuerunt.
1807 590 1854 624 Et
1873 598 1912 625 ut
1927 592 2135 639 fatemur59)
2155 605 2223 628 nos

1228 642 1399 676 divinitus
1417 641 1578 675 conditos
1597 654 1668 676 esse
1688 654 1727 674 ac
1743 643 1955 686 propagari,
1991 643 2039 676 ita
2057 644 2222 678 dubitare

1228 705 1301 725 non
1318 694 1504 733 debemus,
1532 693 1619 739 quin
1638 705 1655 725 e
1670 693 1768 726 coelo
1786 692 1824 725 in
1840 691 1933 727 hanc
1957 694 2067 728 vitam
2094 696 2223 729 attule-

1228 744 1339 777 rimus
1356 744 1433 778 illas
1450 744 1544 777 vitae
1568 745 1682 788 leges,
1717 750 1750 776 et
1771 743 1850 778 illos
1874 744 2067 788 igniculos,
2102 746 2165 792 qui
2189 753 2224 780 et

1230 796 1422 828 ostendunt
1438 793 1607 835 honesta,
1643 800 1677 828 et
1691 796 1887 829 admonent
1904 808 2043 840 semper
2060 809 2223 841 praeesse

1230 858 1382 886 numen,
1427 852 1461 879 et
1489 846 1688 890 inspectare
1712 846 1831 879 omnia
1858 844 2047 881 hominum
2075 848 2222 882 consilia

1230 909 1269 930 ac
1286 897 1397 936 facta,
1425 898 1539 942 deque
1563 898 1740 930 sceleratis
1766 898 1979 942 supplicium
2003 911 2143 933 sumere
2167 911 2224 933 so-

1228 949 1311 981 lere.
1375 948 1508 981 Paulus
1533 948 1663 981 alicubi
1687 945 1893 982 huiusmodi
1915 950 2107 984 sententias
2131 950 2224 984 veri-

1229 1005 1337 1031 tatem
1356 998 1423 1031 Dei
1440 999 1670 1045 appell-11⁶⁰),
1697 1011 1775 1032 cum
1793 1000 1899 1033 vellet
1913 1001 2132 1044 significare,
2158 999 2223 1035 has

1231 1049 1417 1093 opiniones
1448 1061 1522 1083 non
1553 1062 1673 1084 errore
1701 1051 1858 1095 quodam
1891 1064 1908 1084 a
1935 1052 2132 1086 maioribus
2157 1064 2222 1097 per

1230 1112 1356 1134 manus
1379 1113 1453 1134 esse
1479 1102 1648 1142 traditas,
1687 1113 1750 1134 nec
1773 1108 1904 1135 temere
1936 1103 1991 1136 vel
2026 1104 2223 1148 obrepsisse

1230 1151 1353 1191 nobis,
1378 1152 1434 1184 vel
1451 1152 1486 1184 in
1504 1152 1631 1186 animis
1649 1150 1817 1193 haerere,
1844 1155 1904 1187 sed
1929 1166 1947 1187 a
1962 1154 2040 1187 Deo
2050 1154 2097 1200 ⁶¹)
2123 1166 2224 1188 men-

1230 1202 1323 1234 tibus
1362 1202 1494 1236 nostris
1528 1203 1652 1237 infixas
1685 1215 1757 1236 esse
1793 1204 1861 1244 ita,
1899 1211 1937 1237 ut
1961 1205 2040 1238 eiici
2062 1212 2124 1240 aut
2146 1205 2224 1239 erui

1231 1252 1325 1285 nulla
1344 1252 1378 1284 vi
1395 1253 1543 1296 possint.
1596 1253 1673 1297 Ego
1698 1265 1777 1286 cum
1803 1256 1965 1298 expendo
1993 1257 2224 1289 autoritatem

1230 1302 1358 1338 harum
1381 1303 1521 1348 legum,
1561 1311 1594 1337 et
1620 1305 1888 1346 animadverto,
1929 1318 2037 1351 quam
2059 1306 2223 1351 religiose

1230 1355 1298 1388 coli
1314 1368 1372 1389 eas
1389 1354 1485 1389 Deus
1511 1356 1683 1400 postulet,
1722 1368 1953 1390 commoveor
1976 1359 2157 1402 profecto,
2193 1364 2229 1391 et

1231 1419 1353 1440 earum
1378 1406 1611 1450 scriptoribus
1638 1407 1750 1451 magis
1777 1408 1916 1452 capior;
1951 1420 2104 1452 agnosco
2130 1409 2226 1442 enim

1231 1470 1304 1490 non
1320 1457 1395 1491 sine
1412 1464 1549 1498 mente,
1575 1464 1614 1492 ut
1636 1459 1694 1492 iile
1717 1459 1785 1498 ait,
1820 1459 1896 1492 sine
1919 1460 2066 1493 numine
2089 1455 2226 1501 divfim,

1231 1507 1317 1542 haec
1335 1509 1379 1542 ab
1397 1509 1466 1543 illis
1485 1509 1589 1544 nobis
1604 1510 1746 1544 vivendi
1768 1517 1955 1554 praecepta
1983 1512 2114 1545 tradita
2140 1523 2225 1546 esse.

1231 1560 1350 1605 Quare
1390 1573 1464 1593 non
1495 1561 1580 1594 satis
1612 1561 1815 1606 intelligunt
1845 1560 1974 1596 horum
2010 1563 2226 1608 scriptorum

1231 1611 1398 1651 consilia,
1432 1612 1493 1657 qui
1514 1625 1587 1645 non
1603 1614 1843 1657 perspiciunt,
1879 1615 1973 1648 unde
1997 1621 2052 1648 tot
2074 1612 2225 1649 honesta

1232 1669 1441 1707 praecepta,
1473 1669 1526 1696 tot
1551 1676 1675 1707 graves
1701 1665 1898 1699 sententiae
1924 1666 2118 1700 manarint.
2170 1665 2226 1700 De

1230 1714 1402 1758 religione
1435 1714 1538 1747 aliter
1566 1716 1695 1749 docent
1727 1729 1792 1750 nos
1816 1714 2039 1750 Christianae
2071 1717 2226 1758 litterae,

1230 1767 1290 1799 sed
1320 1766 1361 1798 de
1393 1765 1504 1799 civilis
1538 1766 1632 1800 vitae
1665 1769 1938 1808 consuetudine,
1976 1768 2226 1802 communibus

1230 1823 1379 1850 naturae
1394 1817 1590 1861 praeceptis
1608 1828 1732 1857 parere
1748 1830 1812 1847 nos
1827 1818 1987 1847 Christus
2004 1814 2130 1847 voluit.
2157 1813 2227 1847 Ne-

1231 1878 1298 1910 que
1316 1877 1402 1897 vero
1421 1863 1510 1897 nihil
1529 1866 1572 1898 ad
1591 1863 1832 1898 Christianum
1857 1865 2012 1910 pertinet
2040 1864 2152 1898 civilis
2174 1864 2227 1897 vi·

1232 1923 1287 1949 tae
1306 1917 1536 1949 consuetudo.
1576 1915 1658 1949 Non
1675 1923 1757 1950 sunt
1773 1916 1881 1960 igitur
1895 1916 2226 1960 praetermittenda,

1231 1968 1259 2001 si
1277 1979 1345 2013 qua
1363 1967 1457 2000 docti
1474 1974 1507 2000 et
1523 1967 1628 2011 periti
1647 1965 1809 2001 homines
1827 1980 1866 2001 ea
1884 1969 1926 2001 de
1942 1979 1980 2000 re
1996 1973 2226 2001 monuerunt.

1230 2018 1370 2052 Nullius
1393 2025 1511 2051 autem
1538 2015 1742 2063 philosophi
1766 2018 2043 2052 commentarios
2066 2018 2223 2052 Hesiodo

1232 2069 1404 2115 praeferri
1435 2069 1539 2102 velim
1558 2068 1625 2115 62),
1668 2077 1766 2103 tanta
1789 2077 1840 2104 est
1867 2077 1900 2103 et
1922 2069 2077 2114 gravitas
2101 2069 2140 2102 in
2161 2070 2225 2102 do-

1232 2122 1343 2155 cendo
1362 2127 1396 2154 et
1411 2120 1628 2164 simplicitas.
1692 2120 1744 2154 llli
1768 2133 1892 2165 saepe,
1925 2123 2010 2154 dum
2034 2122 2078 2153 ad
2102 2121 2225 2154 vivum

1232 2172 1352 2206 omnia
1368 2183 1525 2205 resecare
1541 2173 1702 2212 student,
1727 2173 1811 2205 dum
1829 2172 1951 2206 odiose
1965 2171 2147 2213 rixantur,
2174 2172 2224 2205 al-

1265 2298 1313 2326 59)
1333 2297 1464 2325 fatemur]
1488 2296 1861 2325 sicEditt.1532.,15-11.Ar,
1884 2297 1969 2326 1544..
1990 2297 2076 2325 1559..
2096 2296 2224 2328 1564.Α.,

1303 2332 1394 2360 1570..
1428 2331 1518 2356 lat-⁵2:
1555 2332 1638 2355 Editt.
1661 2332 1734 2355 1541.
1758 2332 1802 2359 Β..
1836 2332 1909 2356 1541.
1930 2331 1978 2362 R,
2012 2331 2104 2362 1557„
2137 2330 2225 2363 1562„

1302 2366 1377 2390 1564.
1392 2366 1438 2395 h..
1459 2365 1549 2393 1569..
1572 2366 1665 2397 1581.,
1686 2366 1759 2389 1591.
1780 2367 1926 2390 fateamur.

1265 2408 1313 2439 60)
1333 2409 1362 2431 ln
1382 2408 1460 2437 epist.
1480 2408 1513 2431 ad
1534 2408 1610 2432 Rom.
1633 2409 1656 2432 1,
1676 2408 1718 2432 25.
1744 2407 1771 2435 3,
1791 2408 1816 2433 7.
1843 2408 1885 2435 15,
1903 2408 1928 2431 8.
1948 2418 1981 2424 -—
2016 2406 2087 2431 Huic
2110 2407 2171 2431 loco
2195 2407 2223 2431 in

1301 2443 1385 2467 Editt.
1398 2443 1483 2469 1559..
1505 2442 1630 2466 1564.Α..
1654 2442 1738 2469 1570..
1759 2442 1834 2465 1587.
1852 2442 1878 2464 in
1893 2447 1978 2471 marg.
1992 2441 2131 2472 adscripta
2143 2443 2223 2465 sunt:

1300 2478 1390 2508 Leges
1409 2478 1523 2500 naturae
1543 2477 1686 2499 veritatem
1707 2476 1756 2500 Dei
1776 2476 1926 2505 Apostolus
1945 2477 2034 2499 vocat.

1266 2519 1313 2551 61)
1333 2525 1350 2543 a
1368 2520 1439 2547 Deo]
1460 2519 1498 2541 sic
1518 2518 1598 2543 Editt.
1615 2518 1690 2541 1541.
1706 2518 1745 2547 Ε..
1768 2518 1852 2548 1557..
1874 2518 1947 2541 1564.
1965 2518 2008 2548 L.‚
2029 2517 2115 2549 ¹569„
2136 2517 2223 2548 1581„

1304 2554 1394 2583 1591,;
1419 2553 1502 2577 Editt.
1522 2552 1606 2582 1532..
1628 2553 1753 2582 1541.Α..
1775 2553 1848 2576 1541.
1862 2553 1901 2583 B.‚
1925 2552 2008 2583 1544„
2029 2552 2116 2582 1559..
2137 2551 2223 2582 1562.,

1302 2588 1376 2612 1564.
1390 2589 1437 2615 Α..
1460 2586 1533 2610 1587.
1552 2586 1630 2612 adeo.

1265 2630 1313 2660 62)
1334 2630 1401 2653 Huic
1420 2631 1479 2654 ioco
1499 2629 1525 2652 in
1545 2629 1627 2654 Editt.
1648 2630 1736 2660 1559..
1759 2629 1832 2653 1564.
1848 2630 1896 2661 A„
1919 2628 2011 2659 1570.‚
2034 2627 2110 2653 1587.
2136 2632 2222 2657 appo-

1300 2665 1355 2688 sita
1387 2666 1429 2688 est
1464 2666 1528 2688 uota
1559 2663 1690 2694 margin.:
1729 2663 1865 2688 Hesiodus
1897 2664 2020 2688 omnibus
2051 2661 2223 2692 philosophis

1300 2701 1433 2727 praestat.
