2373 2980
592 96 666 132 LV.

501 179 684 229 [Epodos]

150 250 385 285 Geminorum
405 249 558 280 duorum
580 249 752 282 Helenam
768 261 930 282 sororem
942 276 951 289 ‚

150 302 364 345 Idaeumque
385 305 564 343 pastorem

99 351 174 388 945
201 350 400 385 Exitiosum
436 350 476 382 Ρ
471 350 558 382 ¹irim
596 350 812 384 execrationi
847 351 954 391 dans,

513 400 610 432 niam
636 401 748 447 me⁴³)

150 454 263 487 Ten-1
283 465 323 485 ex
340 464 373 496 p
366 451 443 484 ιῐιι
437 466 453 483 1
473 450 639 495 perdidit.

148 504 366 550 Expulitme
384 514 424 535 ex
443 501 588 534 aedibus
606 501 732 546 couiug
731 503 809 534 ¹ium
822 502 887 548 ⁴4),
914 514 988 535 non
1012 514 1095 534 con-

509 552 665 595 ingiam,

150 606 217 639 Sed
237 603 420 637 daemonis
438 602 625 646 affligentis
642 615 700 647 qu
694 603 817 634 »edam
837 603 1030 636 calamitas.

98 655 174 691 950
202 656 319 700 Quam
337 666 411 686 non
429 653 573 697 pelagus
591 654 738 686 reducat
753 665 894 686 rursum
907 681 916 694 ‚

148 707 274 752 Neque
292 705 443 750 patriam
461 704 582 736 veniat
598 705 634 736 in
651 705 811 737 domum.

99 99 171 136 521

1007 363 1095 396 quo-

319 788 634 837 [Polymestor,
663 786 877 835 Hecuba]

150 859 278 902 Polym.
307 857 340 890 O
364 855 568 890 charissime
595 856 754 888 virorum
772 856 935 895 Priame,
963 852 1094 897 charis-

511 919 598 939 sn'na
619 918 705 938 vero

150 958 307 997 Hecuba,
325 956 526 1002 lachrymas
542 958 652 989 fundo
672 963 704 989 te
721 957 875 995 intuens,
896 956 1095 1001 urbemque

510 1014 607 1040 tuam
626 1013 642 1027 ¹³

99 1058 174 1095 955
199 1060 370 1104 H'ancque
387 1059 457 1091 iam
476 1058 632 1102 primum
650 1064 830 1090 mortuam
850 1064 971 1089 natam
993 1069 1033 1090 ex
1051 1064 1096 1091 te.

154 1109 261 1152 „Ah‚
287 1109 378 1143 nihil
403 1116 454 1143 est
479 1121 639 1154 unquam
662 1110 826 1148 firnmm,
861 1121 978 1154 neque
1002 1115 1094 1141 certa

513 1160 657 1203 opinio,

153 1212 310 1256 „Neque
333 1211 478 1244 rursum
499 1211 589 1243 bene
614 1215 800 1254 agentem,

518 1265 552 1293 m
558 1262 622 1294 ale.

154 1312 336 1354 „Miscent
348 1324 432 1345 vero
450 1324 478 1344 e
472 1325 488 1344 1
500 1311 567 1344 Dei
584 1318 664 1344 inti
668 1323 787 1344 orsum
803 1316 837 1342 et
852 1310 1096 1355 retrorsiiixi⁴⁵)

153 1364 394 1404 „Tumultum
413 1363 638 1406 imponentes
650 1389 658 1401 ‚
685 1367 724 1394 ut
740 1372 802 1404 per
818 1361 993 1394 inscitiam

100 1414 175 1449 960
204 1414 406 1454 „Colamus
424 1410 515 1446 illos.
570 1413 638 1445 Sed
657 1411 743 1445 haec
763 1411 906 1456 quidem
934 1411 1019 1457 quid
1046 1418 1097 1443 at-

510 1463 601 1496 tinet

149 1515 289 1559 Lugere
307 1514 524 1547 conferentia
543 1511 633 1546 nihil
651 1513 693 1545 ad
713 1512 835 1557 priora
854 1511 973 1545 mala?

152 1566 211 1600 Tu
228 1578 326 1606 vero,
343 1565 371 1598 si
391 1565 475 1610 quid
495 1562 726 1609 reprehendis
743 1570 860 1596 meam
876 1564 1073 1597 absentiam
1086 1590 1095 1603 ,

151 1616 320 1662 Quiesce;
358 1616 532 1660 contingit
557 1616 671 1655 enim,
704 1621 745 1648 ut
768 1614 806 1647 in
830 1615 956 1648 mediis
981 1613 1097 1647 Thra-

513 1667 587 1699 ciae
608 1666 737 1700 finibus

149 1716 339 1758 Abessem,
369 1719 514 1764 quando
541 1718 668 1750 venisti
693 1715 781 1755 huc;
817 1718 877 1750 sed
905 1723 1094 1763 postquam

478 1775 479 1778 ’
518 1768 666 1808 adveni,

97 1817 174 1854 965
202 1818 275 1852 Iam
294 1819 421 1864 pedem
438 1824 535 1852 extra
552 1821 699 1852 domum
718 1819 859 1852 tollenti
875 1817 963 1852 mihi

149 1871 205 1904 Ad
223 1870 317 1903 idem
336 1867 423 1902 haec
439 1870 608 1903 coincidit
624 1869 751 1902 ancilla
768 1875 828 1902 tua

150 1921 282 1954 Dicens
300 1932 480 1955 sermones
492 1949 500 1961 ,
530 1933 619 1967 quos
638 1921 786 1954 audiens
804 1921 898 1954 veni.

150 1974 232 2006 Hec.
261 1972 376 2005 Pudet
393 1985 449 2005 me
468 1973 599 2005 intueri
618 1978 650 2004 te
670 1978 812 2012 contra,

150 2023 398 2068 Polymestor,
434 2023 472 2055 in
491 2024 598 2057 tantis
614 2024 767 2067 positam
790 2022 912 2063 malis,

99 2073 175 2109 970
204 2074 271 2107 Cui
296 2081 481 2119 conspecta
506 2087 584 2108 sum
609 2075 758 2107 feliciter
785 2084 902 2118 agens.

514 2138 570 2158 me
589 2132 706 2165 tenet,

151 2174 191 2208 In
207 2173 275 2208 hoc
292 2176 364 2208 fato
384 2188 461 2209 cum
480 2177 545 2210 sim
558 2203 567 2216 ,
595 2177 655 2210 ubi
674 2188 768 2209 nunc
788 2188 885 2216 sum,

151 2225 276 2272 Neque
296 2227 424 2271 queam
442 2228 622 2272 adspicere
642 2234 674 2260 te
691 2227 795 2261 rectis
810 2227 965 2271 pupulis.

151 2277 219 2310 Sed
244 2275 444 2322 hoc'ipsum
462 2291 537 2311 non
553 2279 694 2323 putabis
713 2290 785 2312 esse
805 2278 926 2311 odium
946 2289 1026 2321 erga
1047 2283 1078 2308 te
1091 2302 1099 2316 ,

154 2327 390 2372 Polymestor.
445 2330 524 2370 „I’r
527 2337 664 2363 2¹11ete1e2
685 2341 770 2363 veio
794 2340 875 2363 caus
880 2342 898 2362 a
917 2340 980 2374 qu
974 2329 1049 2361 ted
1052 2340 1099 2360 un

514 2387 548 2414 et
563 2381 618 2413 lex
636 2387 688 2414 est

828 1220 901 1241 non
934 1215 1095 1241 acturum

975 2073 1098 2106 Pudor

142 2495 189 2522 43)
209 2495 358 2519 Exitiosum
376 2510 410 2514 -—
429 2479 554 2527 quoniam
574 2499 631 2526 me]
652 2497 693 2521 hic
713 2504 754 2522 vs
776 2497 803 2521 in
820 2497 871 2522 Ed.
884 2499 969 2522 Bai-n.
988 2495 1100 2526 disper-

177 2529 243 2552 titus
263 2531 306 2554 est
324 2531 351 2554 in
370 2531 448 2569 duos.

140 2568 190 2630 ΜΞ
208 2573 278 2630 flung
296 2574 356 2630 ἷιοεί
382 2574 410 2598 in
433 2579 520 2606 marg.
539 2574 587 2600 Ed.
598 2566 684 2600 1562
708 2558 853 2612 adscripta
878 2578 958 2602 suut:
989 2576 1100 2601 Paridis

193 2614 236 2630 um
281 2614 294 2630 θ
308 2614 367 2632 ella.

108 2651 111 2653 ’
142 2650 191 2677 45)
210 2649 280 2673 Huic
298 2650 391 2675 versui
409 2651 448 2675 1·11’
442 2649 507 2675 “.·Ειί
522 2652 642 2678 1562511
662 2659 752 2685 marg
768 2655 894 2685 apposita
914 2656 978 2678 sunt
999 2654 1099 2678 verba.

178 2684 236 2706 Res
255 2684 393 2707 humanae.

107 2725 188 2756 ΜΕι
192 2735 292 2756 ,ww
317 2727 421 2757 Ormi
446 2729 528 2759 Vox..
553 2730 676 2761 XVIII.

712 95 1117 131 INTERPRETATIO
1143 97 1372 132 HECUBAE
1398 96 1649 132 EURIPIDIS.

1120 204 1124 274 ἓ

1120 286 1124 311 Ι

1124 2374 1129 2689 Ι

2066 102 2140 138 322

1147 182 1222 217 975
1251 184 1503 223 „Mulieribus,
1532 183 1626 216 viros
1644 195 1688 215 ne
1707 184 1904 228 adspiciam
1922 199 1963 219 ex
1979 187 2141 221 adverso.

1198 236 1270 268 Pol.
1299 234 1345 266 Et
1373 235 1504 267 mirum
1539 246 1622 267 sane
1652 234 1788 267 nullum
1801 262 1810 275 ,
1854 238 1914 270 sed
1946 238 2024 284 quis
2059 251 2143 272 usus

1569 284 1635 316 tihi
1657 284 1750 317 mel?

1198 335 1352 378 Propter
1369 336 1465 379 quod
1483 335 1665 377 negotium
1686 337 1839 369 evocasti
1855 351 1971 372 meum
1988 352 2029 372 ex
2048 342 2144 375 aedi-

1566 386 1630 416 bus
1651 386 1801 428 pedem?

1200 438 1279 469 Hec.
1308 435 1493 468 Privatum
1513 435 1582 467 mei
1602 435 1711 477 ipsius
1733 449 1815 469 sane
1841 439 2011 482 quiddam
2041 444 2085 476 ad
2110 450 2144 476 te

1560 485 1642 517 volo

1198 536 1243 569 Et
1261 537 1391 568 liberos
1408 535 1524 567 dicere
1543 541 1638 572 tuos;
1668 536 1849 571 ministros
1868 552 1952 573 vero
1970 541 2059 576 mihi

1148 587 1223 621 980
1250 587 1450 631 Separatim
1467 586 1549 618 iube
1568 587 1611 618 al»
1630 584 1683 619 his
1701 588 1879 622 abstinere
1897 592 2073 628 domibus.

1200 639 1272 672 Pol.
1302 637 1480 670 Discedite
1490 636 1577 683 ¹¹⁵³);
1605 637 1641 669 in
1660 643 1735 671 tuto
1755 639 1848 672 enim
1867 638 1953 673 haec
1976 645 2143 680 solitudo.

1199 689 1321 722 Amica
1339 689 1482 733 quidem
1498 688 1601 720 nobis
1618 700 1652 720 es
1671 694 1719 728 tu,
1737 691 1870 724 amicus
1885 704 1968 725 vero
1984 693 2071 727 milii
2087 694 2145 729 hic

1200 740 1384 773 Exercitus
1408 737 1645 771 Achaeorum.

1569 790 1683 827 venit,

1201 842 1296 886 Quid
1331 847 1495 885 oporteat
1528 840 1676 873 feliciter
1707 847 1867 883 agentem
1905 856 1977 876 non
2010 849 2145 890 agenti-

1558 892 1622 923 bus
1648 892 1738 923 bene

1149 943 1222 978 985
1251 942 1384 975 Amicis
1399 942 1526 974 facere.
1579 941 1670 974 Nam
1689 948 1834 984 paratus
1853 957 1928 976 sum
1948 958 2024 989 ego.

1198 997 1278 1028 Hec.
1305 993 1467 1026 Primum
1505 992 1646 1037 quidem
1681 993 1756 1031 dic,
1795 994 1904 1027 filium
1917 1022 1925 1035 ,
1969 1011 2074 1043 quem
2105 1014 2146 1034 ex

1561 1055 1638 1075 ntea
1657 1055 1766 1076 ltlnllu

1201 1096 1421 1140 Polydorum
1441 1107 1552 1139 exque
1570 1094 1681 1137 patris
1700 1093 1737 1126 in
1754 1095 1919 1130 domibus
1934 1095 2061 1141 habes,

1200 1150 1258 1182 An
1275 1144 1397 1178 vivat?
1427 1145 1493 1177 alia
1511 1145 1639 1177 deinde
1658 1151 1689 1177 te
1707 1144 1948 1189 interrogabo.

1204 1200 1275 1232 Pol.
1303 1196 1479 1235 Maxime,
1508 1209 1548 1228 ex
1565 1196 1620 1227 illa
1641 1195 1885 1243 quidem-felix
1904 1212 1938 1233 es
1958 1208 2072 1244 parte.

1151 1249 1226 1282 990
1253 1252 1334 1283 Hec.
1363 1247 1404 1280 O*
1420 1245 1646 1285 charissime,
1681 1259 1789 1290 quam
1813 1249 1902 1282 beue
1926 1258 1960 1284 et
1984 1253 2089 1297 digne
2113 1261 2147 1288 te

1565 1298 1737 1342 loqueris!

1202 1351 1274 1383 Pol.
1303 1348 1400 1392 Quid
1416 1348 1536 1392 itaque
1554 1348 1607 1381 vis
1624 1349 1777 1381 secundo
1800 1349 1888 1382 scire
1906 1363 1947 1384 ex
1959 1353 2044 1386 me?

1202 1403 1283 1434 Hec.
1312 1402 1369 1432 Au
1385 1399 1509 1431 matris
1530 1411 1613 1432 suae
1628 1412 1769 1431 memor
1785 1406 1836 1433 est
1851 1401 1987 1447 aliquid
2003 1405 2099 1438 mei?

1202 1453 1275 1485 Pol.
1303 1450 1348 1482 Et
1371 1448 1440 1481 huc
1471 1450 1616 1494 quidem
1645 1451 1689 1482 ad
1719 1456 1752 1482 te
1784 1451 1918 1485 occulte
1954 1457 2150 1499 quaerebat

1573 1512 1727 1534 currere.

1202 1555 1280 1587 llec.
1309 1553 1446 1585 Aurum
1474 1563 1558 1583 vero
1584 1551 1721 1584 salvum
1748 1558 1819 1592 est,

1564 1601 1674 1635 Troia
1703 1600 1862 1637 habens?

1151 1653 1225 1688 995
1253 1655 1325 1688 Pol.
1353 1654 1498 1687 Salvum
1516 1654 1553 1686 in
1572 1653 1737 1688 domibus
1751 1655 1895 1699 quidem
1922 1659 2009 1693 meis
2035 1668 2149 1695 custo-

1556 1704 1683 1738 ditum.

1203 1759 1282 1791 Hec.
1319 1754 1426 1788 Serva
1454 1767 1550 1788 nunc
1571 1756 1679 1795 illud,
1718 1769 1834 1802 neque
1867 1760 2074 1804 concupisce
2096 1775 2150 1804 ea,

1564 1820 1653 1853 quae
1674 1814 1756 1841 sunt
1776 1816 2022 1852 cognitorum.

1202 1859 1275 1892 Pol.
1302 1857 1472 1900 Minime:
1499 1861 1630 1902 pe1¹'.lru
1635 1872 1662 1891 nr
1679 1860 1942 1903 praesentibus,
1971 1876 1990 1895 o
2009 1864 2149 1898 mulier.

1202 1911 1280 1943 Hac.
1307 1909 1382 1942 Scis
1399 1901 1518 1952 igitur,
1537 1922 1628 1956 quae
1644 1911 1758 1944 dicere
1776 1911 1840 1944 tibi
1856 1918 1889 1945 et
1906 1912 2026 1948 liberis
2044 1915 2150 1949 volo?

1203 1961 1276 1994 Pol.
1304 1960 1386 1994 Non
1406 1961 1496 1995 scio:
1527 1969 1588 1995 tuo
1607 1961 1675 1996 hoc
1692 1963 1905 2007 significabis
1920 1978 2098 2001 sermone.

1154 2012 1252 2045 1000
1280 2014 1360 2046 llee.
1398 2012 1643 2053 Sit,11metur
1667 2015 1760 2048 filius
1787 2027 1805 2048 a
1831 2023 1885 2057 te,
1930 2024 1969 2051 ut
1994 2025 2031 2052 tu
2055 2031 2149 2052 nunc

1560 2063 1649 2098 mihi
1673 2067 1816 2100 amaris.

1315 2113 1411 2158 Quid
1437 2115 1490 2147 rei
1518 2123 1588 2155 est,
1619 2118 1715 2161 quod
1739 2124 1772 2150 et
1789 2131 1845 2151 me
1864 2125 1897 2152 et
1913 2120 2043 2154 liberos
2060 2122 2148 2166 scire

1562 2168 1730 2211 oportet?

1200 2217 1282 2248 Hec.
1310 2215 1399 2248 Auri
1417 2223 1551 2250 veteres
1566 2219 1720 2251 filiorum
1740 2219 1876 2252 Priami
1896 2222 2122 2258 defossiones.

1204 2267 1276 2299 Pol.
1304 2267 1397 2299 Haec
1414 2274 1515 2308 sunt,
1544 2281 1635 2313 quae
1653 2270 1705 2303 vis
1720 2270 1793 2302 filio
1810 2284 1836 2304 51
1830 2271 1945 2315 gnific
1948 2284 2008 2305 are
2023 2276 2111 2308 tuo?

1203 2319 1283 2350 Ilec.
1313 2318 1487 2359 waime,
1513 2326 1628 2363 perte
1647 2334 1673 2353 5
1667 2332 1742 2354 ¹ine.
1783 2321 1831 2355 Es
1850 2323 1944 2356 enim
1962 2324 2041 2368 pius
2058 2327 2123 2360 vir.

1155 2366 1253 2402 1005
1282 2370 1354 2403 Pol.
1384 2370 1478 2413 Quid
1498 2383 1607 2414 porro
1624 2369 1752 2404 horum
1771 2372 1968 2408 liberorum
1988 2388 2077 2421 opus
2100 2385 2151 2412 est

1565 2423 1793 2465 praeseutia?

1205 2472 1286 2504 Ilec.
1314 2470 1441 2504 Melius
1459 2478 1527 2511 est,
1554 2473 1582 2506 si
1601 2480 1638 2506 tu
1655 2475 1820 2508 moriaris
1833 2502 1841 2515 ,
1867 2482 1906 2509 ut
1921 2477 1977 2510 isti
1993 2478 2116 2513 sciant.

1206 2523 1277 2554 Pol.
1306 2520 1457 2555 Pulchre
1478 2523 1596 2557 dixisti
1614 2525 1663 2558 sic
1681 2532 1714 2558 et
1731 2527 1937 2570 sapientius.

1204 2574 1284 2605 Hec.
1314 2573 1415 2606 Nosti
1434 2574 1540 2617 igitur
1556 2575 1741 2610 Minervae
1759 2578 1940 2611 Troianae
1957 2579 2018 2611 ubi
2035 2580 2149 2613 tecta?

1187 2655 1258 2682 451²)
1278 2655 1432 2685 Discedite]
1453 2656 1494 2680 sic
1512 2659 1558 2686 (--
1579 2658 1672 2689 Eurip.
1691 2655 1819 2690 χωρεῖτ’)
1839 2660 1922 2684 Editt.
1943 2661 2062 2686 recent·
2055 2678 2062 2691 ,
2099 2662 2149 2686 Ed.

1226 2690 1299 2714 1562.
1320 2691 1452 2716 Discedit.

1582 2729 1628 2761 21

1717 740 1783 772 Sed
1819 749 1850 773 te
1879 742 2036 778 indicare
2062 759 2146 779 con-

1866 1556 1963 1599 quod
1987 1559 2084 1593 venit
2108 1572 2150 1593 ex

1205 2114 1276 2146 Pol.
