2373 2980
161 153 314 187 Plorans
334 149 463 185 charae
489 152 650 198 coniugis
673 155 837 195 cadaver,

160 205 260 250 Quae
283 214 404 236 recens
436 209 487 237 est
511 210 667 240 mortua.

160 255 373 295 „Generosa
397 260 525 288 natura
550 255 696 290 effertur
718 258 764 290 ad
788 258 964 302 pudorem
974 257 1032 304 6⁷).

111 304 183 340 605
199 303 285 345 ;‚,In
307 304 411 339 bonis
436 306 556 339 omnia
582 307 704 341 insunt
726 308 915 352 sapienter.

154 355 201 389 Et
226 356 263 389 in
286 367 364 389 mea
389 356 508 390 anima
532 358 661 391 fiducia
685 360 794 400 sedet,

156 406 261 440 Pium
289 407 405 441 virum
431 408 489 452 pie
515 415 678 442 acturum
702 422 786 445 esse.

555 66 629 102 LX.

105 508 178 543 610
211 509 284 543 Mei
309 509 462 543 ministri
488 511 642 544 cadaver
666 513 815 546 omnino
839 520 1006 547 ornatum

155 561 294 594 Gerunt
316 561 467 594 sublime
492 562 536 594 ad
559 562 778 606 sepulturam
803 569 837 597 et
861 576 1006 609 rogum:

152 611 226 647 Vos
249 618 449 652 mortuam,
472 618 512 646 ut
536 613 588 647 fas
611 620 674 654 est,

153 664 310 698 Salutate
335 662 572 708 egredientem
596 670 813 708 postremam
839 665 946 700 viam.

153 716 250 751 Gkor.
281 715 393 760 Atqui
415 715 519 748 video
543 721 643 749 tuum
669 721 806 760 patrem
834 716 935 750 senili
961 717 1050 761 pede

148 819 177 852 F
180 824 317 851 erentes
345 823 510 850 ornatum
541 823 781 852 mortuorum.

148 870 250 904 Pher.
282 868 315 902 Ο
340 867 409 907 fili,
436 867 540 900 venio
566 868 689 902 dolens
711 874 808 902 tuam
835 869 958 903 vicem.

148 921 288 955 Bonam
316 919 411 952 enim
437 924 471 951 et
492 919 659 962 pudicam
688 919 811 964 (nemo
837 920 1071 966 contradicet)

149 971 346 1015 Coniugem
368 969 536 1007 amisisti;
563 982 687 1004 verum
710 968 797 1004 haec

97 1024 171 1061 620
201 1023 310 1056 Ferre
335 1032 475 1055 necesse
502 1026 572 1060 est,
597 1033 816 1067 quamquam
842 1022 912 1055 sint
939 1022 1064 1057 tristia.

145 1074 276 1119 Accipe
302 1070 398 1106 hunc
421 1077 608 1112 ornatum,
637 1079 670 1106 et
693 1072 758 1107 sub
783 1079 915 1106 terram

145 1125 233 1164 Eat;
260 1123 426 1157 convenit
447 1120 552 1156 huius
573 1134 702 1167 corpus
725 1121 863 1157 honore
882 1125 1033 1164 afficere,

146 1177 249 1222 Quae
270 1181 413 1208 mortua
437 1180 489 1207 est
510 1185 576 1217 pro
600 1179 659 1206 tua
682 1174 767 1213 vita,

143 1227 190 1260 Et
213 1226 315 1265 fecit,
342 1237 386 1259 ne
411 1225 559 1257 orbarer
580 1223 720 1265 liberis,
747 1237 862 1270 neque
886 1225 1048 1270 permisit

17 1278 25 1299 :i

17 1305 25 1320 ι

14 1324 25 1375 ,ἒ

17 1384 23 1393 »

144 1328 321 1363 Omnibus
343 1326 425 1360 fecit
448 1325 730 1359 laudatissimam
753 1327 865 1360 vitam

143 1378 374 1417 Mulieribus‚
405 1388 490 1410 ausa
514 1373 580 1408 hoc
603 1388 813 1419 generosum
837 1378 984 1412 facinus.

141 1431 175 1464 O
192 1441 282 1475 quae
301 1427 450 1463 servasti
469 1438 588 1459 meum
604 1427 730 1468 filium,
748 1434 783 1461 et
798 1439 919 1465 rursus
937 1429 1078 1463 erexisti

140 1482 215 1516 Nos
239 1481 423 1519 cadentes,
445 1478 544 1517 vale,
568 1483 602 1510 et
625 1479 719 1523 apud
741 1479 875 1514 inferos

87 1533 162 1567 630
191 1531 290 1566 Bene
310 1531 355 1565 sit
377 1530 461 1570 tibi,
490 1528 569 1561 dico
595 1530 683 1563 tales
704 1530 848 1574 nuptias

138 1583 244 1625 „Non
260 1583 385 1627 dignas
402 1593 474 1615 esse
491 1590 583 1625 quae
600 1581 797 1622 solvantur,
814 1588 956 1615 autnon
974 1589 1074 1615 erant

496 1629 770 1666 contrahendae.

134 1688 234 1721 Adm.
272 1684 355 1719 Non
378 1681 506 1717 venisti
532 1688 679 1716 vocatus
700 1695 719 1715 a
742 1683 830 1717 meis
853 1684 898 1716 ad
922 1681 990 1717 hoc
1021 1685 1072 1718 fu-

495 1744 576 1773 nus,

132 1787 256 1834 Neque
280 1793 339 1820 tua
364 1783 565 1830 praesentia
590 1782 679 1818 mihi
707 1791 805 1828 grata
832 1792 896 1825 est,

130 1839 176 1873 Et
194 1845 296 1873 tuum
320 1843 487 1871 ornatum
513 1832 600 1868 haec
621 1848 807 1881 nunquam
834 1836 967 1870 induet.

81 1889 155 1924 635
180 1890 263 1924 Non
280 1888 373 1922 enim
392 1894 532 1921 tuarum
548 1898 669 1920 rerum
687 1887 849 1931 indigens
866 1887 1068 1932 sepelietur,

130 1941 234 1975 Tunc
259 1947 292 1973 te
315 1940 434 1973 dolere
458 1937 637 1982 oportuit,
661 1939 806 1983 quando
835 1950 898 1982 ego
925 1938 1024 1983 perii.

130 1992 187 2026 Tu
217 2000 303 2024 vero
337 1996 433 2024 stans
466 1988 625 2030 eminus,
665 1989 925 2035 relinquens⁶⁸)
956 1990 1064 2023 alium

481 2039 576 2073 mori

127 2092 307 2127 Iuniorem
321 2119 330 2132 ,
356 2103 435 2125 cum
455 2097 493 2124 tu
508 2090 554 2125 sis
568 2103 694 2131 senex,
717 2098 840 2136 postea
856 2091 1063 2125 lamentaris

486 2139 582 2175 hunc
607 2149 804 2177 mortuum.

125 2195 208 2230 Non
231 2194 328 2229 suisti
348 2205 429 2227 vere
451 2193 523 2226 mei
544 2192 704 2237 corporis
727 2200 842 2239 pater,

56 2272 59 2275 -
74 2246 148 2281 640
178 2246 301 2292 Neque
319 2245 399 2285 illa,
423 2256 514 2290 quae
532 2244 662 2278 dicitur
679 2257 736 2278 me
752 2244 931 2290 peperisse
950 2251 983 2278 et
999 2257 1060 2278 vo-

480 2302 580 2329 catur

122 2348 259 2388 Mater,
282 2358 340 2380 me
361 2346 514 2390 peperit:
544 2359 562 2379 a
587 2346 707 2380 servili
730 2346 902 2391 sanguine

121 2398 333 2444 Suppositus
356 2410 432 2432 sum
460 2398 657 2431 clanculum
684 2398 851 2432 uberibus
877 2404 956 2431 tuae
973 2410 1055 2430 con-

481 2461 581 2492 iugis.

100 2593 149 2622 ⁶7)
171 2593 202 2617 u.
223 2592 239 2614 ι.
259 2591 285 2614 in
305 2589 387 2614 Editt.
408 2588 499 2617 155S.,
521 2587 594 2612 156².
615 2589 681 2612 nota
699 2593 800 2619 marg.:
821 2589 1003 2614 verecundia.
1076 2586 1079 2604 ¹
1098 2584 1101 2587 ’

100 2636 148 2665 68)
167 2630 338 2664 relinquens]
363 2631 404 2655 sic
428 2633 475 2660 (Ξ
494 2630 587 2669 ⁴Eurip-
607 2628 716 2662 παρεὶς)
734 2631 818 2655 Editt.
839 2632 930 2662 1562..
959 2633 1050 2663 nam,

136 2672 256 2701 iniungi-..3
279 2667 332 2692 Ed.
352 2665 426 2690 1558.
448 2666 590 2695 relinquis.

681 67 1079 107 INTERPRETATIO
1113 69 1391 106 ALCESTIDIS
1427 70 1677 108 EURIPIDIS.

155 460 255 493 Adm.
285 457 318 492 Ο
332 458 503 492 benevole
520 466 642 494 coetus
658 460 818 495 virorum
837 459 1095 503 Pheraeorum,

100 766 175 802 615
202 765 355 800 Euntem
368 793 377 806 ‚
399 772 433 799 et
449 765 595 799 comites
613 766 651 799 in
668 767 832 802 manibus
850 774 930 801 tuae
948 768 1089 812 coniugi

94 1276 170 1315 625
186 1278 245 1311 Me
262 1276 442 1322 privatum
460 1281 493 1308 te
510 1275 756 1309 contabescere
770 1276 912 1320 lugubri
930 1282 1081 1310 senecta.

1204 157 1401 192 Ostendisti
1421 158 1608 193 manifeste
1633 171 1671 192 re
1696 160 1792 205 ipsa,
1816 163 1878 207 qui
1898 165 1957 204 sis,

1201 207 1325 254 Neque
1348 210 1512 244 existimo
1537 223 1594 244 me
1616 223 1688 245 esse
1713 212 1824 246 filiurn
1850 220 1962 249 tuum.

1152 257 1226 292 645
1255 260 1401 294 Adeone
1427 273 1549 295 omnes
1576 263 1713 297 excellis
1737 264 1945 307 timiditate,

1201 309 1308 354 Quod
1331 317 1403 344 tam
1429 313 1574 356 grandis
1598 319 1705 354 natu,
1748 315 1810 360 qui
1843 317 1915 351 iam
1937 319 1981 352 ad
2005 325 2136 352 metam

1562 363 1655 397 vitae
1680 365 1820 407 venisti,

1199 409 1282 444 Non
1310 411 1455 445 voluisti
1478 424 1593 459 neque
1617 425 1722 449 ausus
1743 429 1778 451 es
1801 418 1895 451 mori

1198 460 1271 494 Pro
1298 468 1358 495 tuo
1383 463 1473 502 fili0;
1509 465 1570 497 sed
1595 462 1686 499 hanc
1710 467 1839 503 sivistis

1201 512 1388 547 Mulierem
1413 514 1672 559 alienigenam,
1700 530 1808 562 quam
1831 526 1865 553 et
1890 527 2040 554 matrem

1147 561 1221 596 650
1251 563 1297 597 Et
1313 571 1449 609 patrem
1468 577 1588 599 meum
1607 566 1696 601 iuste
1714 569 1827 603 solam
1854 571 2015 605 existimo
2037 584 2110 607 esse
2120 573 2134 604 ἐ’

1195 614 1306 660 Atqui
1331 617 1544 651 decertasses
1571 618 1750 662 egregium
1776 627 1968 661 certamen,

1196 665 1233 698 Si
1251 673 1414 701 mortuus
1428 680 1519 702 esses
1536 681 1602 713 pro
1620 674 1682 703 tuo
1697 671 1790 710 filio;
1816 673 1923 705 breve
1943 680 1994 707 est

1195 716 1388 763 Reliquum
1403 725 1562 764 tempus,
1579 721 1676 765 quod
1693 721 1759 755 tibi
1777 724 1821 756 ad
1841 724 2033 757 vivencium
2052 737 2133 757 con-

1555 771 1702 806 ceditur.

1193 817 1238 851 Et
1260 831 1324 863 ego
1351 820 1513 854 vixissem
1540 828 1573 855 et
1597 822 1656 855 illa
1685 836 1837 865 mecum,

1141 866 1215 903 655
1245 870 1319 904 Nec
1343 872 1487 906 orbatus
1514 885 1691 917 gemerem
1714 888 1793 909 mea
1820 877 1925 910 mala.

1191 920 1300 966 Atqui
1325 923 1467 963 onmia,
1493 936 1583 969 quae
1600 925 1678 958 viro
1695 926 1800 960 beato
1825 928 2030 972 contingere
2050 942 2129 974 pos-

1556 982 1651 1016 sunt,

1190 1021 1382 1066 Accepisti‚
1410 1024 1547 1058 iuvenis
1572 1026 1725 1061 floruisti
1751 1041 1914 1072 regnans,

1188 1072 1233 1105 Et
1250 1085 1314 1117 ego
1334 1086 1430 1107 eram
1448 1076 1511 1109 tibi
1530 1076 1622 1111 filius
1638 1076 1761 1113 haeres
1777 1077 1881 1115 huius
1899 1083 2010 1126 regni.

1187 1122 1310 1169 ltaque
1336 1125 1491 1160 moriens
1515 1140 1589 1160 non
1611 1128 1686 1162 sine
1708 1130 1828 1165 liberis
1852 1132 1929 1166 aliis
1955 1131 2045 1166 hanc
2060 1136 2125 1167 do-

1548 1191 1647 1212 rnum

1136 1225 1210 1259 660
1241 1225 1442 1261 Relicturus
1470 1240 1546 1263 eras
1573 1231 1699 1264 orbam
1723 1231 1981 1277 diripiendam;

1185 1276 1266 1310 Non
1283 1278 1417 1322 poteris
1432 1280 1549 1313 dicere
1561 1307 1569 1320 ,
1592 1289 1780 1326 propterca
1793 1310 1801 1324 ,
1827 1287 1923 1331 quod
1941 1294 2123 1321 contume-

1550 1331 1596 1364 lia
1621 1334 1800 1367 affecerim

1185 1377 1302 1412 Tuam
1328 1387 1525 1422 senectam,
1553 1384 1648 1417 mori
1670 1392 1703 1419 te
1727 1398 1925 1423 recusasse:
1960 1402 2041 1423 curn
2067 1402 2120 1423 re-

1557 1446 1683 1470 verens

1181 1478 1252 1512 Tui
1275 1481 1429 1515 maxime
1452 1483 1600 1525 fuerim,
1628 1492 1661 1520 et
1684 1499 1750 1531 pro
1774 1486 1828 1523 his
1854 1491 2006 1534 gratiam

1181 1529 1307 1564 Talem
1332 1538 1366 1565 et
1391 1539 1428 1567 tu
1453 1541 1486 1567 et
1511 1542 1625 1569 mater
1647 1536 1737 1571 mihi
1761 1542 1967 1585 rependitis.

1130 1580 1203 1615 665
1234 1582 1317 1616 Non
1340 1585 1493 1629 amplius
1511 1586 1632 1631 gignes
1655 1590 1800 1631 liberos,

1174 1632 1250 1677 Qui
1273 1640 1305 1666 te
1329 1647 1448 1669 senem
1475 1637 1593 1679 alant,
1630 1647 1664 1674 et
1686 1642 1898 1677 morientem

1175 1684 1356 1726 Efferant,
1384 1693 1418 1720 et
1442 1689 1615 1733 sepeliant
1640 1693 1802 1727 cadaver.

1177 1735 1259 1769 Non
1282 1737 1377 1770 enim
1402 1750 1466 1782 ego
1486 1746 1520 1773 te
1543 1753 1622 1774 mea
1643 1756 1754 1777 manu
1778 1746 1959 1790 sepeliam.

1176 1786 1341 1821 Mortuus
1372 1802 1469 1829 sum,
1513 1799 1687 1836 quantum
1716 1794 1754 1827 in
1780 1802 1812 1829 te
1835 1804 1904 1835 est;
1939 1799 1967 1832 si
1989 1806 2111 1833 nactus

1536 1855 1614 1876 sum
1642 1845 1751 1878 alium

1124 1886 1197 1920 670
1228 1888 1476 1930 Servatorem‚
1508 1899 1541 1925 et
1565 1895 1665 1928 vivo:
1699 1894 1804 1931 huius
1830 1911 1886 1933 me
1910 1900 1988 1933 dico
2013 1913 2084 1935 essc

1170 1937 1217 1971 Et
1244 1939 1355 1973 filium
1382 1947 1416 1974 et
1440 1940 1587 1977 charum
1617 1946 1814 1982 alumnum.

1171 1989 1347 2029 „Frustra
1373 1992 1481 2036 igitur
1504 2007 1604 2030 senes
1631 2004 1758 2042 optant
1782 2001 1888 2041 mori,

1170 2039 1453 2086 „Vituperantes
1476 2053 1654 2081 senectam
1682 2056 1716 2083 et
1739 2050 1883 2095 longam
1907 2053 2029 2087 vitam.

1127 2118 1134 2126 .
1168 2091 1354 2137 „Quando
1379 2095 1473 2128 enim
1503 2110 1616 2143 prope
1639 2102 1774 2135 accedit
1796 2115 1911 2144 mors,
1948 2110 2022 2138 turn
2046 2118 2106 2139 nc-

1525 2161 1585 2182 mo
1610 2151 1686 2184 vult

1115 2191 1189 2226 675
1224 2220 1246 2234 „
1257 2194 1373 2237 Mori,
1400 2203 1475 2231 tum
1500 2199 1569 2234 illis
1591 2209 1751 2237 senectus
1775 2216 1848 2237 non
1874 2212 1925 2239 est
1945 2218 2061 2241 onem.

1164 2246 1263 2280 Ghor.
1292 2246 1472 2289 Desinite,
1495 2251 1580 2285 satis
1602 2259 1654 2286 est
1678 2266 1847 2298 praesens
1873 2258 2066 2292 calamitas.

1162 2294 1195 2329 O
1216 2296 1284 2338 fili,
1308 2310 1353 2332 ne
1376 2299 1493 2334 irrites
1518 2303 1678 2337 animum
1705 2306 1826 2349 patris.

1160 2348 1261 2381 Pher.
1303 2348 1336 2383 O
1360 2350 1428 2391 fili,
1448 2364 1539 2397 quae
1563 2353 1698 2388 iactas?
1726 2363 1845 2391 utrum
1871 2357 2012 2404 Lydum
2038 2370 2098 2396 aut

1518 2401 1697 2449 Phrygem

1157 2448 1306 2483 Servum
1330 2450 1485 2496 aliquem
1508 2453 1685 2498 implicari
1709 2457 1780 2492 tuis
1801 2460 1902 2493 malis
1913 2460 1927 2492 '2'

1077 2545 1079 2548 Α
1106 2497 1180 2531 680
1207 2499 1300 2534 Num
1318 2502 1382 2535 scis
1392 2502 1438 2548 ffl')
1456 2516 1510 2537 me
1526 2517 1598 2539 esse
1608 2505 1831 2550 Thessalum,
1851 2518 1909 2544 cta
1922 2510 2093 2546 Thessalo

1137 2635 1186 2662 69)
1205 2636 1273 2660 Num
1291 2636 1362 2665 scis]
1390 2635 1430 2660 sic
1448 2637 1531 2672 Ediqt.
1551 2639 1644 2672 2556„
1666 2642 1760 2669 Υ15624
1786 2643 1870 2672 Editt.
1891 2648 2013 2671 recent:
2045 2650 2088 2672 An

1172 2670 1263 2694 nescis
1283 2669 1390 2702 (Eurip.
1410 2668 1465 2695 Οὐκ
1485 2672 1592 2704 οἶσθα).
