2373 2980
275 127 324 160 67

606 214 667 245 De
688 210 927 253 fratribus.

377 279 428 312 Ex
459 291 529 324 quo
561 279 638 311 loco
665 278 888 311 coniecturae
911 279 953 311 de
978 279 1184 322 parentibus
1209 291 1265 312 su-

276 337 436 368 mantur,
466 330 596 362 dictum
618 335 678 361 cst.
732 328 784 361 De
802 329 969 363 fratribus
994 342 1099 369 vero,
1135 331 1162 364 si
1187 330 1265 374 quis

275 381 431 423 generali
452 379 720 422 investigatione
738 386 923 414 contentus
948 381 1032 420 erit,
1067 393 1131 413 nec
1157 393 1262 424 supra

275 445 380 475 quam
398 430 564 474 possibile
586 436 654 469 est,
683 442 870 464 numerum
895 438 927 464 et
951 432 1179 476 particularia
1207 444 1263 465 ex-

274 488 350 514 acte
368 487 532 527 quaeret,
561 479 703 525 physica
731 483 870 515 ratione
897 484 940 515 de
965 482 1143 526 germanis
1168 488 1201 515 et
1223 495 1263 515 ex

273 533 395 564 eatlem
415 538 526 564 matre
547 532 640 565 natis
657 539 771 565 sumet
788 533 955 566 iudicium
977 545 1017 566 ex
1033 534 1133 577 signo
1155 533 1262 565 medii

272 583 417 629 coeli¹⁸)
437 589 469 616 et
491 589 653 616 materno
673 584 769 623 loco,
803 582 870 616 hoc
887 590 958 623 est,
983 584 1176 628 excipiente
1196 583 1263 617 Ve-

271 646 393 667 nerem
411 634 585 673 interdiu,
615 641 647 666 et
666 640 772 667 noctu
790 633 943 668 Lunam.
998 634 1086 668 Cum
1107 635 1200 668 enim
1227 635 1261 667 id

270 685 410 729 signum
429 691 461 718 et
479 686 666 718 succedens
686 685 881 728 significent
896 692 1044 718 matrem
1063 692 1097 718 et
1125 686 1198 719 eius
1222 685 1263 718 li-

271 737 395 775 beros,
423 736 488 769 erit
506 736 598 768 idem
618 737 768 768 fratrum
787 736 897 770 locus.
951 736 987 769 Si
1003 736 1112 780 igitur
1133 737 1263 769 benefl-

271 798 331 819 cae
347 787 445 820 illum
466 787 581 819 locum
605 786 822 830 adspiciunt,
859 787 990 820 multos
1013 788 1140 821 fratres
1162 799 1263 831 prae-

270 838 446 876 dicemus,
463 837 700 870 coniectnram
720 838 885 871 facientes
904 850 922 870 a
940 838 1168 871 multitudine
1183 839 1264 872 stel-

270 888 406 928 larum,
435 895 467 921 et
486 900 526 921 ex
542 888 668 932 signis:
703 889 808 922 refert
831 889 923 921 enim
938 915 947 929 ,
978 895 1098 922 utrum
1123 889 1168 923 sit
1191 902 1261 922 una

270 940 380 983 figura
395 966 403 978 ,
432 951 477 971 an
494 939 716 983 bicorporea.

373 990 435 1023 Sin
468 997 585 1023 autem
611 990 788 1023 maleficae
812 991 933 1024 stellae
957 1003 1062 1035 supra
1091 988 1186 1024 hunc
1210 991 1261 1023 lo-

270 1052 349 1074 cum
366 1042 521 1074 elevatae
537 1041 681 1081 fuerint,
703 1047 764 1074 aut
781 1041 912 1074 fuerint
929 1042 1112 1086 oppositae
1129 1054 1170 1074 ex
1187 1041 1262 1073 dia-

270 1098 402 1131 metro,
435 1092 681 1135 significabunt
707 1104 838 1136 paucos
863 1094 1000 1126 fratres.
1059 1092 1263 1125 Adsumunt

269 1149 386 1176 autem
413 1149 446 1175 et
469 1143 599 1177 Solem.
658 1144 845 1176 Praeterea
877 1143 906 1177 si
931 1145 967 1175 in
994 1143 1198 1176 cardinibus
1223 1143 1261 1175 fit

269 1194 468 1238 oppositio,
497 1201 531 1227 et
554 1195 706 1227 maxime
732 1194 759 1227 si
782 1194 819 1226 in
845 1195 1054 1228 ascendente
1080 1193 1124 1226 sit
1140 1193 1261 1226 Satur-

269 1257 355 1283 nus,
383 1245 555 1288 significat
578 1245 842 1289 primogenitis;
871 1245 925 1278 sin
951 1251 1068 1278 autem
1089 1244 1186 1278 Mars
1212 1243 1260 1277 ibi

268 1296 353 1335 erit,
380 1295 525 1341 reliquis
544 1302 695 1329 mortem
712 1296 881 1329 minatur.

370 1346 436 1379 Sed
453 1347 616 1390 planetae
633 1348 775 1380 datores
788 1348 952 1387 fratrum,
972 1346 1001 1380 si
1020 1347 1116 1380 iuxta
1134 1347 1259 1380 mundi

266 1397 423 1441 positum
442 1398 532 1431 bene
546 1410 581 1431 se
599 1396 800 1438 habebunt,
832 1399 960 1431 fratres
985 1398 1122 1431 dabunt
1141 1399 1257 1431 forma

267 1455 300 1481 et
322 1448 434 1492 gloria
460 1455 697 1493 praestantes;
731 1455 875 1482 econtra
899 1460 1004 1488 vero,
1037 1448 1200 1482 sordidos
1226 1454 1260 1481 et

267 1499 447 1533 obscuros.
501 1499 563 1533 Sin
580 1506 698 1533 autem
718 1500 896 1532 maleficae
921 1499 1041 1533 stellae
1067 1511 1174 1543 supra
1199 1500 1259 1532 da-

267 1550 370 1584 trices
388 1551 544 1583 elevatae
559 1550 710 1591 suerint,
737 1557 799 1584 aut
820 1551 1007 1584 succedent
1028 1550 1096 1590 eis,
1123 1551 1259 1583 dabunt

266 1613 341 1634 non
372 1601 570 1642 durabiles,
610 1602 787 1636 masculae
818 1601 912 1635 iuxta
944 1601 1099 1645 positum
1133 1601 1258 1634 mundi

265 1653 413 1692 fratres,
438 1653 590 1686 feminae
608 1665 691 1686 vero
719 1665 869 1686 sorores.
922 1651 972 1685 Ac
993 1652 1080 1685 sitae
1106 1652 1143 1684 in
1165 1658 1259 1691 ortu,

266 1703 465 1747 significant
483 1703 680 1747 prioribus;
701 1704 786 1737 sitae
804 1715 888 1736 vero
908 1703 944 1735 in
963 1715 1108 1742 occasu,
1127 1703 1259 1747 signifi-

268 1761 349 1787 cant
370 1754 638 1798 posterioribus.
692 1754 880 1787 Praeterea
905 1754 934 1787 si
961 1754 1111 1787 datrices
1137 1754 1257 1788 stellae

266 1805 415 1837 feliciter
439 1805 615 1849 aspiciunt
638 1806 798 1849 signum,
841 1806 936 1850 quod
960 1805 1166 1837 dominatur
1188 1806 1258 1837 fra-

266 1856 398 1895 tribus,
434 1857 659 1889 concordiam
682 1858 832 1890 fratrum
857 1856 1040 1900 significat.
1107 1855 1170 1888 Sin
1197 1867 1258 1888 au-

267 1913 337 1939 tem
357 1907 520 1950 congruit
536 1920 614 1940 cum
633 1914 734 1951 parte
750 1908 913 1940 fortunae
924 1933 934 1946 ,
961 1907 1134 1950 significat
1149 1906 1257 1940 socie-

267 1964 375 1990 tatem
393 1958 613 1992 facultatum.
667 1958 733 1991 Sed
754 1958 782 1991 si
798 1957 902 1990 nullis
927 1957 1149 2002 adspectibus
1175 1970 1257 1990 con-

268 2008 409 2041 iunctae
438 2008 589 2048 fuerint,
625 2015 685 2042 aut
714 2008 919 2053 oppositae,
952 2008 1151 2052 significant
1175 2008 1256 2040 odia

266 2066 388 2093 mutua
401 2086 410 2099 ,
438 2059 711 2092 aemulationem
732 2066 765 2092 et
782 2059 1029 2092 universaliter
1041 2059 1198 2092 insidias.

370 2109 556 2143 Caeterum
577 2111 605 2144 si
622 2111 699 2156 quis
716 2109 943 2154 particularia
966 2110 1138 2143 curiosius
1162 2121 1257 2143 scru-

268 2161 334 2194 tari
351 2161 463 2201 volet,
480 2161 650 2195 datricem
667 2161 802 2194 stellam
822 2160 969 2193 collocet
987 2161 1022 2192 in
1040 2158 1256 2205 horoscopo,

265 2213 357 2245 facto
375 2210 529 2245 themate
541 2239 550 2252 ,
577 2218 615 2246 ut
632 2212 668 2244 in
685 2212 813 2255 genesi.

539 2315 592 2347 De
609 2313 767 2346 masculis
783 2317 814 2346 ei
825 2311 979 2355 femellis.

369 2386 458 2420 Cum
488 2386 583 2420 iuxta
610 2388 771 2420 ordinem
796 2394 938 2421 nostrae
963 2385 1257 2420 considerationis

267 2437 398 2471 tradita
418 2438 489 2470 iarn
513 2438 558 2471 sit
580 2439 742 2471 doctrina
770 2440 812 2472 de
838 2438 1007 2471 fratribus
1032 2437 1256 2469 convenienti

304 2545 349 2577 ¹8)
370 2552 405 2569 ex
429 2546 507 2574 signo
529 2545 609 2568 medii
635 2545 719 2573 coeli]
740 2545 790 2570 Ed.
811 2544 885 2569 1553.
911 2551 944 2567 ex
966 2543 1045 2574 signo
1064 2545 1101 2568 M.
1120 2542 1257 2570 c.·(Pto-

336 2581 398 2604 lem.
418 2577 472 2603 ἀπὸ
497 2579 546 2603 τοῦ
562 2579 803 2611 μεσουρανοῦνιος
816 2577 1069 2609 δωδεκατημορίου,
1088 2582 1158 2607 quae
1175 2577 1257 2600 etiam

336 2616 371 2638 ab
390 2614 506 2644 Aegidio
524 2614 673 2637 Tebatdino
693 2614 779 2642 [conf.
805 2619 890 2642 supra
915 2621 939 2642 p.
958 2614 976 2636 5
994 2613 1052 2642 sq]
1078 2612 1257 2635 transferun-

334 2653 379 2672 tur
397 2649 495 2672 iisdem
522 2648 631 2671 verbis:
657 2654 719 2678 „ex
744 2648 824 2678 signo
849 2647 929 2670 medii
955 2644 1060 2677 coeli¹'‚
1084 2647 1119 2669 ab
1138 2646 1256 2669 Antonio

335 2684 450 2711 Gogava
473 2683 560 2711 [conf.
587 2688 671 2712 supra
695 2689 720 2711 p.
746 2682 763 2705 7
787 2682 844 2711 sq.]
868 2683 959 2704 autem
986 2680 1041 2704 sic:
1069 2687 1130 2711 „ex
1155 2686 1187 2703 eo
1212 2679 1259 2709 qni

333 2717 404 2740 coeli
423 2717 539 2740 medium
557 2719 671 2746 occupat
689 2716 817 2747 signiferi
836 2712 947 2743 loco.”).

847 124 969 160 PHIL.
1001 124 1114 160 MEL.
1151 123 1351 160 SCRIPTA
1385 124 1722 162 PHILOLOGICA.

1282 2634 1285 2680 i
1308 2646 1408 2679 riunt
1435 2645 1576 2687 Venus,

2258 129 2307 165 68

1319 217 1353 244 et
1369 211 1524 245 naturali
1539 212 1666 252 modo,
1683 211 1859 256 reliquum
1875 212 1981 246 suerit
2001 213 2113 246 ordiri
2130 226 2169 247 ea
2182 241 2192 254 ,
2215 226 2306 260 quae

1320 263 1484 295 accidunt
1509 262 1545 295 in
1570 263 1643 306 ipsa
1671 262 1911 305 generatione.
1976 265 2027 297 Ac
2053 265 2208 308 primum
2236 271 2307 298 tra-

1319 314 1401 346 dam
1421 313 1541 346 brevia
1561 319 1747 357 praecepta
1769 314 1810 346 de
1826 314 1990 348 masculis
2005 321 2039 348 et
2053 315 2205 350 seminis.

1420 364 1579 397 Sumitur
1597 370 1715 397 autem
1734 363 1903 397 iudicium
1921 376 1995 397 non
2008 366 2054 402 ,ab
2071 378 2140 399 una
2162 379 2220 406 re,
2245 366 2308 400 sed

1317 415 1362 446 ab
1391 421 1544 459 utroque
1573 414 1742 446 luminari
1768 421 1802 447 et
1827 415 1870 446 ab
1893 412 2113 460 horoscopo,
2142 424 2176 450 et
2198 417 2306 451 stellis

1317 463 1529 499 habentibus
1550 465 1796 509 cognationem
1823 477 1903 499 curn
1925 463 2144 512 horoscopo,
2171 467 2307 512 praeci-

1316 528 1384 560 pue
1402 516 1437 548 in
1455 518 1565 559 figura
1585 522 1792 560 conceptus;
1810 517 1992 551 obscurius
2007 524 2123 551 autem
2141 518 2178 551 in
2194 519 2306 562 figura

1317 567 1400 599 editi
1426 573 1560 610 partus.

1416 616 1456 649 ln
1487 629 1624 651 summa
1655 629 1739 649 vero
1778 618 2038 652 observandum
2074 627 2144 659 est,
2185 627 2305 654 utrum
2354 620 2357 645 ³

1316 669 1496 712 praedicta
1530 668 1596 701 tria
1630 667 1706 700 loca
1741 674 1774 700 et
1799 669 1918 701 stellae
1939 670 2212 711 dominatrices,
2244 683 2307 704 seu

1316 719 1434 762 plures
1446 745 1455 759 ,
1471 731 1532 752 seu
1548 730 1670 752 omnes
1681 744 1690 758 ‚
1706 718 1777 752 sint
1792 726 1919 752 natura
1938 722 2114 754 masculae
2125 749 2134 762 ‚
2159 734 2204 754 an
2221 734 2305 754 vero

1316 770 1500 804 femineae.
1552 769 1637 802 Inde
1656 769 1885 803 iudicandum
1904 777 1966 805 est.
2019 772 2109 805 Sunt
2123 773 2216 805 enim
2236 772 2306 806 dis-

1316 822 1514 853 cernendae
1533 820 1653 854 stellae
1665 846 1674 859 ,
1709 821 2011 865 quemadmodum
2039 822 2075 855 in
2093 823 2219 868 primis
2237 824 2305 857 ele-

1316 872 1443 905 mentis
1459 870 1563 905 huius
1580 870 1666 904 artis
1682 870 1774 911 dixi,
1801 873 1973 906 masculas
1991 879 2051 906 ant
2071 874 2242 908 femineas
2264 887 2305 908 ex

1315 929 1442 955 natura
1462 923 1643 966 signorum
1657 948 1665 961 ,
1693 928 1753 954 aut
1769 934 1809 954 ex
1825 923 2048 966 planetarum
2067 931 2194 958 natura
2207 952 2217 966 ,
2243 931 2305 959 aut

1316 985 1357 1005 ex
1372 973 1490 1017 positu
1508 973 1691 1006 mundano
1707 973 1867 1007 iudicari.
1894 976 1897 977 ⁷

1416 1024 1508 1058 Nam
1532 1024 1567 1056 in
1586 1030 1667 1056 ortu
1684 1030 1766 1056 sunt
1784 1025 1976 1065 masculae,
2004 1025 2040 1058 in
2059 1037 2185 1059 occasu
2203 1024 2304 1059 ferni-
2322 1017 2340 1030 ⁴

1475 1075 1666 1108 Praeterea
1697 1086 1774 1107 cum
1809 1075 1925 1108 Solem
1959 1077 2190 1115 antecedunt,
2222 1081 2306 1109 sunt
2339 1104 2341 1106 .

2233 1127 2304 1160 Per
2330 1143 2334 1150 ·

1315 1086 1416 1108 neae.

1314 1125 1510 1164 masculae;
1538 1138 1617 1158 cum
1643 1131 1861 1169 sequuntur,
1893 1126 2066 1160 femineae
2088 1133 2182 1161 sunt.

1314 1173 1401 1208 haec
1425 1176 1566 1215 omnia,
1592 1175 1752 1207 facienda
1778 1183 1830 1210 est
1852 1177 2074 1218 coniectura,
2109 1189 2200 1223 quae
2224 1177 2304 1211 stel-
2330 1183 2333 1188 “

1314 1226 1367 1258 lae
1402 1226 1473 1259 vim
1504 1225 1732 1270 praecipuam
1765 1223 1920 1260 habeant
1954 1229 1998 1260 ad
2033 1229 2303 1272 significandum

1313 1289 1446 1311 sexum.

1659 1387 1721 1419 De
1744 1388 1942 1429 geminis.

1413 1469 1459 1503 Et
1486 1481 1564 1502 cum
1596 1475 1791 1502 nascuntur
1816 1470 1967 1513 gemini,
2000 1477 2061 1505 aut
2086 1472 2225 1516 plures,
2258 1472 2304 1505 ad

1313 1521 1464 1553 eundem
1487 1521 1634 1553 modum
1660 1519 1880 1554 observanda
1906 1528 1989 1555 sunt
2009 1523 2080 1555 duo
2104 1522 2240 1556 lumina
2269 1519 2329 1555 et*

1311 1569 1543 1615 horoscopus.
1609 1569 1812 1604 Nascuntur
1847 1572 1941 1604 enim
1971 1573 2110 1616 plures,
2154 1579 2303 1618 propter

1313 1622 1582 1655 commixtiones
1593 1647 1601 1660 ,

1311 1673 1467 1717 signibus
1484 1679 1565 1706 sunt
1581 1671 1679 1715 signa
1700 1672 1928 1717 bicorporea;
1956 1680 1990 1706 et
2011 1675 2186 1715 maxime,
2214 1687 2303 1720 quo-

1310 1725 1406 1757 niam
1425 1724 1588 1768 planetae
1606 1722 1849 1758 dominatores
1869 1725 2020 1758 eundem
2044 1725 2160 1758 locum
2186 1725 2302 1769 adspi-
2333 1750 2344 1761 .›

1312 1775 1421 1814 ciunt,
1445 1781 1504 1808 aut
1523 1775 1593 1806 duo
1609 1779 1693 1806 sunt
1711 1774 1746 1806 in
1764 1775 1872 1818 signis
1890 1775 2122 1820 bicorporeis,
2152 1782 2214 1808 aut
2229 1777 2301 1809 duo
2335 1777 2347 1801 ²·

2059 1826 2215 1871 Quando
2239 1839 2301 1860 au·
2331 1833 2342 1863 ,⁴

1310 1883 1379 1909 tem
1398 1877 1434 1909 in
1452 1876 1538 1909 locis
1554 1874 1750 1919 insignibus
1773 1882 1856 1909 sunt
1876 1877 2087 1921 bicorporea
2112 1877 2232 1921 signa,
2267 1883 2300 1911 et
2337 1897 2341 1906 ι

1311 1826 1473 1870 pluresve
1504 1825 1666 1869 planetae
1700 1825 1878 1858 coniuncti
1907 1833 1999 1859 sunt.

1309 1928 1429 1971 plures
1456 1928 1619 1971 planetae
1654 1938 1692 1958 ea
1729 1927 1947 1970 adspiciunt,
1986 1934 2070 1960 tunc
2105 1934 2302 1962 nascuntur

1310 1978 1416 2011 etiam
1434 1978 1553 2022 plures
1570 1977 1719 2010 duobus.
1771 1977 1822 2011 Ac
1839 1990 2008 2011 numerus
2025 1978 2170 2023 quidem
2193 1974 2301 2013 sumi-

1310 2035 1368 2062 tur
1386 2041 1403 2061 a
1422 2029 1564 2073 planeta
1582 2027 1809 2068 dominante,
1837 2029 1963 2061 collata
1982 2029 2123 2062 numeri
2148 2030 2299 2063 ratione.

1309 2080 1377 2113 Sed
1398 2092 1499 2113 sexus
1516 2078 1694 2111 iudicatur
1713 2089 1753 2110 ex
1770 2079 1921 2123 planetis
1938 2080 2157 2113 intuentibus
2167 2080 2300 2119 Solem,
2340 2083 2341 2086 ’

1310 2136 1371 2163 aut
1395 2129 1555 2169 Lunam,
1582 2135 1643 2161 aut
1657 2126 1917 2174 horoscopum,
1955 2130 2017 2175 qui
2040 2131 2185 2175 quando
2209 2142 2299 2164 mas-

1310 2181 1407 2214 culos
1426 2207 1435 2220 ,
1490 2180 1634 2225 quando
1664 2179 1813 2214 seminas
1844 2180 2065 2224 significent,
2115 2187 2217 2214 antea
2247 2180 2301 2214 di-

1311 2238 1404 2265 ctum
1423 2237 1484 2264 est.

1413 2290 1501 2324 Cum
1522 2296 1638 2323 autem
1663 2289 1742 2322 talis
1763 2289 1949 2333 dispositio
1974 2302 2047 2322 non
2073 2289 2235 2333 adiungit
2256 2290 2301 2323 ad

1309 2341 1445 2375 lumina
1464 2341 1645 2373 cardinem
1663 2338 1872 2384 horoscopi,
1900 2341 1980 2374 talis
1997 2341 2034 2373 in
2052 2347 2164 2374 matre
2183 2341 2300 2386 dispo·
2334 2336 2345 2357 '¹³

1309 2392 1390 2426 sitio
1418 2392 1630 2436 plerumque
1661 2390 1821 2435 geminos
1851 2398 1913 2424 aut
1941 2391 2046 2424 etiarn
2077 2392 2196 2436 plures
2217 2403 2300 2436 pro-

1310 2449 1417 2476 creat.
1469 2444 1520 2476 Ac
1537 2441 1762 2486 peculiariter
1780 2447 1849 2475 tres
1865 2454 1999 2482 mares,
2027 2442 2142 2487 qualis
2165 2448 2215 2475 est
2231 2447 2300 2475 ter—

1311 2494 1535 2538 geminorum
1558 2493 1740 2536 generatio
1753 2518 1761 2533 ,
1789 2493 1939 2536 gignunt
1954 2493 2061 2537 positi
2077 2492 2114 2525 in
2135 2492 2300 2537 bicorpo-

1309 2545 1398 2585 reis,
1432 2544 1573 2577 inlocis
1590 2543 1710 2583 dictis,
1742 2543 1936 2582 Saturnus,
1966 2542 2100 2588 Iupiter
2125 2549 2158 2576 et
2184 2543 2301 2582 Mars;

1310 2602 1381 2629 tres
1394 2595 1572 2635 femellas,
1598 2593 1713 2640 qualis
1729 2600 1780 2628 est
1795 2592 1981 2627 Charitum
2005 2594 2208 2638 generatio,
2237 2605 2300 2638 pa-

1620 2644 1723 2678 Luna
1758 2651 1792 2678 et
1823 2645 2023 2678 Mercurius
2058 2645 2300 2683 effeminatus;

1310 2698 1400 2731 duos
1415 2709 1532 2731 mares
1545 2703 1579 2730 et
1595 2708 1704 2730 unam
1720 2696 1896 2729 femellam
1908 2721 1918 2736 ‚
1945 2696 2059 2741 qualis
2073 2696 2140 2730 suit
2154 2706 2300 2740 genera-

1645 1633 1723 1653 cum
1759 1623 1897 1656 (luobus
1920 1629 1982 1656 aut
2005 1623 2117 1657 trihus
2142 1624 2228 1657 locis
2249 1623 2303 1656 in·
2335 1622 2342 1659 .’
