2373 2980
199 93 269 127 891

245 180 360 212 Arues
372 206 380 219 ,
411 191 579 222 magnum
597 178 823 223 manipulum
841 180 1020 223 lignorum

249 230 477 274 Componeus
496 230 682 269 incendes,
708 236 747 263 ut
763 231 908 264 mactati
925 232 1044 265 statim

247 280 422 324 Impleaut
439 287 599 313 ventrem
617 281 761 314 meum?
790 283 834 315 ad
851 282 1023 316 carbones

245 332 408 365 Calidum
441 332 546 365 edent
561 331 604 376 19·)
630 331 747 366 cibum
772 345 813 366 ex
838 334 943 373 orbe,
986 333 1047 367 ubi
1073 333 1188 366 distri-

597 383 758 417 buuntur
777 396 900 418 carnes
910 383 976 430 l3),

193 433 267 471 245
296 433 438 467 Elixum
456 446 497 466 ex
514 433 647 474 lebete,
675 441 709 467 et
726 442 945 470 maceratum
957 462 965 475 ,

245 485 291 518 Ut
307 491 445 518 saturer
463 496 571 517 coena
590 484 732 519 diurna.

244 536 336 569 Satis
355 542 406 570 est
422 536 649 569 leoninarum
668 537 853 581 epularum
866 563 875 577 ‚

243 588 287 620 lit
305 599 491 620 cervorum
506 600 513 625 ;
542 587 603 620 diu
621 600 696 620 non
715 588 853 621 comedi
874 585 1050 622 homines.

244 639 310 673 Sil.
335 637 437 672 Nova
455 651 497 671 ex
512 638 669 678 usitatis,
697 651 718 671 0
735 639 900 679 domine,

193 688 268 725 250
294 689 384 723 Sunt
399 689 619 727 dulcissima3
649 701 722 722 non
740 690 833 723 enim
851 702 973 724 recens

242 741 314 773 Alii
332 742 375 773 ad
394 747 495 773 antra
513 747 573 773 tua
592 747 770 774 venerunt
783 739 952 786 hospites.

247 793 356 835 L'Iyss.
386 791 556 836 Cyclops,
584 791 668 824 audi
686 791 839 826 vicissim
859 799 893 825 et
908 790 1077 837 hospites.

243 843 316 876 [Nos
332 843 428 876 cibos
446 843 604 875 volentes
621 854 737 875 emere
749 869 758 883 ,

244 894 363 937 Prope
382 900 441 926 tua
461 900 563 926 antra
583 893 745 926 venimus
764 905 782 925 a
802 893 898 927 navi.

192 944 267 982 255
295 945 368 978 Hos
385 956 494 988 agnos
512 943 615 977 nobis
634 944 698 977 iste
718 957 784 987 pro
803 943 877 976 vini
896 940 1030 987 scypho

243 995 413 1029 Vendidit
432 1001 465 1027 et
482 994 597 1034 dedit,
624 1000 663 1027 ut
678 994 837 1034 biberet,
865 994 1041 1038 accipiens

242 1047 374 1080 Volens
394 1059 412 1078 a
431 1045 651 1085 volentibus,
680 1052 713 1078 et
728 1044 819 1079 nihil
836 1047 968 1079 factum
989 1043 1036 1077 vi.

243 1099 311 1131 Sed
328 1098 386 1130 ille
404 1095 496 1130 nihil
514 1096 589 1129 veri
607 1096 710 1136 dicit,

242 1150 439 1194 Postquam
466 1145 706 1193 deprehensus
723 1154 790 1190 {est
823 1160 879 1181 res
912 1146 1001 1180 clam
1032 1145 1189 1178 vendens

605 1205 696 1232 tuas.

193 1251 269 1287 260
295 1252 362 1285 Sil.
390 1249 493 1294 Ego?
521 1250 614 1282 male
633 1261 768 1294 pereas.
825 1249 934 1292 Ulyss.
964 1247 1002 1280 Si
1022 1247 1189 1280 mentior.

244 1303 310 1337 Sil.
337 1302 407 1335 Per
423 1301 654 1345 Neptunum,
680 1300 742 1346 qui
758 1300 881 1344 genuit
897 1306 950 1340 te,
976 1311 996 1332 o
1014 1298 1177 1344 Cyclops,
1216 1294 1217 1321 l

243 1354 314 1386 Per
331 1364 501 1396 magnum
519 1352 707 1385 Tritonem
728 1358 762 1384 et
779 1350 894 1385 Nerea
909 1377 918 1391 ‚

243 1405 314 1437 Per
331 1404 484 1449 Calypso
502 1411 535 1437 et
551 1403 658 1438 Nerei
674 1403 809 1448 puellas
820 1429 829 1443 ,

243 1456 313 1489 Per
329 1467 447 1489 sacros
462 1455 607 1495 fluctus,
635 1461 669 1487 et
687 1453 836 1499 piscium
853 1459 968 1486 totum
986 1463 1095 1496 genus

193 1506 267 1546 265
294 1505 395 1546 Iuro,
421 1518 441 1539 o
458 1504 697 1551 pulcherrime
715 1505 884 1549 Cyclops,

244 1558 277 1591 O
293 1558 458 1597 domine,
487 1558 584 1603 quod
602 1569 676 1590 uon
692 1555 914 1589 vendiderim
933 1565 997 1597 ego

244 1608 453 1653 Hospitibus
471 1606 535 1643 has
551 1621 625 1646 res;
658 1614 720 1641 aut
737 1607 830 1640 male
848 1604 886 1640 hi
902 1603 1046 1650 pessimi

243 1660 352 1694 Pueri
366 1666 533 1704 pereant,
562 1672 651 1705 quos
670 1659 823 1692 maxime
842 1657 964 1700 diligo.

247 1714 344 1747 Gbor.
372 1710 449 1755 Ipse
468 1709 619 1751 habeas,
647 1722 711 1754 ego
727 1708 927 1754 hospitibus
944 1719 999 1740 res

194 1763 269 1798 270
295 1762 517 1796 Vendentem
535 1769 568 1795 te
584 1761 675 1799 vidi;
704 1762 802 1807 quod
817 1761 847 1795 si
863 1758 1039 1796 mentior,

245 1814 373 1847 Pereat
390 1821 491 1858 pater
506 1826 622 1851 meus;
651 1811 809 1857 hospites
824 1824 909 1845 vero
928 1822 972 1843 ne
990 1807 1121 1842 afficias
1139 1805 1191 1838 in-

611 1876 715 1898 iuna.

248 1917 337 1960 Cycl.
364 1915 587 1954 Mentimini;
616 1928 680 1959 ego
699 1915 743 1947 ab
760 1912 828 1947 hoc
843 1908 1123 1946 Rhadamantho

246 1966 360 2000 Multa
379 1979 501 2011 passus
518 1980 596 2000 sum
608 1965 673 2013 ¹4),
701 1973 735 1999 et
752 1965 876 1999 iustius
894 1964 973 1997 dico
987 1962 1043 2009 ¹⁵).

244 2017 336 2051 Volo
354 2017 592 2062 interrogare:
621 2018 726 2050 Unde
743 2015 939 2060 navigatis,
966 2011 1148 2058 hospites?

196 2067 271 2104 275
300 2068 459 2107 Cuiates‚
488 2081 579 2114 quae
596 2082 659 2102 vos
677 2067 846 2101 enutrivit
862 2064 1010 2099 civitas?

232 2196 276 2226 12)
298 2197 392 2226 edent]
413 2197 453 2220 sic
472 2197 663 2227 Editt.1558.‚
688 2197 780 2225 1562,;
805 2196 889 2220 Editt.
911 2197 1014 2219 recent.
1036 2197 1081 2224 (z
1097 2195 1189 2225 Eurip.

265 2229 386 2261 ἔδονῐος)
408 2232 515 2255 edentis
536 2232 625 2259 [Fix.:
652 2229 844 2262 comedentis}

234 2274 278 2300 13)
299 2280 329 2296 ex
343 2275 420 2301 orbe,
441 2274 483 2296 ubi
498 2274 577 2297 distr.
593 2274 719 2302 carues,]
733 2274 772 2296 sie
783 2273 863 2296 Editt.
877 2272 960 2299 1558„
982 2272 1074 2298 1562:
1094 2273 1189 2297 Baru.:

263 2315 279 2330 a
297 2308 420 2331 carnium
438 2308 619 2331 distributore
638 2315 728 2339 coquo
747 2308 818 2332 mihi
836 2308 950 2335 datum3
985 2307 1106 2336 Musgr.:
1132 2307 1191 2330 sine

267 2343 322 2365 ullo
342 2342 464 2365 carnium
490 2342 686 2371 distributore3
722 2343 795 2366 Fix.:
828 2342 889 2364 siue
914 2340 1056 2364 diribitore
1082 2342 1190 2370 (Eut-ip.

267 2377 312 2399 l-Id.
332 2376 416 2401 Basil.
437 2377 527 2407 1551.,
555 2378 655 2407 Barth,
680 2378 785 2407 Musgr.
805 2375 841 2409 τῷ
860 2373 1023 2407 κρεανόμῳς
1047 2375 1095 2398 Ed.
1116 2375 1190 2399 Fix.:

777 94 899 129 PHIL.
935 94 1048 130 MEL.
1083 95 1285 131 SCRIPTA
1318 95 1657 132 PHILOLOGICA.

1217 1819 1219 1832 ⁴

265 2408 329 2440 (ἔτερ
347 2407 528 2442 κρεανόμου).

234 2454 279 2482 14)
302 2458 352 2480 ego
376 2454 408 2475 ab
437 2453 486 2475 hoe
511 2453 561 2476 Rli.
580 2453 667 2476 Multa
691 2459 792 2482 passus
820 2451 907 2483 sunu]
935 2451 974 2475 sic
1001 2452 1083 2474 Editt.
1106 2453 1190 2481 1558,

268 2486 344 2510 1562.
370 2486 416 2517 (=
434 2487 482 2510 Ed.
507 2487 590 2510 Basti.
611 2488 685 2511 1551.
711 2485 795 2519 ἔγωγε
820 2485 898 2510 τοῦδε
918 2486 966 2509 τοῦ
983 2482 1191 2516 Ῥαδαμάνθυος

266 2518 360 2543 Πολλά
373 2520 533 2551 πε’πονθα);
553 2522 635 2544 Editt.
649 2524 766 2545 recent.:
786 2520 869 2553 ἔγωγε
884 2519 949 2553 τῷδε
964 2522 1082 2551 [Musgr.
1097 2520 1190 2549 τοῦδε]

264 2554 316 2578 τοῦ
337 2550 545 2587 Ῥαδαμάνθυος
570 2554 669 2587 Πολλῷ
697 2555 771 2584 [Fix.
798 2555 903 2583 Πλείω]
929 2555 1053 2578 πέποιθα
1071 2568 1105 2572 -
1130 2556 1190 2585 Ego

265 2594 333 2613 vero
347 2589 408 2612 huic
422 2590 518 2613 Sileno
528 2606 535 2619 ‚
555 2595 631 2618 quam
646 2590 866 2617 Rhadamantho,
886 2590 981 2620 Longe
993 2591 1084 2620 mtnjis
1099 2591 1191 2619 [Mus-

266 2629 360 2654 grav.:
379 2623 477 2654 Plura,
498 2624 571 2647 Fix.:
598 2624 702 2653 Magis]
722 2624 801 2648 fidem
821 2625 923 2655 habeo,

232 2665 279 2693 15)
297 2664 398 2689 iustius
416 2665 500 2694 dico]
520 2666 560 2689 sic
572 2665 656 2689 Editt.
673 2666 757 2693 1558,
780 2667 869 2695 1562.;
901 2666 983 2690 Editt.
1004 2668 1122 2691 recent:
1146 2667 1189 2690 iu-

264 2699 376 2724 stiorem
396 2700 487 2729 [Fam
506 2700 568 2724 iust.
589 2701 667 2728 esse]
688 2701 843 2730 pronuntio.

2159 101 2234 139 892

1296 184 1406 226 Ulyss.
1434 180 1631 215 lthacenses
1646 193 1768 216 sumus
1784 193 1933 227 genere;
1959 186 2020 218 sed
2037 186 2081 220 ab
2098 184 2183 227 llio,

1293 233 1405 277 Capta
1423 234 1529 272 urbe,
1556 232 1670 266 ventis
1687 232 1836 268 marinis

1291 285 1348 317 Ad
1363 290 1460 317 tuam
1478 290 1610 317 terram
1629 284 1770 328 appulsi
1785 285 1946 321 venimus
1958 313 1968 327 ,
1995 286 2157 333 Cyclops.

1293 336 1382 379 Cycl.
1418 334 1554 379 Nempe
1577 335 1805 382 pessimae¹⁶)
1830 337 1891 382 qui
1917 338 2061 373 venistis
2086 346 2234 385 propter

1648 397 1814 431 rapinam

1241 436 1315 470 280
1343 435 1519 477 Helenae,
1564 438 1610 471 ad
1630 437 1851 471 Scamandro
1878 438 2030 472 vicinam
2056 441 2233 476 civitatem

1651 487 1732 521 llii?

1295 539 1404 582 Ulyss.
1431 537 1482 571 Ita
1494 565 1503 579 ‚
1530 545 1564 572 et
1579 552 1749 584 magnum
1765 539 1927 573 lahorem
1946 539 2184 578 exhausimus.

1294 590 1383 633 Cycl.
1412 589 1544 634 Turpis
1559 590 1686 624 militia
1697 616 1706 630 ‚
1732 590 1795 636 qui
1812 598 1960 636 propter
1974 605 2086 627 unam

1293 640 1481 674 Mulierem
1497 641 1690 687 navigastis
1707 641 1744 674 in
1759 648 1893 675 terram
1910 641 2107 690 Phrygum.

1297 692 1406 735 Ulyss.
1440 692 1622 728 Divinitus
1646 693 1682 726 id
1705 693 1856 733 factum,
1889 696 2071 729 neminem
2096 707 2235 730 accuses

1655 742 1852 778 hominem.

1242 791 1315 827 285
1342 792 1418 828 Nos
1433 806 1518 828 vero
1534 794 1599 828 tibi
1610 821 1619 835 ‚
1648 808 1668 828 o
1684 794 1816 828 marini
1830 794 1898 828 Dei
1915 808 2083 840 generose
2100 797 2171 838 fili,

1293 844 1542 889 Supplicamus
1558 853 1592 879 et
1609 846 1761 880 dicimus
1777 845 1905 879 libere:

1294 894 1378 928 Noli
1394 898 1440 929 ad
1457 903 1559 930 antra
1576 898 1757 931 venientes
1776 897 1892 930 amico
1910 897 2032 931 animo

1294 945 1483 988 Occidere,
1512 955 1546 981 et
1563 949 1680 982 cibum
1698 948 1849 993 impium
1866 949 1982 982 facere
1999 950 2116 993 genis,

1294 997 1366 1041 Qui
1382 1004 1463 1038 tuo,
1491 1011 1511 1031 ο
1528 1011 1590 1032 rex
1602 1026 1611 1039 ,
1638 1000 1734 1044 patri
1748 999 1880 1043 templa

1242 1048 1317 1081 290
1344 1048 1536 1083 Posuimus
1552 1050 1590 1082 in
1607 1056 1724 1084 terrae
1739 1050 1897 1085 Graecae
1916 1051 2066 1094 angulis.

1296 1098 1421 1132 Cultor
1436 1100 1666 1135 inconcussus
1684 1108 1736 1135 est
1752 1101 1784 1134 ei
1798 1101 1956 1134 Taenari
1968 1109 2112 1146 portus,

1293 1149 1338 1183 Et
1358 1150 1504 1198 Maleae·
1513 1152 1644 1185 summi
1663 1164 1805 1196 specus,
1833 1158 1868 1184 et
1882 1151 1985 1185 Sunii

1294 1201 1479 1235 Minervae
1496 1214 1596 1235 sacra
1614 1208 1782 1247 argentea
1799 1208 1901 1246 petra

1292 1251 1338 1285 Et
1354 1252 1537 1287 Geraestei
1552 1260 1731 1298 receptus;
1759 1265 1824 1287 nos
1844 1265 1929 1287 vero
1946 1252 2076 1287 Graeci

1242 1302 1317 1338 295
1344 1304 1480 1349 Turpia
1502 1305 1634 1348 probra
1652 1304 1822 1338 Troianis
1839 1316 1914 1337 non
1932 1304 2105 1338 dedimus.

1295 1354 1403 1389 Cuius
1421 1355 1556 1399 gloriae
1575 1362 1609 1389 et
1626 1362 1665 1390 tu
1682 1368 1717 1390 es
1733 1355 1928 1400 particeps;
1957 1355 2129 1389 Graeciae
2144 1354 2239 1388 enim

1658 1406 1807 1450 angulos

1292 1456 1441 1490 Habitas
1455 1457 1520 1491 sub
1530 1456 1658 1498 Aetna,
1684 1468 1775 1502 quae
1792 1463 1843 1490 est
1858 1468 1964 1500 rupes
1979 1456 2159 1490 eiaculans
2167 1453 2196 1474 ¹⁶
2205 1456 2238 1500 a)
2338 1445 2343 1483 l

1656 1520 1788 1551 ignem.

1294 1556 1448 1602 Legibus
1465 1565 1585 1591 autem
1600 1556 1790 1592 hominum
1806 1557 1972 1602 spectatis
1989 1557 2112 1591 audias
2126 1569 2192 1590 nos

1295 1609 1479 1653 Supplices
1490 1636 1500 1649 ,
1527 1609 1645 1654 recipe
1662 1609 1822 1643 marinos
1838 1609 2017 1653 perditos,
2039 1647 2041 1650 ¹

1217 1688 1219 1692 Α
1245 1661 1318 1694 300
1345 1660 1392 1693 Et
1409 1672 1558 1693 munera
1576 1662 1619 1693 da
1632 1687 1641 1701 ‚
1670 1667 1704 1694 et
1722 1666 1834 1694 vestes
1851 1660 2051 1704 suppedita.

1296 1711 1379 1745 Non
1399 1712 1553 1745 verubus
1572 1713 1728 1746 confixos
1746 1711 1908 1744 membra

1296 1762 1436 1806 Magnis
1451 1769 1612 1796 ventrem
1631 1770 1666 1797 et
1681 1775 1788 1807 genas
1806 1762 1914 1806 imple
1932 1769 2010 1796 tuas
2020 1761 2078 1807 ¹⁷).

1294 1814 1387 1848 Satis
1404 1814 1540 1847 Priami
1558 1821 1652 1848 terra
1669 1814 1832 1848 viduavit
1841 1813 1887 1860 ¹⁸)
1904 1813 2112 1852 Graeciam,

1295 1865 1493 1899 Multorum
1511 1872 1737 1900 mortuorum
1755 1865 1888 1899 faciens
1904 1863 2003 1899 hasta
2019 1875 2141 1903 neces,

1247 1915 1319 1951 305
1348 1916 1524 1961 Coniuges
1542 1918 1616 1951 sine
1635 1917 1734 1958 viris,
1760 1924 1794 1950 et
1809 1916 1977 1950 mulieres
1995 1916 2137 1949 orbatas
2155 1913 2241 1947 libe-

1654 1969 1702 2003 ris
1718 1968 1893 2013 perdidit,

1297 2019 1486 2066 Canosque
1502 2026 1638 2064 patres;
1665 2020 1695 2054 si
1709 2032 1795 2053 vero
1812 2019 1971 2064 reliquos

1296 2071 1354 2105 Tu
1370 2071 1444 2115 igni
1462 2072 1674 2106 comburens
1691 2071 1856 2105 convivio
1872 2071 2034 2104 absumes
2051 2069 2145 2102 malo
2156 2095 2165 2109 ,

1297 2123 1378 2167 Quo
1395 2129 1553 2156 vertetur
1568 2123 1722 2169 aliquis?
1747 2123 1815 2157 Sed
1831 2134 1887 2156 me
1903 2121 2062 2161 audiens,
2079 2120 2243 2165 Cyclops,

1296 2174 1431 2207 Omitte
1449 2173 1655 2208 aviditatem
1674 2181 1756 2208 tuae
1776 2185 1903 2217 genae,
1931 2179 1964 2205 et
1980 2171 2150 2216 pietatem

1244 2226 1319 2259 310
1344 2224 1521 2269 Impietati
1538 2226 1689 2270 praefer.
1743 2224 1897 2265 „Multis
1921 2223 2015 2256 enim

1281 2328 1325 2360 16)
1350 2326 1495 2358 pessimae]
1516 2327 1555 2350 sic
1574 2329 1621 2355 (z
1636 2327 1726 2357 Eurip.
1745 2326 1790 2356 τῆς
1805 2326 1945 2357 κακίστης)
1966 2326 2048 2349 Editt.
2063 2325 2136 2349 1558.
2151 2327 2178 2348 et
2190 2331 2237 2348 re-

1313 2364 1414 2392 ceutt.;
1450 2362 1498 2385 Ed.
1520 2362 1592 2386 1562.
1614 2362 1740 2390 pessime.
1763 2372 1795 2377 -
1831 2363 1914 2385 Barn.
1935 2362 1963 2384 et
1983 2362 2086 2391 musgr.
2108 2360 2177 2383 hunc
2195 2366 2237 2382 vs.

1312 2397 1352 2421 sic
1371 2398 1497 2420 vertunt:
1522 2398 1564 2419 An
1580 2397 1650 2420 escis
1667 2397 1729 2425 illi,
1750 2397 1793 2426 qui
1814 2396 1952 2426 persecuti
1971 2395 2038 2419 estis
2057 2395 2153 2425 raptus
2172 2399 2237 2424 pes—

1312 2437 1400 2455 sunae

1280 2474 1347 2505 16³)
1368 2473 1523 2501 eiaculans]
1543 2473 1583 2497 sic
1602 2472 1721 2503 scripsi;
1752 2473 1837 2499 Editt.
1855 2474 1944 2503 1558„
1972 2472 2047 2496 1562.
2066 2472 2151 2496 male:
2179 2470 2236 2495 eia-

1313 2509 1399 2533 cuias.

1279 2550 1324 2582 17)
1343 2552 1403 2575 Non
1429 2551 1548 2573 verubus
1566 2561 1599 2567 --·
1619 2551 1706 2579 tuas]
1733 2549 1774 2573 sic
1799 2549 1880 2575 Editt.
1903 2549 1994 2578 1558..
2022 2548 2111 2577 1562.;
2139 2549 2235 2572 Barim

1311 2586 1405 2615 Neque
1429 2585 1609 2616 committas,
1641 2587 1670 2607 ut
1700 2584 1826 2614 oblongis
1850 2584 1926 2608 affixi
1949 2584 2068 2607 membra
2096 2583 2235 2613 verubus,

1311 2620 1436 2644 ventrem
1453 2620 1480 2642 et
1498 2619 1624 2642 maxillas
1644 2618 1803 2648 impleamus
1822 2620 1891 2642 tuas.

1279 2661 1322 2693 18)
1342 2661 1481 2689 viduavit]
1501 2661 1541 2684 sic
1559 2663 1607 2689 (z
1625 2662 1693 2686 text.
1715 2663 1771 2692 gr.)
1791 2661 1873 2685 Editt.
1890 2661 1963 2685 1558.
1983 2662 2010 2685 et
2028 2662 2161 2690 recentt.;
2186 2660 2234 2684 Ed.

1312 2697 1385 2721 1562.
1406 2696 1528 2719 viduavit
1547 2696 1585 2719 ita
