2373 2980
216 722 333 763 mx,
400 721 497 763 ΡΗ.
534 721 696 762 MEL.
735 721 1316 764 INTERPRETATIO
1357 724 1739 767 HIPPOLYTI
1778 725 2140 769 CORONATI

962 805 1395 849 EURIPIDIS.

156 948 277 1003 Huius
301 972 469 1009 tragoediae
491 973 693 1009 interpretatio
718 972 809 1000 latina
831 972 1027 1000 Melanthonis
1052 972 1159 1009 legitur
1182 973 1210 1000 in
1225 971 1406 1013 Xylandri
1425 974 1517 1003 Editt.
1535 973 1646 1011 1558„
1672 974 1780 1012 1562„
1804 976 1974 1013 quibuscum
1994 976 2086 1005 Editt.
2102 974 2194 1006 Bar-

158 1016 260 1050 nesii,
288 1013 486 1051 Musgravii
505 1021 594 1052 atque
618 1012 719 1042 Fixit
740 1014 860 1042 contuli.
904 1014 1048 1042 Versuum
1073 1023 1224 1051 numeros,
1259 1017 1505 1055 stropiiarumque
1526 1017 1698 1055 partitiones
1721 1023 1751 1046 et
1773 1018 1845 1046 alias
1868 1019 2007 1057 quasdam
2031 1019 2195 1058 inscriptio-

156 1068 209 1087 nes
231 1067 268 1086 ex
290 1058 347 1087 Ed.
373 1058 492 1086 Bai-nes.
517 1056 616 1085 addidi
641 1057 720 1084 uncis
743 1057 880 1086 inclusas.

494 1293 869 1330 EURIPIDIS
912 1293 1370 1330 HIPPOLYTUS
1415 1293 1848 1332 CORONATUS

642 1363 892 1393 PHILIPPO

457 1466 784 1510 Argumentum
799 1465 842 1512 ¹).

254 1540 413 1576 Theseus
438 1542 530 1575 filius
555 1548 631 1575 erat
653 1540 808 1575 Aethrae
836 1549 869 1575 et
892 1542 1072 1586 Neptuni,
1116 1548 1149 1575 et
1173 1484 1181 1546 l

151 1607 213 1628 rex
230 1592 513 1627 Atheniensium.
561 1592 593 1626 ls
610 1606 651 1626 ex
661 1593 875 1638 Hippolyta,
902 1606 972 1627 una
992 1594 1149 1627 exAma-

152 1646 313 1685 zonibus,
330 1644 709 1689 genuitHippolytum‚
724 1651 964 1690 praestantem
983 1652 1016 1678 et
1031 1646 1146 1678 forma

152 1704 185 1730 et
202 1697 387 1730 modestia.
436 1696 631 1741 Postquam
652 1709 737 1729 vero
754 1696 909 1730 coniunx
927 1703 1067 1729 mortua
1086 1703 1148 1737 est,

151 1748 251 1781 duxit
270 1748 375 1781 aliam
394 1760 541 1781 uxorem
558 1748 775 1788 Cretensem,
794 1746 1010 1786 Phaedram,
1038 1747 1145 1780 filiam

150 1799 283 1833 Minois
307 1800 398 1843 regis
426 1799 646 1832 Cretensium
672 1805 705 1832 et
725 1797 935 1844 Pasiphaae.
988 1797 1147 1832 Theseus

150 1857 268 1884 autem
294 1851 478 1883 interfecto
508 1850 692 1889 Pallante,
735 1851 796 1896 qui
821 1863 913 1884 unus
940 1863 957 1883 e
989 1851 1146 1894 cognatis

150 1909 245 1942 erat,
273 1902 362 1946 sugit
378 1902 414 1934 in
431 1902 650 1934 Troezenem
670 1914 740 1935 una
760 1915 838 1934 cum
856 1914 985 1941 uxore,
1014 1901 1074 1934 ubi
1093 1913 1147 1934 ac-

150 1954 235 1986 cidit
261 1953 307 1986 ali
332 1953 566 1998 Hippolytum
595 1954 688 1997 apud
713 1951 909 1986 Pittheum.
969 1951 1146 1993 Phaedra,

149 2017 228 2038 cum
264 2005 501 2049 conspexisset
533 2005 812 2044 adolescentem,
855 2005 1007 2048 impulsa
1039 2004 1146 2037 estin

149 2050 309 2089 amorem
329 2056 423 2095 eius,
459 2068 532 2088 non
558 2057 654 2101 quod
682 2063 770 2090 esset
797 2056 997 2100 impudica,
1032 2057 1091 2089 sed
1108 2062 1146 2088 nt

150 2108 315 2152 impleret
338 2107 428 2140 iram
447 2107 618 2147 Veneris,
664 2120 754 2152 quae
782 2108 986 2140 decreverat
1005 2107 1145 2151 Hippo-

148 2160 260 2204 lytum
285 2165 433 2203 propter
458 2159 652 2192 castitatem
679 2160 847 2203 perdere,
884 2165 990 2204 atque
1013 2158 1144 2191 idcirco

147 2208 348 2243 Phaedram
366 2211 402 2243 in
422 2222 581 2243 amorem
600 2211 673 2243 eius
692 2210 852 2254 impulit,
880 2211 1058 2255 finemque
1081 2210 1145 2242 im-

146 2262 266 2306 posuit
292 2274 355 2295 suo
380 2262 577 2306 proposito.
644 2262 737 2295 Nam
760 2260 945 2301 Phaedra,
979 2274 1057 2294 cum
1085 2261 1144 2294 diu

147 2312 283 2346 tulisset
300 2314 465 2346 morbum
485 2326 585 2346 suum
598 2340 607 2353 ,
636 2315 779 2346 tandem
799 2320 918 2346 coacta
938 2319 989 2346 est
1007 2312 1145 2357 aperire

146 2363 290 2397 nutrici.
338 2364 433 2397 Haec
452 2371 569 2397 autem
586 2365 751 2408 promisit
768 2377 803 2398 se
822 2365 1077 2409 opitulaturam
1097 2364 1145 2397 ei:

148 2427 239 2461 quae
266 2416 392 2455 etiam,
429 2416 525 2448 iuxta
552 2416 637 2448 illud
662 2416 883 2457 institutum,
922 2415 1073 2449 allocuta
1096 2422 1146 2449 est

147 2467 419 2501 adolescentem.
486 2465 670 2507 Phaedra,
710 2468 771 2501 ubi
799 2468 965 2512 cognovit
990 2467 1145 2511 asperio-

147 2530 222 2551 rem
250 2530 322 2551 esse
351 2517 486 2562 ipsum,
529 2530 635 2563 quam
659 2525 698 2551 ut
728 2519 921 2564 acciperet,
963 2518 1146 2563 castigavit

187 2659 215 2686 1)
236 2658 293 2681 Hoc
311 2658 502 2687 argumentum
521 2664 554 2680 ex
574 2663 673 2685 graeco
693 2657 829 2681 Editionis
852 2659 934 2683 Basii.
959 2658 1033 2682 ¹551.
1052 2664 1068 2682 a
1087 2659 1146 2682 Me-

218 2692 346 2715 lanthoue
365 2692 529 2715 translatum
552 2694 603 2716 est.

926 1362 1298 1393 MELANTHONE
1332 1361 1700 1391 INTERPRETE.

1202 1463 1397 1503 nutricem,
1439 1469 1473 1496 et
1496 1475 1532 1497 se
1554 1463 1668 1508 ipsam
1691 1464 1893 1508 suspendit;
1936 1477 2007 1510 quo
2034 1471 2196 1510 tempore

1203 1513 1362 1549 Theseus
1386 1526 1568 1555 reversus,
1610 1521 1644 1548 et
1672 1516 1796 1549 volens
1822 1513 2008 1548 detrahere
2033 1522 2197 1560 strangu-

1202 1567 1310 1599 latam
1323 1593 1332 1606 ,
1360 1566 1497 1598 invenit
1515 1567 1757 1610 adpendentes
1776 1566 1807 1599 ei
1824 1566 1980 1607 litteras,
2008 1566 2045 1599 in
2069 1567 2198 1612 quibus

1203 1624 1342 1651 accusat
1359 1617 1594 1662 Hippolytum
1613 1618 1655 1650 de
1669 1623 1792 1662 stupro
1812 1617 1932 1658 illato,
1968 1624 2003 1651 et
2027 1617 2063 1650 vi
2083 1619 2198 1652 inten-

1203 1675 1287 1702 tata.
1339 1667 1399 1701 Ille
1418 1669 1564 1702 credens
1580 1668 1740 1714 scriptis,
1769 1669 1970 1709 constituit,
2005 1675 2045 1702 ut
2061 1668 2198 1715 Hippo-

1201 1720 1293 1765 lytus
1318 1719 1386 1753 iret
1411 1719 1448 1752 in
1471 1720 1627 1754 exilium.
1693 1719 1770 1764 Ipse
1795 1732 1880 1753 vero
1903 1720 1982 1754 fecit
2007 1732 2128 1764 preces
2153 1722 2197 1755 ad

1201 1771 1407 1815 Neptunum
1422 1797 1431 1811 ‚
1466 1783 1553 1816 quas
1572 1771 1669 1805 Deus
1694 1772 1904 1811 exaudiens,
1939 1772 2096 1816 perdidit
2110 1772 2199 1817 Hip-

1200 1823 1375 1868 polytum.
1427 1822 1475 1855 At
1492 1822 1631 1863 Diana,
1665 1822 1890 1868 indicans¹³)
1913 1824 2196 1869 unumquodque

1201 1886 1345 1914 eorum,
1384 1886 1474 1919 quae
1499 1874 1701 1906 acciderant
1724 1871 1884 1914 Theseo,
1924 1886 1999 1906 non
2020 1875 2198 1908 accusavit

1200 1923 1423 1965 Phaedram,
1448 1925 1624 1958 sedilium
1649 1925 1830 1958 consolata
1857 1931 1908 1958 est
1933 1925 2100 1958 orbatum
2122 1926 2196 1959 filio

1202 1982 1234 2009 et
1251 1989 1380 2015 uxore;
1409 1976 1605 2021 Hippolyto
1619 1982 1735 2008 autem
1752 1976 1852 2009 iussit
1866 1976 1942 2009 sieri
1957 1973 2112 2011 honores
2127 1977 2198 2011 usi-

1202 2033 1293 2061 tatos
1310 2028 1346 2060 in
1362 2027 1490 2072 patria.
1531 2027 1640 2060 Scena
1656 2027 1797 2061 fabulae
1814 2033 1865 2061 est
1882 2027 1919 2060 in
1935 2027 2172 2075 Troezen22).

1237 2132 1287 2164 1³)
1309 2132 1447 2159 indicans]
1468 2131 1509 2153 sic
1529 2129 1573 2161 (z
1594 2128 1808 2162 διασαφὴσασα)
1827 2132 1875 2156 Ed.
1893 2132 1990 2159 Barn.:
2010 2131 2094 2156 Editt.
2111 2132 2197 2163 1558.,

1271 2167 1344 2190 1562.
1364 2166 1495 2188 iudicans.

1234 2210 1264 2237 2)
1285 2209 1312 2232 in
1332 2209 1487 2236 Troezene]
1507 2208 1547 2231 sic
1573 2212 1621 2235 (τε
1640 2206 1670 2231 ἐν
1690 2207 1811 2238 Τροιζῆνι
1837 2208 1930 2238 graeci
1958 2209 2126 2240 argumenti)
2147 2210 2196 2235 Ed.

1270 2245 1367 2270 Barn.;
1394 2242 1475 2265 Editt.
1494 2243 1588 2272 1558„
1611 2242 1683 2266 1562.
1705 2244 1789 2265 maie:
1816 2242 1841 2264 in
1864 2242 1970 2267 Thebis.
1990 2255 2024 2260 —-
2060 2244 2110 2267 liis
2131 2250 2197 2266 ver-

1270 2278 1310 2301 bis
1329 2278 1379 2300 hoc
1397 2280 1587 2306 argumentum
1609 2278 1633 2299 in
1650 2277 1732 2299 Editt.
1752 2277 1840 2305 155a.,
1863 2277 1936 2300 1562.
1956 2283 2042 2307 aeque
2061 2283 2093 2301 ac
2112 2284 2196 2308 grae-

1269 2319 1329 2335 cum
1348 2311 1484 2334 Editionis
1505 2312 1587 2336 Basil.
1610 2311 1701 2338 1551.,
1733 2317 1765 2333 ex
1786 2316 1838 2340 quo
1858 2312 1901 2333 est
1921 2312 2101 2343 translatum,
2132 2312 2196 2335 tini-

1269 2348 1321 2370 tur.
1360 2346 1390 2368 ln
1410 2345 1457 2368 Ed.
1479 2346 1561 2371 Barn,
1580 2346 1671 2368 autem
1690 2344 1739 2367 illa
1757 2346 1842 2367 verba
1861 2351 1960 2374 graece
1980 2347 2006 2368 et
2026 2347 2110 2369 latine
2130 2347 2197 2370 sub-

1270 2382 1421 2410 sequuntur
1441 2380 1554 2403 haecce:
1582 2380 1676 2408 „Acta
1696 2381 1739 2401 est
1756 2379 1908 2403 Ameinone
1921 2380 2076 2411 Arcanum,
2097 2381 2196 2410 Olym-

1270 2415 1357 2446 piadis
1377 2415 1564 2442 octogesimae
1583 2413 1715 2443 septimae
1734 2419 1805 2437 anno
1825 2416 1930 2443 quarto.
1974 2414 2082 2438 Primus
2103 2416 2196 2440 Euri-

1268 2451 1364 2481 pides,
1392 2449 1499 2478 Iophon
1519 2448 1672 2475 sccundus,
1705 2448 1803 2470 tertius
1824 2448 1884 2471 1011.
1927 2448 1978 2472 liic
1998 2455 2064 2472 vero
2084 2450 2196 2480 Hippo-

1270 2486 1346 2513 eytus
1364 2485 1407 2506 est
1427 2483 1540 2506 duorum
1567 2482 1702 2512 posterior
1728 2484 1754 2504 et
1775 2482 1941 2506 Coronatus
1968 2483 2065 2507 dictus,
2102 2485 2196 2513 Appa-

1269 2521 1312 2541 ret
1330 2519 1438 2546 autem,
1463 2517 1532 2546 quod
1552 2518 1615 2547 post
1634 2516 1716 2539 alium
1736 2516 1773 2539 sit
1793 2517 1927 2546 scriptus,
1956 2517 2018 2547 quia
2037 2518 2063 2540 in
2084 2518 2134 2541 hac
2152 2518 2196 2541 fa-

1271 2553 1348 2581 bula,
1380 2552 1450 2581 quod
1469 2555 1566 2574 contra
1585 2551 1713 2573 decorum
1734 2553 1794 2574 erat
1814 2553 1840 2574 et
1859 2551 1996 2581 vituperio
2016 2552 2144 2582 dignum,
2169 2553 2196 2575 iu

1268 2588 1359 2610 altera
1377 2586 1537 2613 corrigitur.
1582 2585 1630 2608 Est
1657 2587 1747 2608 antem
1773 2587 1839 2608 haec
1864 2585 1957 2609 fabula
1982 2586 2053 2609 inter
2080 2586 2196 2616 optimas

1270 2618 1471 2645 numeranda.’'
1494 2632 1524 2636 —
1567 2620 1637 2643 Huic
1662 2621 1825 2649 argumento
1844 2619 1871 2643 iu
1894 2620 1987 2643 eadem
2006 2621 2055 2643 Ed.
2075 2621 2196 2644 additum

1271 2657 1313 2679 est
1332 2656 1448 2678 aiterum
1470 2660 1570 2684 graece
1591 2655 1616 2677 et
1637 2654 1739 2683 latine,
1765 2654 1805 2677 sic
1830 2653 2009 2685 inscriptum:
2039 2656 2195 2686 Argumen-

1269 2692 1325 2713 tum
1345 2689 1420 2713 aliud
1440 2695 1471 2713 ex
1492 2689 1630 2712 Plutarchi
1651 2688 1805 2712 parallelis.
