<?xml version="1.0" encoding="UTF-8"?>
<!DOCTYPE html PUBLIC "-//W3C//DTD XHTML 1.0 Transitional//EN"
    "http://www.w3.org/TR/xhtml1/DTD/xhtml1-transitional.dtd">
<html xmlns="http://www.w3.org/1999/xhtml" xml:lang="en" lang="en">
 <head>
  <title>
</title>
<meta http-equiv="Content-Type" content="text/html;charset=utf-8" />
  <meta name='ocr-system' content='tesseract 3.04.00' />
  <meta name='ocr-capabilities' content='ocr_page ocr_carea ocr_par ocr_line ocrx_word'/>
</head>
<body>
  <div class='ocr_page' id='page_1' title='image "./operaquaesupersu18melauoft/operaquaesupersu18melauoft_0223.png"; bbox 0 0 2373 2980; ppageno 0'>
   <div class='ocr_carea' id='block_1_1' title="bbox 144 99 646 139">
    <p class='ocr_par' dir='ltr' id='par_1_1' title="bbox 144 99 646 139">
     <span class='ocr_line' id='line_1_1' title="bbox 144 99 646 139; baseline 0 -2"><span class='ocrx_word' id='word_1_1' title='bbox 144 101 217 139; x_wconf 77' lang='lat'>421</span> <span class='ocrx_word' id='word_1_2' title='bbox 538 99 646 137; x_wconf 82' lang='lat' dir='ltr'>LVII.</span> 
     </span>
    </p>
   </div>
   <div class='ocr_carea' id='block_1_2' title="bbox 137 185 1142 1042">
    <p class='ocr_par' dir='ltr' id='par_1_2' title="bbox 137 185 1142 1042">
     <span class='ocr_line' id='line_1_2' title="bbox 195 185 1034 232; baseline 0.001 -12"><span class='ocrx_word' id='word_1_3' title='bbox 195 188 427 221; x_wconf 86' lang='lat' dir='ltr'>Menoeceum</span> <span class='ocrx_word' id='word_1_4' title='bbox 441 212 450 226; x_wconf 93' lang='lat'>‚</span> <span class='ocrx_word' id='word_1_5' title='bbox 477 185 540 231; x_wconf 90' lang='lat' dir='ltr'>qui</span> <span class='ocrx_word' id='word_1_6' title='bbox 557 198 691 220; x_wconf 89' lang='lat' dir='ltr'>nomen</span> <span class='ocrx_word' id='word_1_7' title='bbox 707 185 815 222; x_wconf 88' lang='lat' dir='ltr'>habet</span> <span class='ocrx_word' id='word_1_8' title='bbox 832 188 943 232; x_wconf 85' lang='lat' dir='ltr'>patris</span> <span class='ocrx_word' id='word_1_9' title='bbox 962 189 1034 229; x_wconf 91' lang='lat' dir='ltr'>tui,</span> 
     </span>
     <span class='ocr_line' id='line_1_3' title="bbox 194 235 1107 280; baseline 0.002 -8"><span class='ocrx_word' id='word_1_10' title='bbox 194 239 337 272; x_wconf 81' lang='lat' dir='ltr'>Mittam</span> <span class='ocrx_word' id='word_1_11' title='bbox 350 264 359 277; x_wconf 92' lang='lat'>‚</span> <span class='ocrx_word' id='word_1_12' title='bbox 385 243 424 270; x_wconf 90' lang='lat' dir='ltr'>ut</span> <span class='ocrx_word' id='word_1_13' title='bbox 443 244 600 271; x_wconf 82' lang='lat' dir='ltr'>accersat</span> <span class='ocrx_word' id='word_1_14' title='bbox 617 235 687 272; x_wconf 92' lang='lat' dir='ltr'>huc</span> <span class='ocrx_word' id='word_1_15' title='bbox 706 239 901 280; x_wconf 81' lang='lat' dir='ltr'>Tiresiam,</span> <span class='ocrx_word' id='word_1_16' title='bbox 929 252 950 273; x_wconf 94' lang='lat' dir='ltr'>o</span> <span class='ocrx_word' id='word_1_17' title='bbox 971 240 1107 278; x_wconf 84' lang='lat' dir='ltr'>Creon;</span> 
     </span>
     <span class='ocr_line' id='line_1_4' title="bbox 192 288 1017 337; baseline 0.004 -15"><span class='ocrx_word' id='word_1_18' title='bbox 192 289 324 322; x_wconf 90' lang='lat' dir='ltr'>Libens</span> <span class='ocrx_word' id='word_1_19' title='bbox 342 289 436 321; x_wconf 88' lang='lat' dir='ltr'>enim</span> <span class='ocrx_word' id='word_1_20' title='bbox 456 288 576 322; x_wconf 86' lang='lat' dir='ltr'>veniet</span> <span class='ocrx_word' id='word_1_21' title='bbox 593 295 711 323; x_wconf 86' lang='lat' dir='ltr'>tecum</span> <span class='ocrx_word' id='word_1_22' title='bbox 728 292 765 324; x_wconf 91' lang='lat' dir='ltr'>in</span> <span class='ocrx_word' id='word_1_23' title='bbox 781 291 1017 337; x_wconf 85' lang='lat' dir='ltr'>colloquium;</span> 
     </span>
     <span class='ocr_line' id='line_1_5' title="bbox 194 339 930 384; baseline 0.004 -12"><span class='ocrx_word' id='word_1_24' title='bbox 194 339 271 384; x_wconf 83' lang='lat' dir='ltr'>Ego</span> <span class='ocrx_word' id='word_1_25' title='bbox 288 352 373 372; x_wconf 84' lang='lat' dir='ltr'>vero</span> <span class='ocrx_word' id='word_1_26' title='bbox 391 340 593 384; x_wconf 82' lang='lat' dir='ltr'>vituperavi</span> <span class='ocrx_word' id='word_1_27' title='bbox 611 347 725 375; x_wconf 86' lang='lat' dir='ltr'>artem</span> <span class='ocrx_word' id='word_1_28' title='bbox 742 342 930 375; x_wconf 83' lang='lat' dir='ltr'>divinandi</span> 
     </span>
     <span class='ocr_line' id='line_1_6' title="bbox 141 390 1142 440; baseline 0.002 -15"><span class='ocrx_word' id='word_1_29' title='bbox 141 391 216 426; x_wconf 87' lang='lat'>780</span> <span class='ocrx_word' id='word_1_30' title='bbox 243 390 320 424; x_wconf 90' lang='lat' dir='ltr'>Iam</span> <span class='ocrx_word' id='word_1_31' title='bbox 335 397 416 424; x_wconf 87' lang='lat' dir='ltr'>ante</span> <span class='ocrx_word' id='word_1_32' title='bbox 433 392 528 435; x_wconf 89' lang='lat' dir='ltr'>apud</span> <span class='ocrx_word' id='word_1_33' title='bbox 545 391 662 435; x_wconf 88' lang='lat' dir='ltr'>ipsum</span> <span class='ocrx_word' id='word_1_34' title='bbox 674 419 682 432; x_wconf 97' lang='lat'>‚</span> <span class='ocrx_word' id='word_1_35' title='bbox 711 400 901 438; x_wconf 90' lang='lat' dir='ltr'>propterea</span> <span class='ocrx_word' id='word_1_36' title='bbox 919 394 962 427; x_wconf 87' lang='lat' dir='ltr'>de</span> <span class='ocrx_word' id='word_1_37' title='bbox 978 406 1033 427; x_wconf 89' lang='lat' dir='ltr'>me</span> <span class='ocrx_word' id='word_1_38' title='bbox 1057 406 1142 440; x_wconf 90' lang='lat' dir='ltr'>que-</span> 
     </span>
     <span class='ocr_line' id='line_1_7' title="bbox 554 442 659 476; baseline 0.019 -2"><span class='ocrx_word' id='word_1_39' title='bbox 554 442 659 476; x_wconf 83' lang='lat' dir='ltr'>ritur.</span> 
     </span>
     <span class='ocr_line' id='line_1_8' title="bbox 190 490 1000 533; baseline 0.002 -7"><span class='ocrx_word' id='word_1_40' title='bbox 190 493 284 526; x_wconf 87' lang='lat' dir='ltr'>Urbi</span> <span class='ocrx_word' id='word_1_41' title='bbox 301 505 386 526; x_wconf 91' lang='lat' dir='ltr'>vero</span> <span class='ocrx_word' id='word_1_42' title='bbox 406 499 440 525; x_wconf 89' lang='lat' dir='ltr'>et</span> <span class='ocrx_word' id='word_1_43' title='bbox 456 492 519 525; x_wconf 91' lang='lat' dir='ltr'>tibi</span> <span class='ocrx_word' id='word_1_44' title='bbox 535 490 624 525; x_wconf 86' lang='lat' dir='ltr'>haec</span> <span class='ocrx_word' id='word_1_45' title='bbox 639 493 795 533; x_wconf 89' lang='lat' dir='ltr'>mando,</span> <span class='ocrx_word' id='word_1_46' title='bbox 824 506 844 526; x_wconf 95' lang='lat' dir='ltr'>o</span> <span class='ocrx_word' id='word_1_47' title='bbox 864 493 1000 528; x_wconf 88' lang='lat' dir='ltr'>Creon:</span> 
     </span>
     <span class='ocr_line' id='line_1_9' title="bbox 190 543 852 588; baseline 0 -11"><span class='ocrx_word' id='word_1_48' title='bbox 190 544 230 578; x_wconf 88' lang='lat' dir='ltr'>Si</span> <span class='ocrx_word' id='word_1_49' title='bbox 249 556 313 587; x_wconf 84' lang='lat' dir='ltr'>ego</span> <span class='ocrx_word' id='word_1_50' title='bbox 333 544 471 583; x_wconf 87' lang='lat' dir='ltr'>vicero,</span> <span class='ocrx_word' id='word_1_51' title='bbox 500 544 652 576; x_wconf 85' lang='lat' dir='ltr'>cadaver</span> <span class='ocrx_word' id='word_1_52' title='bbox 670 543 852 588; x_wconf 85' lang='lat' dir='ltr'>Polynicis</span> 
     </span>
     <span class='ocr_line' id='line_1_10' title="bbox 191 593 949 638; baseline 0 -10"><span class='ocrx_word' id='word_1_53' title='bbox 191 594 245 629; x_wconf 83' lang='lat' dir='ltr'>Ne</span> <span class='ocrx_word' id='word_1_54' title='bbox 262 594 404 638; x_wconf 90' lang='lat' dir='ltr'>sepeliri</span> <span class='ocrx_word' id='word_1_55' title='bbox 419 594 567 638; x_wconf 86' lang='lat' dir='ltr'>patiaris</span> <span class='ocrx_word' id='word_1_56' title='bbox 586 594 623 627; x_wconf 91' lang='lat' dir='ltr'>in</span> <span class='ocrx_word' id='word_1_57' title='bbox 641 600 735 627; x_wconf 89' lang='lat' dir='ltr'>terra</span> <span class='ocrx_word' id='word_1_58' title='bbox 756 593 949 633; x_wconf 87' lang='lat' dir='ltr'>Thebana;</span> 
     </span>
     <span class='ocr_line' id='line_1_11' title="bbox 191 645 1141 691; baseline 0.003 -13"><span class='ocrx_word' id='word_1_59' title='bbox 191 645 260 678; x_wconf 87' lang='lat' dir='ltr'>Sed</span> <span class='ocrx_word' id='word_1_60' title='bbox 283 651 324 678; x_wconf 91' lang='lat' dir='ltr'>ut</span> <span class='ocrx_word' id='word_1_61' title='bbox 347 646 544 686; x_wconf 87' lang='lat' dir='ltr'>moriatur,</span> <span class='ocrx_word' id='word_1_62' title='bbox 588 645 651 691; x_wconf 92' lang='lat' dir='ltr'>qui</span> <span class='ocrx_word' id='word_1_63' title='bbox 676 646 712 678; x_wconf 91' lang='lat' dir='ltr'>id</span> <span class='ocrx_word' id='word_1_64' title='bbox 735 647 880 690; x_wconf 88' lang='lat' dir='ltr'>sepelit,</span> <span class='ocrx_word' id='word_1_65' title='bbox 924 647 1064 681; x_wconf 88' lang='lat' dir='ltr'>etiamsi</span> <span class='ocrx_word' id='word_1_66' title='bbox 1096 647 1141 681; x_wconf 85' lang='lat' dir='ltr'>sit</span> 
     </span>
     <span class='ocr_line' id='line_1_12' title="bbox 556 708 702 730; baseline 0.007 -1"><span class='ocrx_word' id='word_1_67' title='bbox 556 708 702 730; x_wconf 82' lang='lat' dir='ltr'>amicus.</span> 
     </span>
     <span class='ocr_line' id='line_1_13' title="bbox 138 744 1076 782; baseline 0 -1"><span class='ocrx_word' id='word_1_68' title='bbox 138 744 212 781; x_wconf 88' lang='lat'>785</span> <span class='ocrx_word' id='word_1_69' title='bbox 240 746 325 779; x_wconf 91' lang='lat' dir='ltr'>Tibi</span> <span class='ocrx_word' id='word_1_70' title='bbox 342 745 429 780; x_wconf 86' lang='lat' dir='ltr'>haec</span> <span class='ocrx_word' id='word_1_71' title='bbox 446 747 537 781; x_wconf 86' lang='lat' dir='ltr'>dico.</span> <span class='ocrx_word' id='word_1_72' title='bbox 592 747 660 780; x_wconf 88' lang='lat' dir='ltr'>Sed</span> <span class='ocrx_word' id='word_1_73' title='bbox 679 747 852 782; x_wconf 76' lang='lat' dir='ltr'>ministris</span> <span class='ocrx_word' id='word_1_74' title='bbox 868 749 957 782; x_wconf 89' lang='lat' dir='ltr'>meis</span> <span class='ocrx_word' id='word_1_75' title='bbox 978 748 1076 782; x_wconf 89' lang='lat' dir='ltr'>dico:</span> 
     </span>
     <span class='ocr_line' id='line_1_14' title="bbox 188 797 843 841; baseline 0.002 -11"><span class='ocrx_word' id='word_1_76' title='bbox 188 797 322 830; x_wconf 86' lang='lat' dir='ltr'>Efferte</span> <span class='ocrx_word' id='word_1_77' title='bbox 341 810 439 830; x_wconf 86' lang='lat' dir='ltr'>arma</span> <span class='ocrx_word' id='word_1_78' title='bbox 455 825 463 838; x_wconf 91' lang='lat'><strong>‚</strong></span> <span class='ocrx_word' id='word_1_79' title='bbox 490 805 694 841; x_wconf 86' lang='lat' dir='ltr'>tegumenta</span> <span class='ocrx_word' id='word_1_80' title='bbox 713 810 821 831; x_wconf 89' lang='lat' dir='ltr'>aenea</span> <span class='ocrx_word' id='word_1_81' title='bbox 834 825 843 838; x_wconf 88' lang='lat'><strong>‚</strong></span> 
     </span>
     <span class='ocr_line' id='line_1_15' title="bbox 189 849 811 893; baseline -0.002 -11"><span class='ocrx_word' id='word_1_82' title='bbox 189 849 291 882; x_wconf 84' lang='lat' dir='ltr'>Utin</span> <span class='ocrx_word' id='word_1_83' title='bbox 310 861 465 893; x_wconf 80' lang='lat' dir='ltr'>pugnam</span> <span class='ocrx_word' id='word_1_84' title='bbox 486 849 708 893; x_wconf 78' lang='lat' dir='ltr'>propositam</span> <span class='ocrx_word' id='word_1_85' title='bbox 727 849 811 882; x_wconf 89' lang='lat' dir='ltr'>belli</span> 
     </span>
     <span class='ocr_line' id='line_1_16' title="bbox 189 899 856 934; baseline 0.001 -2"><span class='ocrx_word' id='word_1_86' title='bbox 189 899 397 933; x_wconf 87' lang='lat' dir='ltr'>Tendamus</span> <span class='ocrx_word' id='word_1_87' title='bbox 415 912 494 933; x_wconf 86' lang='lat' dir='ltr'>cum</span> <span class='ocrx_word' id='word_1_88' title='bbox 516 900 672 933; x_wconf 88' lang='lat' dir='ltr'>vindicta</span> <span class='ocrx_word' id='word_1_89' title='bbox 691 900 856 934; x_wconf 84' lang='lat' dir='ltr'>victrice:</span> 
     </span>
     <span class='ocr_line' id='line_1_17' title="bbox 188 950 1080 996; baseline 0.001 -13"><span class='ocrx_word' id='word_1_90' title='bbox 188 950 235 983; x_wconf 87' lang='lat' dir='ltr'>Et</span> <span class='ocrx_word' id='word_1_91' title='bbox 253 950 465 984; x_wconf 88' lang='lat' dir='ltr'>Cautionem</span> <span class='ocrx_word' id='word_1_92' title='bbox 479 978 488 991; x_wconf 83' lang='lat'><strong>‚</strong></span> <span class='ocrx_word' id='word_1_93' title='bbox 517 964 608 996; x_wconf 88' lang='lat' dir='ltr'>quae</span> <span class='ocrx_word' id='word_1_94' title='bbox 628 957 679 985; x_wconf 87' lang='lat' dir='ltr'>est</span> <span class='ocrx_word' id='word_1_95' title='bbox 694 951 882 985; x_wconf 85' lang='lat' dir='ltr'>utilissima</span> <span class='ocrx_word' id='word_1_96' title='bbox 901 951 1059 986; x_wconf 88' lang='lat' dir='ltr'>Dearum</span> <span class='ocrx_word' id='word_1_97' title='bbox 1072 977 1080 990; x_wconf 80' lang='lat'>‚</span> 
     </span>
     <span class='ocr_line' id='line_1_18' title="bbox 137 1001 879 1042; baseline -0.001 -6"><span class='ocrx_word' id='word_1_98' title='bbox 137 1001 213 1037; x_wconf 89' lang='grc'>790</span> <span class='ocrx_word' id='word_1_99' title='bbox 240 1002 394 1036; x_wconf 88' lang='lat' dir='ltr'>Oremus</span> <span class='ocrx_word' id='word_1_100' title='bbox 405 1029 414 1042; x_wconf 94' lang='lat'>‚</span> <span class='ocrx_word' id='word_1_101' title='bbox 442 1009 481 1036; x_wconf 88' lang='lat' dir='ltr'>ut</span> <span class='ocrx_word' id='word_1_102' title='bbox 496 1009 613 1036; x_wconf 84' lang='lat' dir='ltr'>servet</span> <span class='ocrx_word' id='word_1_103' title='bbox 630 1001 723 1035; x_wconf 86' lang='lat' dir='ltr'>hanc</span> <span class='ocrx_word' id='word_1_104' title='bbox 739 1003 879 1036; x_wconf 88' lang='lat' dir='ltr'>urbem.</span> 
     </span>
    </p>
   </div>
   <div class='ocr_carea' id='block_1_3' title="bbox 510 1059 760 1108">
    <p class='ocr_par' dir='ltr' id='par_1_3' title="bbox 510 1059 760 1108">
     <span class='ocr_line' id='line_1_19' title="bbox 510 1059 760 1108; baseline -0.004 -13"><span class='ocrx_word' id='word_1_105' title='bbox 510 1059 760 1108; x_wconf 62' lang='lat' dir='ltr'>[stropha]</span> 
     </span>
    </p>
   </div>
   <div class='ocr_carea' id='block_1_4' title="bbox 136 1119 1141 2224">
    <p class='ocr_par' dir='ltr' id='par_1_4' title="bbox 136 1119 1141 2224">
     <span class='ocr_line' id='line_1_20' title="bbox 186 1119 1048 1165; baseline 0 -11"><span class='ocrx_word' id='word_1_106' title='bbox 186 1121 285 1154; x_wconf 79' lang='lat' dir='ltr'>Ghor.</span> <span class='ocrx_word' id='word_1_107' title='bbox 315 1119 348 1153; x_wconf 92' lang='lat' dir='ltr'>O</span> <span class='ocrx_word' id='word_1_108' title='bbox 368 1131 580 1153; x_wconf 80' lang='lat' dir='ltr'>aerumnose</span> <span class='ocrx_word' id='word_1_109' title='bbox 599 1120 696 1153; x_wconf 87' lang='lat' dir='ltr'>Mars</span> <span class='ocrx_word' id='word_1_110' title='bbox 710 1147 718 1160; x_wconf 95' lang='lat'>‚</span> <span class='ocrx_word' id='word_1_111' title='bbox 746 1133 857 1165; x_wconf 85' lang='lat' dir='ltr'>quare</span> <span class='ocrx_word' id='word_1_112' title='bbox 874 1120 1048 1164; x_wconf 85' lang='lat' dir='ltr'>sanguine</span> 
     </span>
     <span class='ocr_line' id='line_1_21' title="bbox 186 1169 783 1211; baseline 0 -8"><span class='ocrx_word' id='word_1_113' title='bbox 186 1170 233 1204; x_wconf 87' lang='lat' dir='ltr'>Et</span> <span class='ocrx_word' id='word_1_114' title='bbox 246 1176 363 1203; x_wconf 88' lang='lat' dir='ltr'>morte</span> <span class='ocrx_word' id='word_1_115' title='bbox 381 1171 586 1211; x_wconf 87' lang='lat' dir='ltr'>delectaris,</span> <span class='ocrx_word' id='word_1_116' title='bbox 615 1182 634 1203; x_wconf 91' lang='lat' dir='ltr'>a</span> <span class='ocrx_word' id='word_1_117' title='bbox 651 1169 783 1203; x_wconf 85' lang='lat' dir='ltr'>Bacchi</span> 
     </span>
     <span class='ocr_line' id='line_1_22' title="bbox 185 1219 1141 1258; baseline 0.004 -4"><span class='ocrx_word' id='word_1_118' title='bbox 185 1221 299 1255; x_wconf 89' lang='lat' dir='ltr'>Festis</span> <span class='ocrx_word' id='word_1_119' title='bbox 314 1221 480 1255; x_wconf 72' lang='lat' dir='ltr'>dissone?</span> <span class='ocrx_word' id='word_1_120' title='bbox 509 1233 571 1255; x_wconf 90' lang='lat' dir='ltr'>cur</span> <span class='ocrx_word' id='word_1_121' title='bbox 596 1233 672 1253; x_wconf 91' lang='lat' dir='ltr'>non</span> <span class='ocrx_word' id='word_1_122' title='bbox 697 1222 734 1254; x_wconf 89' lang='lat' dir='ltr'>in</span> <span class='ocrx_word' id='word_1_123' title='bbox 758 1221 901 1255; x_wconf 88' lang='lat' dir='ltr'>coronis</span> <span class='ocrx_word' id='word_1_124' title='bbox 927 1219 1141 1258; x_wconf 76' lang='lat' dir='ltr'>habentibus</span> 
     </span>
     <span class='ocr_line' id='line_1_23' title="bbox 555 1270 872 1316; baseline 0.003 -12"><span class='ocrx_word' id='word_1_125' title='bbox 555 1270 724 1316; x_wconf 87' lang='lat' dir='ltr'>pulchros</span> <span class='ocrx_word' id='word_1_126' title='bbox 743 1270 872 1306; x_wconf 85' lang='lat' dir='ltr'>choros</span> 
     </span>
     <span class='ocr_line' id='line_1_24' title="bbox 186 1321 1090 1367; baseline 0.003 -12"><span class='ocrx_word' id='word_1_127' title='bbox 186 1321 355 1356; x_wconf 85' lang='lat' dir='ltr'>Iuvenilis</span> <span class='ocrx_word' id='word_1_128' title='bbox 374 1322 518 1363; x_wconf 86' lang='lat' dir='ltr'>aetatis,</span> <span class='ocrx_word' id='word_1_129' title='bbox 546 1324 707 1367; x_wconf 85' lang='lat' dir='ltr'>pandens</span> <span class='ocrx_word' id='word_1_130' title='bbox 725 1324 930 1357; x_wconf 85' lang='lat' dir='ltr'>cincinnum</span> <span class='ocrx_word' id='word_1_131' title='bbox 942 1350 952 1364; x_wconf 83' lang='lat'><em>‚</em></span> <span class='ocrx_word' id='word_1_132' title='bbox 981 1324 1090 1358; x_wconf 82' lang='lat' dir='ltr'>tibiae</span> 
     </span>
     <span class='ocr_line' id='line_1_25' title="bbox 185 1372 568 1407; baseline 0 -1"><span class='ocrx_word' id='word_1_133' title='bbox 185 1372 286 1406; x_wconf 83' lang='lat' dir='ltr'>quta</span> <span class='ocrx_word' id='word_1_134' title='bbox 302 1373 426 1406; x_wconf 84' lang='lat' dir='ltr'>flatum</span> <span class='ocrx_word' id='word_1_135' title='bbox 447 1380 568 1407; x_wconf 86' lang='lat' dir='ltr'>cantas</span> 
     </span>
     <span class='ocr_line' id='line_1_26' title="bbox 136 1422 1140 1470; baseline 0.002 -11"><span class='ocrx_word' id='word_1_136' title='bbox 136 1422 212 1459; x_wconf 84' lang='lat'>795</span> <span class='ocrx_word' id='word_1_137' title='bbox 240 1423 428 1457; x_wconf 83' lang='lat' dir='ltr'>Canticum</span> <span class='ocrx_word' id='word_1_138' title='bbox 453 1425 621 1470; x_wconf 82' lang='lat' dir='ltr'>aliquod,</span> <span class='ocrx_word' id='word_1_139' title='bbox 665 1424 703 1456; x_wconf 91' lang='lat' dir='ltr'>in</span> <span class='ocrx_word' id='word_1_140' title='bbox 727 1436 798 1470; x_wconf 89' lang='lat' dir='ltr'>quo</span> <span class='ocrx_word' id='word_1_141' title='bbox 823 1425 895 1459; x_wconf 88' lang='lat' dir='ltr'>sint</span> <span class='ocrx_word' id='word_1_142' title='bbox 912 1424 1059 1460; x_wconf 78' lang='lat' dir='ltr'>Gratiae</span> <span class='ocrx_word' id='word_1_143' title='bbox 1084 1440 1140 1461; x_wconf 83' lang='lat' dir='ltr'>ex-</span> 
     </span>
     <span class='ocr_line' id='line_1_27' title="bbox 551 1473 774 1509; baseline 0.004 -2"><span class='ocrx_word' id='word_1_144' title='bbox 551 1473 748 1509; x_wconf 86' lang='lat' dir='ltr'>hilarantes</span> <span class='ocrx_word' id='word_1_145' title='bbox 758 1475 774 1508; x_wconf 83' lang='lat'>?</span> 
     </span>
     <span class='ocr_line' id='line_1_28' title="bbox 186 1525 987 1571; baseline 0.002 -12"><span class='ocrx_word' id='word_1_146' title='bbox 186 1525 256 1559; x_wconf 89' lang='lat' dir='ltr'>Sed</span> <span class='ocrx_word' id='word_1_147' title='bbox 272 1537 352 1558; x_wconf 90' lang='lat' dir='ltr'>cum</span> <span class='ocrx_word' id='word_1_148' title='bbox 371 1525 518 1559; x_wconf 90' lang='lat' dir='ltr'>armatis</span> <span class='ocrx_word' id='word_1_149' title='bbox 529 1553 537 1566; x_wconf 86' lang='lat'><strong>‚</strong></span> <span class='ocrx_word' id='word_1_150' title='bbox 562 1526 754 1560; x_wconf 85' lang='lat' dir='ltr'>exercitum</span> <span class='ocrx_word' id='word_1_151' title='bbox 766 1527 987 1571; x_wconf 85' lang='lat' dir='ltr'>Argivorum</span> 
     </span>
     <span class='ocr_line' id='line_1_29' title="bbox 185 1575 957 1621; baseline 0.004 -13"><span class='ocrx_word' id='word_1_152' title='bbox 185 1575 342 1609; x_wconf 85' lang='lat' dir='ltr'>Incitans</span> <span class='ocrx_word' id='word_1_153' title='bbox 361 1588 440 1609; x_wconf 91' lang='lat' dir='ltr'>cum</span> <span class='ocrx_word' id='word_1_154' title='bbox 458 1577 631 1621; x_wconf 82' lang='lat' dir='ltr'>sanguine</span> <span class='ocrx_word' id='word_1_155' title='bbox 648 1585 773 1610; x_wconf 90' lang='lat' dir='ltr'>contra</span> <span class='ocrx_word' id='word_1_156' title='bbox 793 1576 957 1619; x_wconf 83' lang='lat' dir='ltr'>Thebas,</span> 
     </span>
     <span class='ocr_line' id='line_1_30' title="bbox 186 1626 896 1672; baseline 0.003 -13"><span class='ocrx_word' id='word_1_157' title='bbox 186 1626 444 1660; x_wconf 88' lang='lat' dir='ltr'>Inconcinnam</span> <span class='ocrx_word' id='word_1_158' title='bbox 460 1628 688 1661; x_wconf 80' lang='lat' dir='ltr'>saltationem</span> <span class='ocrx_word' id='word_1_159' title='bbox 708 1628 896 1672; x_wconf 77' lang='lat' dir='ltr'>praesilis?</span> 
     </span>
     <span class='ocr_line' id='line_1_31' title="bbox 185 1676 1088 1724; baseline 0.002 -11"><span class='ocrx_word' id='word_1_160' title='bbox 185 1678 312 1724; x_wconf 83' lang='lat' dir='ltr'>Neque</span> <span class='ocrx_word' id='word_1_161' title='bbox 328 1676 592 1713; x_wconf 84' lang='lat' dir='ltr'>Bacchantibns</span> <span class='ocrx_word' id='word_1_162' title='bbox 608 1686 751 1723; x_wconf 82' lang='lat' dir='ltr'>tergora</span> <span class='ocrx_word' id='word_1_163' title='bbox 770 1680 912 1712; x_wconf 89' lang='lat' dir='ltr'>cervina</span> <span class='ocrx_word' id='word_1_164' title='bbox 935 1679 1069 1715; x_wconf 91' lang='lat' dir='ltr'>indutis</span> <span class='ocrx_word' id='word_1_165' title='bbox 1080 1708 1088 1722; x_wconf 94' lang='lat'>‚</span> 
     </span>
     <span class='ocr_line' id='line_1_32' title="bbox 186 1730 1050 1779; baseline 0.002 -16"><span class='ocrx_word' id='word_1_166' title='bbox 186 1730 256 1763; x_wconf 86' lang='lat' dir='ltr'>Sed</span> <span class='ocrx_word' id='word_1_167' title='bbox 272 1730 310 1762; x_wconf 88' lang='lat' dir='ltr'>in</span> <span class='ocrx_word' id='word_1_168' title='bbox 328 1730 491 1764; x_wconf 88' lang='lat' dir='ltr'>curribus</span> <span class='ocrx_word' id='word_1_169' title='bbox 510 1737 543 1763; x_wconf 90' lang='lat' dir='ltr'>et</span> <span class='ocrx_word' id='word_1_170' title='bbox 561 1731 670 1764; x_wconf 86' lang='lat' dir='ltr'>frenis</span> <span class='ocrx_word' id='word_1_171' title='bbox 689 1732 965 1777; x_wconf 85' lang='lat' dir='ltr'>quadrupedum</span> <span class='ocrx_word' id='word_1_172' title='bbox 977 1731 1050 1779; x_wconf 66' lang='lat'>⁶⁰³)</span> 
     </span>
     <span class='ocr_line' id='line_1_33' title="bbox 136 1781 1140 1828; baseline 0.002 -13"><span class='ocrx_word' id='word_1_173' title='bbox 136 1781 211 1816; x_wconf 87' lang='grc'>800</span> <span class='ocrx_word' id='word_1_174' title='bbox 240 1781 460 1815; x_wconf 85' lang='lat' dir='ltr'>Habentium</span> <span class='ocrx_word' id='word_1_175' title='bbox 484 1781 616 1815; x_wconf 90' lang='lat' dir='ltr'>solidas</span> <span class='ocrx_word' id='word_1_176' title='bbox 640 1783 791 1826; x_wconf 85' lang='lat' dir='ltr'>ungulas</span> <span class='ocrx_word' id='word_1_177' title='bbox 816 1794 1014 1828; x_wconf 89' lang='lat' dir='ltr'>equorum,</span> <span class='ocrx_word' id='word_1_178' title='bbox 1050 1781 1140 1817; x_wconf 67' lang='lat' dir='ltr'>*va-</span> 
     </span>
     <span class='ocr_line' id='line_1_34' title="bbox 554 1833 1025 1868; baseline 0.004 -2"><span class='ocrx_word' id='word_1_179' title='bbox 554 1834 640 1867; x_wconf 91' lang='lat' dir='ltr'>dens</span> <span class='ocrx_word' id='word_1_180' title='bbox 660 1834 706 1866; x_wconf 90' lang='lat' dir='ltr'>ad</span> <span class='ocrx_word' id='word_1_181' title='bbox 730 1833 865 1867; x_wconf 86' lang='lat' dir='ltr'>flumen</span> <span class='ocrx_word' id='word_1_182' title='bbox 882 1833 1025 1868; x_wconf 79' lang='lat' dir='ltr'>Ismeni.</span> 
     </span>
     <span class='ocr_line' id='line_1_35' title="bbox 183 1882 891 1929; baseline 0.004 -13"><span class='ocrx_word' id='word_1_183' title='bbox 183 1882 374 1928; x_wconf 88' lang='lat' dir='ltr'>Equorum</span> <span class='ocrx_word' id='word_1_184' title='bbox 392 1883 504 1917; x_wconf 90' lang='lat' dir='ltr'>curris</span> <span class='ocrx_word' id='word_1_185' title='bbox 516 1911 525 1925; x_wconf 87' lang='lat'>‚</span> <span class='ocrx_word' id='word_1_186' title='bbox 550 1884 703 1919; x_wconf 87' lang='lat' dir='ltr'>incitans</span> <span class='ocrx_word' id='word_1_187' title='bbox 720 1885 891 1929; x_wconf 85' lang='lat' dir='ltr'>Argivos,</span> 
     </span>
     <span class='ocr_line' id='line_1_36' title="bbox 185 1933 1063 1980; baseline 0.005 -14"><span class='ocrx_word' id='word_1_188' title='bbox 185 1933 233 1966; x_wconf 91' lang='lat' dir='ltr'>Et</span> <span class='ocrx_word' id='word_1_189' title='bbox 250 1946 360 1978; x_wconf 86' lang='lat' dir='ltr'>genus</span> <span class='ocrx_word' id='word_1_190' title='bbox 378 1934 640 1979; x_wconf 87' lang='lat' dir='ltr'>Spartanorum</span> <span class='ocrx_word' id='word_1_191' title='bbox 652 1963 660 1975; x_wconf 88' lang='lat'>,</span> <span class='ocrx_word' id='word_1_192' title='bbox 690 1936 892 1980; x_wconf 87' lang='lat' dir='ltr'>clypeatum</span> <span class='ocrx_word' id='word_1_193' title='bbox 912 1934 1063 1970; x_wconf 86' lang='lat' dir='ltr'>chorum</span> 
     </span>
     <span class='ocr_line' id='line_1_37' title="bbox 188 1984 827 2024; baseline 0.005 -8"><span class='ocrx_word' id='word_1_194' title='bbox 188 1984 364 2018; x_wconf 89' lang='lat' dir='ltr'>Hostilem</span> <span class='ocrx_word' id='word_1_195' title='bbox 379 2011 388 2024; x_wconf 94' lang='lat'>‚</span> <span class='ocrx_word' id='word_1_196' title='bbox 416 1992 540 2018; x_wconf 88' lang='lat' dir='ltr'>contra</span> <span class='ocrx_word' id='word_1_197' title='bbox 559 1998 664 2018; x_wconf 86' lang='lat' dir='ltr'>saxea</span> <span class='ocrx_word' id='word_1_198' title='bbox 683 1987 827 2019; x_wconf 87' lang='lat' dir='ltr'>moenia</span> 
     </span>
     <span class='ocr_line' id='line_1_38' title="bbox 137 2033 1141 2071; baseline 0.001 -1"><span class='ocrx_word' id='word_1_199' title='bbox 137 2033 213 2070; x_wconf 86' lang='lat'>805</span> <span class='ocrx_word' id='word_1_200' title='bbox 240 2034 385 2069; x_wconf 86' lang='lat' dir='ltr'>Ornans</span> <span class='ocrx_word' id='word_1_201' title='bbox 405 2047 498 2070; x_wconf 83' lang='lat' dir='ltr'>aere.</span> <span class='ocrx_word' id='word_1_202' title='bbox 550 2033 570 2051; x_wconf 42' lang='grc' dir='ltr'>’κ</span> <span class='ocrx_word' id='word_1_203' title='bbox 583 2035 686 2069; x_wconf 85' lang='lat' dir='ltr'>Certe</span> <span class='ocrx_word' id='word_1_204' title='bbox 712 2043 815 2070; x_wconf 80' lang='lat' dir='ltr'>atrox</span> <span class='ocrx_word' id='word_1_205' title='bbox 833 2042 885 2070; x_wconf 90' lang='lat' dir='ltr'>est</span> <span class='ocrx_word' id='word_1_206' title='bbox 899 2036 975 2070; x_wconf 88' lang='lat' dir='ltr'>Dea</span> <span class='ocrx_word' id='word_1_207' title='bbox 995 2036 1141 2071; x_wconf 92' lang='lat' dir='ltr'>Discor-</span> 
     </span>
     <span class='ocr_line' id='line_1_39' title="bbox 549 2086 869 2133; baseline 0.006 -14"><span class='ocrx_word' id='word_1_208' title='bbox 549 2087 628 2127; x_wconf 90' lang='lat' dir='ltr'>dia,</span> <span class='ocrx_word' id='word_1_209' title='bbox 666 2099 757 2133; x_wconf 89' lang='lat' dir='ltr'>quae</span> <span class='ocrx_word' id='word_1_210' title='bbox 780 2086 869 2121; x_wconf 90' lang='lat' dir='ltr'>haec</span> 
     </span>
     <span class='ocr_line' id='line_1_40' title="bbox 187 2136 945 2183; baseline 0.004 -13"><span class='ocrx_word' id='word_1_211' title='bbox 187 2136 413 2180; x_wconf 82' lang='lat' dir='ltr'>Excogitavit</span> <span class='ocrx_word' id='word_1_212' title='bbox 428 2138 522 2170; x_wconf 87' lang='lat' dir='ltr'>mala</span> <span class='ocrx_word' id='word_1_213' title='bbox 542 2139 684 2183; x_wconf 81' lang='lat' dir='ltr'>regibus</span> <span class='ocrx_word' id='word_1_214' title='bbox 704 2145 820 2173; x_wconf 87' lang='lat' dir='ltr'>terrae</span> <span class='ocrx_word' id='word_1_215' title='bbox 838 2138 945 2174; x_wconf 85' lang='lat' dir='ltr'>huius</span> 
     </span>
     <span class='ocr_line' id='line_1_41' title="bbox 185 2187 571 2224; baseline 0.008 -4"><span class='ocrx_word' id='word_1_216' title='bbox 185 2187 400 2222; x_wconf 87' lang='lat' dir='ltr'>Labdacidis</span> <span class='ocrx_word' id='word_1_217' title='bbox 419 2189 571 2224; x_wconf 86' lang='lat' dir='ltr'>miseris.</span> 
     </span>
    </p>
   </div>
   <div class='ocr_carea' id='block_1_5' title="bbox 460 2247 820 2298">
    <p class='ocr_par' dir='ltr' id='par_1_5' title="bbox 460 2247 820 2298">
     <span class='ocr_line' id='line_1_42' title="bbox 460 2247 820 2298; baseline 0.006 -15"><span class='ocrx_word' id='word_1_218' title='bbox 460 2247 820 2298; x_wconf 59' lang='lat' dir='ltr'>[Antistrophe]</span> 
     </span>
    </p>
   </div>
   <div class='ocr_carea' id='block_1_6' title="bbox 139 2306 1142 2598">
    <p class='ocr_par' dir='ltr' id='par_1_6' title="bbox 139 2306 1142 2598">
     <span class='ocr_line' id='line_1_43' title="bbox 187 2306 1137 2344; baseline 0.002 -4"><span class='ocrx_word' id='word_1_219' title='bbox 187 2306 220 2341; x_wconf 93' lang='lat' dir='ltr'>O</span> <span class='ocrx_word' id='word_1_220' title='bbox 256 2307 553 2343; x_wconf 81' lang='lat' dir='ltr'>admirandarum</span> <span class='ocrx_word' id='word_1_221' title='bbox 580 2310 765 2344; x_wconf 85' lang='lat' dir='ltr'>frondium</span> <span class='ocrx_word' id='word_1_222' title='bbox 802 2318 837 2344; x_wconf 91' lang='lat' dir='ltr'>et</span> <span class='ocrx_word' id='word_1_223' title='bbox 873 2316 1055 2344; x_wconf 85' lang='lat' dir='ltr'>mutarum</span> <span class='ocrx_word' id='word_1_224' title='bbox 1092 2311 1137 2343; x_wconf 37' lang='lat' dir='ltr'>se*</span> 
     </span>
     <span class='ocr_line' id='line_1_44' title="bbox 553 2373 678 2395; baseline 0.008 -1"><span class='ocrx_word' id='word_1_225' title='bbox 553 2373 678 2395; x_wconf 89' lang='lat' dir='ltr'>rarum</span> 
     </span>
     <span class='ocr_line' id='line_1_45' title="bbox 189 2409 641 2453; baseline 0.007 -11"><span class='ocrx_word' id='word_1_226' title='bbox 189 2409 324 2444; x_wconf 89' lang='lat' dir='ltr'>Nemus</span> <span class='ocrx_word' id='word_1_227' title='bbox 343 2409 484 2444; x_wconf 89' lang='lat' dir='ltr'>Dianae</span> <span class='ocrx_word' id='word_1_228' title='bbox 502 2412 620 2445; x_wconf 83' lang='lat' dir='ltr'>nivale</span> <span class='ocrx_word' id='word_1_229' title='bbox 633 2439 641 2453; x_wconf 94' lang='lat'>,</span> 
     </span>
     <span class='ocr_line' id='line_1_46' title="bbox 139 2459 1142 2510; baseline 0.004 -17"><span class='ocrx_word' id='word_1_230' title='bbox 139 2459 214 2494; x_wconf 89' lang='grc'>810</span> <span class='ocrx_word' id='word_1_231' title='bbox 240 2460 285 2494; x_wconf 88' lang='lat' dir='ltr'>Et</span> <span class='ocrx_word' id='word_1_232' title='bbox 301 2474 321 2494; x_wconf 90' lang='lat' dir='ltr'>o</span> <span class='ocrx_word' id='word_1_233' title='bbox 339 2463 438 2496; x_wconf 92' lang='lat' dir='ltr'>ocule</span> <span class='ocrx_word' id='word_1_234' title='bbox 456 2461 705 2508; x_wconf 74' lang='lat' dir='ltr'>Cythaeronis,</span> <span class='ocrx_word' id='word_1_235' title='bbox 721 2461 937 2510; x_wconf 69' lang='lat' dir='ltr'>*nunquam</span> <span class='ocrx_word' id='word_1_236' title='bbox 954 2464 1066 2497; x_wconf 89' lang='lat' dir='ltr'>morti</span> <span class='ocrx_word' id='word_1_237' title='bbox 1083 2464 1142 2497; x_wconf 90' lang='lat' dir='ltr'>de-</span> 
     </span>
     <span class='ocr_line' id='line_1_47' title="bbox 549 2521 721 2549; baseline -0.006 0"><span class='ocrx_word' id='word_1_238' title='bbox 549 2521 721 2549; x_wconf 82' lang='lat' dir='ltr'>stinatum</span> 
     </span>
     <span class='ocr_line' id='line_1_48' title="bbox 188 2560 502 2598; baseline 0.019 -5"><span class='ocrx_word' id='word_1_239' title='bbox 188 2560 321 2595; x_wconf 87' lang='lat' dir='ltr'>Filium</span> <span class='ocrx_word' id='word_1_240' title='bbox 346 2562 502 2598; x_wconf 82' lang='lat' dir='ltr'>locastae</span> 
     </span>
    </p>
   </div>
   <div class='ocr_carea' id='block_1_7' title="bbox 190 2612 906 2661">
    <p class='ocr_par' dir='ltr' id='par_1_7' title="bbox 190 2612 906 2661">
     <span class='ocr_line' id='line_1_49' title="bbox 190 2612 906 2661; baseline 0.008 -16"><span class='ocrx_word' id='word_1_241' title='bbox 190 2612 374 2647; x_wconf 88' lang='lat' dir='ltr'>Debueras</span> <span class='ocrx_word' id='word_1_242' title='bbox 391 2615 570 2661; x_wconf 82' lang='lat' dir='ltr'>Oedipum</span> <span class='ocrx_word' id='word_1_243' title='bbox 589 2618 682 2652; x_wconf 91' lang='lat' dir='ltr'>alere</span> <span class='ocrx_word' id='word_1_244' title='bbox 710 2618 883 2651; x_wconf 86' lang='lat' dir='ltr'>infantem</span> <span class='ocrx_word' id='word_1_245' title='bbox 897 2645 906 2658; x_wconf 85' lang='lat'>‚</span> 
     </span>
    </p>
   </div>
   <div class='ocr_carea' id='block_1_8' title="bbox 174 2696 1025 2733">
    <p class='ocr_par' dir='ltr' id='par_1_8' title="bbox 174 2696 1025 2733">
     <span class='ocr_line' id='line_1_50' title="bbox 174 2696 1025 2733; baseline 0.008 -13"><span class='ocrx_word' id='word_1_246' title='bbox 174 2696 247 2728; x_wconf 64' lang='lat'>60³)</span> <span class='ocrx_word' id='word_1_247' title='bbox 268 2698 483 2731; x_wconf 85' lang='lat' dir='ltr'>quadrupedum]</span> <span class='ocrx_word' id='word_1_248' title='bbox 505 2700 589 2724; x_wconf 80' lang='lat' dir='ltr'>Editt.</span> <span class='ocrx_word' id='word_1_249' title='bbox 606 2701 698 2733; x_wconf 63' lang='lat'>1558,</span> <span class='ocrx_word' id='word_1_250' title='bbox 720 2701 795 2727; x_wconf 78' lang='lat'>1562.</span> <span class='ocrx_word' id='word_1_251' title='bbox 815 2702 1025 2733; x_wconf 78' lang='lat' dir='ltr'>quadripedum.</span> 
     </span>
    </p>
   </div>
   <div class='ocr_carea' id='block_1_9' title="bbox 197 2677 337 2681">
    <p class='ocr_par' dir='ltr' id='par_1_9' title="bbox 197 2677 337 2681">
     <span class='ocr_line' id='line_1_51' title="bbox 197 2677 337 2681; baseline 0 0"><span class='ocrx_word' id='word_1_252' title='bbox 197 2677 337 2681; x_wconf 95' lang='lat' dir='ltr'> </span> 
     </span>
    </p>
   </div>
   <div class='ocr_carea' id='block_1_10' title="bbox 698 90 1791 141">
    <p class='ocr_par' dir='ltr' id='par_1_10' title="bbox 698 90 1791 141">
     <span class='ocr_line' id='line_1_52' title="bbox 698 90 1791 141; baseline 0.001 -3"><span class='ocrx_word' id='word_1_253' title='bbox 698 90 1097 138; x_wconf 77' lang='lat' dir='ltr'><strong>INTERPRETATIO</strong></span> <span class='ocrx_word' id='word_1_254' title='bbox 1130 104 1506 141; x_wconf 85' lang='lat' dir='ltr'>PHOENISSARUM</span> <span class='ocrx_word' id='word_1_255' title='bbox 1540 104 1791 140; x_wconf 82' lang='lat' dir='ltr'>EURIPIDIS.</span> 
     </span>
    </p>
   </div>
   <div class='ocr_carea' id='block_1_11' title="bbox 2119 107 2194 144">
    <p class='ocr_par' dir='ltr' id='par_1_11' title="bbox 2119 107 2194 144">
     <span class='ocr_line' id='line_1_53' title="bbox 2119 107 2194 144; baseline 0.027 -2"><span class='ocrx_word' id='word_1_256' title='bbox 2119 107 2194 144; x_wconf 74' lang='lat'>422</span> 
     </span>
    </p>
   </div>
   <div class='ocr_carea' id='block_1_12' title="bbox 1196 191 2198 1106">
    <p class='ocr_par' dir='ltr' id='par_1_12' title="bbox 1196 191 2198 1106">
     <span class='ocr_line' id='line_1_54' title="bbox 1246 191 2091 236; baseline 0 -12"><span class='ocrx_word' id='word_1_257' title='bbox 1246 191 1455 236; x_wconf 85' lang='lat' dir='ltr'>Expositum</span> <span class='ocrx_word' id='word_1_258' title='bbox 1474 193 1582 225; x_wconf 87' lang='lat' dir='ltr'>domo</span> <span class='ocrx_word' id='word_1_259' title='bbox 1595 219 1603 232; x_wconf 92' lang='lat'>‚</span> <span class='ocrx_word' id='word_1_260' title='bbox 1630 192 1746 226; x_wconf 85' lang='lat' dir='ltr'>aureis</span> <span class='ocrx_word' id='word_1_261' title='bbox 1762 191 1879 226; x_wconf 89' lang='lat' dir='ltr'>fibulis</span> <span class='ocrx_word' id='word_1_262' title='bbox 1896 191 2091 236; x_wconf 75' lang='lat' dir='ltr'>insignem:</span> 
     </span>
     <span class='ocr_line' id='line_1_55' title="bbox 1248 243 2026 288; baseline 0 -12"><span class='ocrx_word' id='word_1_263' title='bbox 1248 243 1372 288; x_wconf 81' lang='lat' dir='ltr'>Neque</span> <span class='ocrx_word' id='word_1_264' title='bbox 1391 243 1591 286; x_wconf 76' lang='lat' dir='ltr'>virgineum</span> <span class='ocrx_word' id='word_1_265' title='bbox 1610 244 1742 277; x_wconf 84' lang='lat' dir='ltr'>alatum</span> <span class='ocrx_word' id='word_1_266' title='bbox 1762 251 1796 277; x_wconf 86' lang='lat' dir='ltr'>et</span> <span class='ocrx_word' id='word_1_267' title='bbox 1813 249 2026 277; x_wconf 86' lang='lat' dir='ltr'>montanum</span> 
     </span>
     <span class='ocr_line' id='line_1_56' title="bbox 1248 293 2196 340; baseline 0.002 -15"><span class='ocrx_word' id='word_1_268' title='bbox 1248 293 1450 327; x_wconf 87' lang='lat' dir='ltr'>Monstrum</span> <span class='ocrx_word' id='word_1_269' title='bbox 1490 294 1663 327; x_wconf 81' lang='lat' dir='ltr'>debuerat</span> <span class='ocrx_word' id='word_1_270' title='bbox 1694 295 1815 328; x_wconf 86' lang='lat' dir='ltr'>venire</span> <span class='ocrx_word' id='word_1_271' title='bbox 1851 295 1968 340; x_wconf 87' lang='lat' dir='ltr'>(quod</span> <span class='ocrx_word' id='word_1_272' title='bbox 2002 301 2053 329; x_wconf 89' lang='lat' dir='ltr'>est</span> <span class='ocrx_word' id='word_1_273' title='bbox 2081 294 2196 328; x_wconf 80' lang='lat' dir='ltr'>luctus</span> 
     </span>
     <span class='ocr_line' id='line_1_57' title="bbox 1610 347 1743 391; baseline 0.015 -14"><span class='ocrx_word' id='word_1_274' title='bbox 1610 347 1743 391; x_wconf 88' lang='lat' dir='ltr'>terrae)</span> 
     </span>
     <span class='ocr_line' id='line_1_58' title="bbox 1248 393 2131 438; baseline 0.005 -11"><span class='ocrx_word' id='word_1_275' title='bbox 1248 393 1435 438; x_wconf 82' lang='lat' dir='ltr'>Sphingis,</span> <span class='ocrx_word' id='word_1_276' title='bbox 1467 407 1545 427; x_wconf 86' lang='lat' dir='ltr'>cum</span> <span class='ocrx_word' id='word_1_277' title='bbox 1563 395 1787 430; x_wconf 86' lang='lat' dir='ltr'>inconcinnis</span> <span class='ocrx_word' id='word_1_278' title='bbox 1805 397 1876 431; x_wconf 83' lang='lat' dir='ltr'>suis</span> <span class='ocrx_word' id='word_1_279' title='bbox 1894 396 2131 437; x_wconf 88' lang='lat' dir='ltr'>carminibus,</span> 
     </span>
     <span class='ocr_line' id='line_1_59' title="bbox 1196 443 1994 491; baseline 0.003 -13"><span class='ocrx_word' id='word_1_280' title='bbox 1196 443 1271 479; x_wconf 87' lang='grc'>815</span> <span class='ocrx_word' id='word_1_281' title='bbox 1299 446 1400 490; x_wconf 82' lang='lat' dir='ltr'>Quae</span> <span class='ocrx_word' id='word_1_282' title='bbox 1420 445 1491 479; x_wconf 86' lang='lat' dir='ltr'>suis</span> <span class='ocrx_word' id='word_1_283' title='bbox 1509 452 1664 491; x_wconf 85' lang='lat' dir='ltr'>quatuor</span> <span class='ocrx_word' id='word_1_284' title='bbox 1680 449 1839 491; x_wconf 81' lang='lat' dir='ltr'>ungulis,</span> <span class='ocrx_word' id='word_1_285' title='bbox 1867 447 1994 481; x_wconf 83' lang='lat' dir='ltr'>Cadmi</span> 
     </span>
     <span class='ocr_line' id='line_1_60' title="bbox 1249 496 2056 543; baseline 0.004 -14"><span class='ocrx_word' id='word_1_286' title='bbox 1249 496 1440 530; x_wconf 87' lang='lat' dir='ltr'>Moenibus</span> <span class='ocrx_word' id='word_1_287' title='bbox 1460 497 1776 543; x_wconf 82' lang='lat' dir='ltr'>appropinquans,</span> <span class='ocrx_word' id='word_1_288' title='bbox 1804 501 1885 532; x_wconf 88' lang='lat' dir='ltr'>tulit</span> <span class='ocrx_word' id='word_1_289' title='bbox 1904 497 2056 532; x_wconf 85' lang='lat' dir='ltr'>aetheris</span> 
     </span>
     <span class='ocr_line' id='line_1_61' title="bbox 1248 546 2195 595; baseline 0.003 -15"><span class='ocrx_word' id='word_1_290' title='bbox 1248 546 1288 580; x_wconf 90' lang='lat' dir='ltr'>In</span> <span class='ocrx_word' id='word_1_291' title='bbox 1304 548 1426 581; x_wconf 90' lang='lat' dir='ltr'>lumen</span> <span class='ocrx_word' id='word_1_292' title='bbox 1443 548 1681 589; x_wconf 87' lang='lat' dir='ltr'>inaccessum,</span> <span class='ocrx_word' id='word_1_293' title='bbox 1710 562 1837 594; x_wconf 83' lang='lat' dir='ltr'>genus:</span> <span class='ocrx_word' id='word_1_294' title='bbox 1873 562 1979 595; x_wconf 88' lang='lat' dir='ltr'>quam</span> <span class='ocrx_word' id='word_1_295' title='bbox 2006 548 2195 595; x_wconf 78' lang='lat' dir='ltr'>inferus⁸¹)</span> 
     </span>
     <span class='ocr_line' id='line_1_62' title="bbox 1606 599 1714 633; baseline 0.009 -1"><span class='ocrx_word' id='word_1_296' title='bbox 1606 599 1714 633; x_wconf 89' lang='lat' dir='ltr'>Pluto</span> 
     </span>
     <span class='ocr_line' id='line_1_63' title="bbox 1246 649 1746 685; baseline 0 -1"><span class='ocrx_word' id='word_1_297' title='bbox 1246 651 1428 684; x_wconf 74' lang='lat' dir='ltr'>Adversus</span> <span class='ocrx_word' id='word_1_298' title='bbox 1444 649 1620 684; x_wconf 88' lang='lat' dir='ltr'>Cadmeos</span> <span class='ocrx_word' id='word_1_299' title='bbox 1638 652 1746 685; x_wconf 84' lang='lat' dir='ltr'>misit.</span> 
     </span>
     <span class='ocr_line' id='line_1_64' title="bbox 1247 700 1871 736; baseline 0.005 -3"><span class='ocrx_word' id='word_1_300' title='bbox 1247 700 1372 734; x_wconf 82' lang='lat' dir='ltr'>Infelix</span> <span class='ocrx_word' id='word_1_301' title='bbox 1390 701 1431 734; x_wconf 91' lang='lat' dir='ltr'>lis</span> <span class='ocrx_word' id='word_1_302' title='bbox 1448 701 1515 734; x_wconf 88' lang='lat' dir='ltr'>alia</span> <span class='ocrx_word' id='word_1_303' title='bbox 1537 702 1652 735; x_wconf 88' lang='lat' dir='ltr'>oritur</span> <span class='ocrx_word' id='word_1_304' title='bbox 1670 703 1763 736; x_wconf 89' lang='lat' dir='ltr'>inter</span> <span class='ocrx_word' id='word_1_305' title='bbox 1779 701 1871 736; x_wconf 84' lang='lat' dir='ltr'>filios</span> 
     </span>
     <span class='ocr_line' id='line_1_65' title="bbox 1196 752 1786 797; baseline 0.005 -12"><span class='ocrx_word' id='word_1_306' title='bbox 1196 752 1271 787; x_wconf 75' lang='lat'>820</span> <span class='ocrx_word' id='word_1_307' title='bbox 1299 752 1338 785; x_wconf 90' lang='lat' dir='ltr'>In</span> <span class='ocrx_word' id='word_1_308' title='bbox 1358 754 1467 785; x_wconf 87' lang='lat' dir='ltr'>domo</span> <span class='ocrx_word' id='word_1_309' title='bbox 1487 753 1617 797; x_wconf 88' lang='lat' dir='ltr'>Oedipi</span> <span class='ocrx_word' id='word_1_310' title='bbox 1636 760 1669 787; x_wconf 87' lang='lat' dir='ltr'>et</span> <span class='ocrx_word' id='word_1_311' title='bbox 1687 755 1786 788; x_wconf 89' lang='lat' dir='ltr'>urbe.</span> 
     </span>
     <span class='ocr_line' id='line_1_66' title="bbox 1249 804 2198 850; baseline 0.001 -13"><span class='ocrx_word' id='word_1_312' title='bbox 1249 804 1387 849; x_wconf 85' lang='lat' dir='ltr'>„Quod</span> <span class='ocrx_word' id='word_1_313' title='bbox 1414 804 1509 837; x_wconf 88' lang='lat' dir='ltr'>enim</span> <span class='ocrx_word' id='word_1_314' title='bbox 1536 817 1610 838; x_wconf 89' lang='lat' dir='ltr'>non</span> <span class='ocrx_word' id='word_1_315' title='bbox 1635 812 1686 838; x_wconf 88' lang='lat' dir='ltr'>est</span> <span class='ocrx_word' id='word_1_316' title='bbox 1713 807 1868 846; x_wconf 87' lang='lat' dir='ltr'>bonum,</span> <span class='ocrx_word' id='word_1_317' title='bbox 1910 817 2097 850; x_wconf 83' lang='lat' dir='ltr'>nunquam</span> <span class='ocrx_word' id='word_1_318' title='bbox 2131 805 2198 838; x_wconf 87' lang='lat' dir='ltr'>erit</span> 
     </span>
     <span class='ocr_line' id='line_1_67' title="bbox 1609 857 1764 898; baseline 0.006 -9"><span class='ocrx_word' id='word_1_319' title='bbox 1609 857 1764 898; x_wconf 89' lang='lat' dir='ltr'>bonum,</span> 
     </span>
     <span class='ocr_line' id='line_1_68' title="bbox 1248 906 2197 953; baseline 0.003 -14"><span class='ocrx_word' id='word_1_320' title='bbox 1248 906 1329 945; x_wconf 89' lang='lat' dir='ltr'>„Ut</span> <span class='ocrx_word' id='word_1_321' title='bbox 1348 919 1464 953; x_wconf 83' lang='lat' dir='ltr'>neque</span> <span class='ocrx_word' id='word_1_322' title='bbox 1481 907 1657 952; x_wconf 85' lang='lat' dir='ltr'>illegitimi</span> <span class='ocrx_word' id='word_1_323' title='bbox 1678 909 1734 942; x_wconf 87' lang='lat' dir='ltr'>isti</span> <span class='ocrx_word' id='word_1_324' title='bbox 1752 908 1876 953; x_wconf 89' lang='lat' dir='ltr'>pueri,</span> <span class='ocrx_word' id='word_1_325' title='bbox 1904 908 2028 941; x_wconf 88' lang='lat' dir='ltr'>matris</span> <span class='ocrx_word' id='word_1_326' title='bbox 2053 908 2197 953; x_wconf 89' lang='lat' dir='ltr'>quidem</span> 
     </span>
     <span class='ocr_line' id='line_1_69' title="bbox 1616 966 1758 1003; baseline 0.007 -11"><span class='ocrx_word' id='word_1_327' title='bbox 1616 966 1738 1003; x_wconf 89' lang='lat' dir='ltr'>partus</span> <span class='ocrx_word' id='word_1_328' title='bbox 1750 986 1758 1000; x_wconf 88' lang='lat'><em>‚</em></span> 
     </span>
     <span class='ocr_line' id='line_1_70' title="bbox 1246 1008 1722 1054; baseline 0.008 -15"><span class='ocrx_word' id='word_1_329' title='bbox 1246 1008 1432 1041; x_wconf 85' lang='lat' dir='ltr'>Piaculum</span> <span class='ocrx_word' id='word_1_330' title='bbox 1454 1015 1571 1041; x_wconf 83' lang='lat' dir='ltr'>autem</span> <span class='ocrx_word' id='word_1_331' title='bbox 1591 1011 1722 1054; x_wconf 85' lang='lat' dir='ltr'>patris;</span> 
     </span>
     <span class='ocr_line' id='line_1_71' title="bbox 1248 1058 2001 1106; baseline 0.004 -15"><span class='ocrx_word' id='word_1_332' title='bbox 1248 1058 1343 1092; x_wconf 82' lang='lat' dir='ltr'>Haec</span> <span class='ocrx_word' id='word_1_333' title='bbox 1359 1059 1454 1092; x_wconf 89' lang='lat' dir='ltr'>enim</span> <span class='ocrx_word' id='word_1_334' title='bbox 1476 1060 1573 1093; x_wconf 83' lang='lat' dir='ltr'>venit</span> <span class='ocrx_word' id='word_1_335' title='bbox 1593 1062 1628 1094; x_wconf 90' lang='lat' dir='ltr'>in</span> <span class='ocrx_word' id='word_1_336' title='bbox 1647 1068 1838 1106; x_wconf 80' lang='lat' dir='ltr'>cognatum</span> <span class='ocrx_word' id='word_1_337' title='bbox 1858 1061 2001 1095; x_wconf 88' lang='lat' dir='ltr'>lectum.</span> 
     </span>
    </p>
   </div>
   <div class='ocr_carea' id='block_1_13' title="bbox 1196 1119 2120 2244">
    <p class='ocr_par' dir='ltr' id='par_1_13' title="bbox 1196 1119 2120 2244">
     <span class='ocr_line' id='line_1_72' title="bbox 1578 1119 1819 1168; baseline 0 -13"><span class='ocrx_word' id='word_1_338' title='bbox 1578 1119 1751 1168; x_wconf 84' lang='lat' dir='ltr'>[Epodu</span> <span class='ocrx_word' id='word_1_339' title='bbox 1761 1119 1819 1168; x_wconf 84' lang='lat' dir='ltr'>s.]</span> 
     </span>
     <span class='ocr_line' id='line_1_73' title="bbox 1196 1177 1857 1228; baseline 0.002 -16"><span class='ocrx_word' id='word_1_340' title='bbox 1196 1177 1269 1214; x_wconf 76' lang='grc'>825</span> <span class='ocrx_word' id='word_1_341' title='bbox 1299 1179 1330 1212; x_wconf 92' lang='lat' dir='ltr'>O</span> <span class='ocrx_word' id='word_1_342' title='bbox 1349 1186 1441 1212; x_wconf 88' lang='lat' dir='ltr'>terra</span> <span class='ocrx_word' id='word_1_343' title='bbox 1454 1206 1462 1219; x_wconf 88' lang='lat'>‚</span> <span class='ocrx_word' id='word_1_344' title='bbox 1491 1180 1644 1224; x_wconf 80' lang='lat' dir='ltr'>genuisti</span> <span class='ocrx_word' id='word_1_345' title='bbox 1661 1181 1857 1228; x_wconf 85' lang='lat' dir='ltr'>aliquando</span> 
     </span>
     <span class='ocr_line' id='line_1_74' title="bbox 1248 1230 1697 1275; baseline 0.002 -12"><span class='ocrx_word' id='word_1_346' title='bbox 1248 1230 1316 1275; x_wconf 87' lang='lat' dir='ltr'>(Ut</span> <span class='ocrx_word' id='word_1_347' title='bbox 1333 1231 1455 1264; x_wconf 80' lang='lat' dir='ltr'>audivi</span> <span class='ocrx_word' id='word_1_348' title='bbox 1471 1232 1697 1265; x_wconf 83' lang='lat' dir='ltr'>barbaricam</span> 
     </span>
     <span class='ocr_line' id='line_1_75' title="bbox 1246 1282 1800 1329; baseline 0.002 -14"><span class='ocrx_word' id='word_1_349' title='bbox 1246 1282 1397 1316; x_wconf 86' lang='lat' dir='ltr'>Famam</span> <span class='ocrx_word' id='word_1_350' title='bbox 1418 1282 1503 1315; x_wconf 87' lang='lat' dir='ltr'>olim</span> <span class='ocrx_word' id='word_1_351' title='bbox 1522 1283 1558 1315; x_wconf 88' lang='lat' dir='ltr'>in</span> <span class='ocrx_word' id='word_1_352' title='bbox 1577 1296 1654 1316; x_wconf 82' lang='lat' dir='ltr'>mea</span> <span class='ocrx_word' id='word_1_353' title='bbox 1672 1284 1800 1329; x_wconf 86' lang='lat' dir='ltr'>domo)</span> 
     </span>
     <span class='ocr_line' id='line_1_76' title="bbox 1247 1333 1584 1368; baseline 0 -2"><span class='ocrx_word' id='word_1_354' title='bbox 1247 1333 1300 1366; x_wconf 82' lang='lat' dir='ltr'>Ex</span> <span class='ocrx_word' id='word_1_355' title='bbox 1320 1334 1406 1367; x_wconf 86' lang='lat' dir='ltr'>alito</span> <span class='ocrx_word' id='word_1_356' title='bbox 1425 1347 1444 1367; x_wconf 88' lang='lat' dir='ltr'>a</span> <span class='ocrx_word' id='word_1_357' title='bbox 1463 1334 1584 1368; x_wconf 86' lang='lat' dir='ltr'>bestiis</span> 
     </span>
     <span class='ocr_line' id='line_1_77' title="bbox 1248 1383 2114 1431; baseline 0.001 -14"><span class='ocrx_word' id='word_1_358' title='bbox 1248 1384 1434 1426; x_wconf 87' lang='lat' dir='ltr'>Dracone,</span> <span class='ocrx_word' id='word_1_359' title='bbox 1462 1387 1524 1431; x_wconf 89' lang='lat' dir='ltr'>qui</span> <span class='ocrx_word' id='word_1_360' title='bbox 1542 1383 1697 1418; x_wconf 80' lang='lat' dir='ltr'>habebat</span> <span class='ocrx_word' id='word_1_361' title='bbox 1713 1396 1932 1430; x_wconf 87' lang='lat' dir='ltr'>purpuream</span> <span class='ocrx_word' id='word_1_362' title='bbox 1951 1384 2092 1419; x_wconf 88' lang='lat' dir='ltr'>cristam</span> <span class='ocrx_word' id='word_1_363' title='bbox 2104 1411 2114 1425; x_wconf 86' lang='lat'>,</span> 
     </span>
     <span class='ocr_line' id='line_1_78' title="bbox 1247 1436 1751 1476; baseline -0.002 -6"><span class='ocrx_word' id='word_1_364' title='bbox 1247 1436 1369 1471; x_wconf 87' lang='lat' dir='ltr'>Genus</span> <span class='ocrx_word' id='word_1_365' title='bbox 1388 1444 1514 1470; x_wconf 90' lang='lat' dir='ltr'>natum</span> <span class='ocrx_word' id='word_1_366' title='bbox 1532 1449 1549 1469; x_wconf 86' lang='lat' dir='ltr'>e</span> <span class='ocrx_word' id='word_1_367' title='bbox 1565 1437 1731 1470; x_wconf 89' lang='lat' dir='ltr'>dentibus</span> <span class='ocrx_word' id='word_1_368' title='bbox 1742 1463 1751 1476; x_wconf 86' lang='lat'>,</span> 
     </span>
     <span class='ocr_line' id='line_1_79' title="bbox 1245 1485 1905 1535; baseline 0.002 -15"><span class='ocrx_word' id='word_1_369' title='bbox 1245 1486 1536 1521; x_wconf 86' lang='lat' dir='ltr'>Pulcherrimum</span> <span class='ocrx_word' id='word_1_370' title='bbox 1555 1487 1741 1535; x_wconf 69' lang='lat' dir='ltr'>decusffla)</span> <span class='ocrx_word' id='word_1_371' title='bbox 1758 1485 1905 1522; x_wconf 86' lang='lat' dir='ltr'>Thebis.</span> 
     </span>
     <span class='ocr_line' id='line_1_80' title="bbox 1247 1538 1757 1583; baseline 0.002 -12"><span class='ocrx_word' id='word_1_372' title='bbox 1247 1538 1293 1572; x_wconf 90' lang='lat' dir='ltr'>Et</span> <span class='ocrx_word' id='word_1_373' title='bbox 1311 1540 1354 1572; x_wconf 90' lang='lat' dir='ltr'>ad</span> <span class='ocrx_word' id='word_1_374' title='bbox 1375 1539 1518 1583; x_wconf 85' lang='lat' dir='ltr'>nuptias</span> <span class='ocrx_word' id='word_1_375' title='bbox 1536 1539 1757 1572; x_wconf 84' lang='lat' dir='ltr'>Harmoniae</span> 
     </span>
     <span class='ocr_line' id='line_1_81' title="bbox 1196 1587 1990 1629; baseline -0.001 -7"><span class='ocrx_word' id='word_1_376' title='bbox 1196 1588 1271 1624; x_wconf 79' lang='lat'>830</span> <span class='ocrx_word' id='word_1_377' title='bbox 1298 1589 1485 1623; x_wconf 85' lang='lat' dir='ltr'>Venerunt</span> <span class='ocrx_word' id='word_1_378' title='bbox 1501 1591 1642 1624; x_wconf 89' lang='lat' dir='ltr'>coelites</span> <span class='ocrx_word' id='word_1_379' title='bbox 1660 1590 1776 1629; x_wconf 79' lang='lat' dir='ltr'>Deae;</span> <span class='ocrx_word' id='word_1_380' title='bbox 1805 1597 1839 1623; x_wconf 91' lang='lat' dir='ltr'>et</span> <span class='ocrx_word' id='word_1_381' title='bbox 1855 1587 1990 1623; x_wconf 86' lang='lat' dir='ltr'>cithara</span> 
     </span>
     <span class='ocr_line' id='line_1_82' title="bbox 1247 1639 1747 1683; baseline 0.002 -9"><span class='ocrx_word' id='word_1_382' title='bbox 1247 1641 1395 1675; x_wconf 89' lang='lat' dir='ltr'>Moenia</span> <span class='ocrx_word' id='word_1_383' title='bbox 1415 1639 1612 1675; x_wconf 84' lang='lat' dir='ltr'>Thebanae</span> <span class='ocrx_word' id='word_1_384' title='bbox 1630 1642 1747 1683; x_wconf 89' lang='lat' dir='ltr'>urbis,</span> 
     </span>
     <span class='ocr_line' id='line_1_83' title="bbox 1246 1691 1683 1738; baseline 0 -12"><span class='ocrx_word' id='word_1_385' title='bbox 1246 1692 1293 1726; x_wconf 88' lang='lat' dir='ltr'>Et</span> <span class='ocrx_word' id='word_1_386' title='bbox 1311 1705 1329 1725; x_wconf 86' lang='lat' dir='ltr'>a</span> <span class='ocrx_word' id='word_1_387' title='bbox 1346 1693 1422 1738; x_wconf 89' lang='lat' dir='ltr'>lyra</span> <span class='ocrx_word' id='word_1_388' title='bbox 1441 1691 1683 1738; x_wconf 87' lang='lat' dir='ltr'>Amphionica</span> 
     </span>
     <span class='ocr_line' id='line_1_84' title="bbox 1248 1745 1686 1785; baseline 0 -8"><span class='ocrx_word' id='word_1_389' title='bbox 1248 1745 1384 1779; x_wconf 88' lang='lat' dir='ltr'>Turres</span> <span class='ocrx_word' id='word_1_390' title='bbox 1402 1745 1565 1778; x_wconf 88' lang='lat' dir='ltr'>conditae</span> <span class='ocrx_word' id='word_1_391' title='bbox 1585 1751 1686 1785; x_wconf 90' lang='lat' dir='ltr'>sunt,</span> 
     </span>
     <span class='ocr_line' id='line_1_85' title="bbox 1248 1793 2120 1830; baseline -0.002 -1"><span class='ocrx_word' id='word_1_392' title='bbox 1248 1797 1351 1830; x_wconf 90' lang='lat' dir='ltr'>Circa</span> <span class='ocrx_word' id='word_1_393' title='bbox 1373 1797 1531 1830; x_wconf 88' lang='lat' dir='ltr'>medium</span> <span class='ocrx_word' id='word_1_394' title='bbox 1551 1796 1739 1830; x_wconf 85' lang='lat' dir='ltr'>traiectum</span> <span class='ocrx_word' id='word_1_395' title='bbox 1758 1796 1912 1828; x_wconf 90' lang='lat' dir='ltr'>duorum</span> <span class='ocrx_word' id='word_1_396' title='bbox 1931 1793 2120 1828; x_wconf 86' lang='lat' dir='ltr'>fluminum</span> 
     </span>
     <span class='ocr_line' id='line_1_86' title="bbox 1248 1848 1839 1894; baseline -0.003 -13"><span class='ocrx_word' id='word_1_397' title='bbox 1248 1848 1392 1889; x_wconf 88' lang='lat' dir='ltr'>Dirces,</span> <span class='ocrx_word' id='word_1_398' title='bbox 1420 1848 1482 1894; x_wconf 94' lang='lat' dir='ltr'>qui</span> <span class='ocrx_word' id='word_1_399' title='bbox 1499 1848 1649 1882; x_wconf 89' lang='lat' dir='ltr'>viridem</span> <span class='ocrx_word' id='word_1_400' title='bbox 1672 1859 1839 1892; x_wconf 89' lang='lat' dir='ltr'>campum</span> 
     </span>
     <span class='ocr_line' id='line_1_87' title="bbox 1246 1898 1663 1944; baseline 0.002 -11"><span class='ocrx_word' id='word_1_401' title='bbox 1246 1901 1339 1933; x_wconf 88' lang='lat' dir='ltr'>Ante</span> <span class='ocrx_word' id='word_1_402' title='bbox 1354 1898 1533 1934; x_wconf 89' lang='lat' dir='ltr'>Ismenum</span> <span class='ocrx_word' id='word_1_403' title='bbox 1559 1900 1663 1944; x_wconf 87' lang='lat' dir='ltr'>rigat.</span> 
     </span>
     <span class='ocr_line' id='line_1_88' title="bbox 1197 1949 1807 1998; baseline -0.007 -13"><span class='ocrx_word' id='word_1_404' title='bbox 1197 1950 1271 1986; x_wconf 84' lang='lat'>835</span> <span class='ocrx_word' id='word_1_405' title='bbox 1298 1951 1345 1985; x_wconf 86' lang='lat' dir='ltr'>Et</span> <span class='ocrx_word' id='word_1_406' title='bbox 1359 1950 1418 1992; x_wconf 84' lang='lat' dir='ltr'>Io,</span> <span class='ocrx_word' id='word_1_407' title='bbox 1447 1964 1538 1998; x_wconf 83' lang='lat' dir='ltr'>quae</span> <span class='ocrx_word' id='word_1_408' title='bbox 1557 1957 1707 1985; x_wconf 84' lang='lat' dir='ltr'>cornuta</span> <span class='ocrx_word' id='word_1_409' title='bbox 1727 1949 1807 1982; x_wconf 84' lang='lat' dir='ltr'>avia</span> 
     </span>
     <span class='ocr_line' id='line_1_89' title="bbox 1249 2002 1768 2047; baseline -0.004 -11"><span class='ocrx_word' id='word_1_410' title='bbox 1249 2004 1491 2036; x_wconf 87' lang='lat' dir='ltr'>Cadmeorum</span> <span class='ocrx_word' id='word_1_411' title='bbox 1510 2016 1610 2047; x_wconf 87' lang='lat' dir='ltr'>reges</span> <span class='ocrx_word' id='word_1_412' title='bbox 1626 2002 1768 2047; x_wconf 85' lang='lat' dir='ltr'>genuit,</span> 
     </span>
     <span class='ocr_line' id='line_1_90' title="bbox 1246 2054 1576 2088; baseline 0.003 -1"><span class='ocrx_word' id='word_1_413' title='bbox 1246 2054 1360 2088; x_wconf 86' lang='lat' dir='ltr'>Bonis</span> <span class='ocrx_word' id='word_1_414' title='bbox 1376 2055 1576 2088; x_wconf 89' lang='lat' dir='ltr'>innumeris</span> 
     </span>
     <span class='ocr_line' id='line_1_91' title="bbox 1247 2105 1772 2151; baseline 0 -13"><span class='ocrx_word' id='word_1_415' title='bbox 1247 2106 1337 2139; x_wconf 87' lang='lat' dir='ltr'>Aliis</span> <span class='ocrx_word' id='word_1_416' title='bbox 1355 2112 1462 2151; x_wconf 88' lang='lat' dir='ltr'>atque</span> <span class='ocrx_word' id='word_1_417' title='bbox 1481 2106 1559 2139; x_wconf 86' lang='lat' dir='ltr'>aliis</span> <span class='ocrx_word' id='word_1_418' title='bbox 1576 2105 1772 2138; x_wconf 84' lang='lat' dir='ltr'>cumulans.</span> 
     </span>
     <span class='ocr_line' id='line_1_92' title="bbox 1248 2155 1705 2191; baseline -0.007 0"><span class='ocrx_word' id='word_1_419' title='bbox 1248 2157 1382 2191; x_wconf 82' lang='lat' dir='ltr'>Civitas</span> <span class='ocrx_word' id='word_1_420' title='bbox 1399 2155 1488 2190; x_wconf 84' lang='lat' dir='ltr'>haec</span> <span class='ocrx_word' id='word_1_421' title='bbox 1505 2157 1542 2189; x_wconf 87' lang='lat' dir='ltr'>in</span> <span class='ocrx_word' id='word_1_422' title='bbox 1557 2156 1705 2190; x_wconf 85' lang='lat' dir='ltr'>summis</span> 
     </span>
     <span class='ocr_line' id='line_1_93' title="bbox 1196 2206 1813 2244; baseline -0.006 -1"><span class='ocrx_word' id='word_1_423' title='bbox 1196 2208 1271 2244; x_wconf 85' lang='grc'>840</span> <span class='ocrx_word' id='word_1_424' title='bbox 1298 2209 1403 2242; x_wconf 88' lang='lat' dir='ltr'>Stetit</span> <span class='ocrx_word' id='word_1_425' title='bbox 1422 2208 1643 2242; x_wconf 86' lang='lat' dir='ltr'>ornamentis</span> <span class='ocrx_word' id='word_1_426' title='bbox 1659 2206 1813 2240; x_wconf 78' lang='lat' dir='ltr'>Martiis.</span> 
     </span>
    </p>
   </div>
   <div class='ocr_carea' id='block_1_14' title="bbox 1197 2269 2197 2326">
    <p class='ocr_par' dir='ltr' id='par_1_14' title="bbox 1197 2269 2197 2326">
     <span class='ocr_line' id='line_1_94' title="bbox 1197 2269 2197 2326; baseline -0.006 -14"><span class='ocrx_word' id='word_1_427' title='bbox 1197 2276 1448 2326; x_wconf 50' lang='lat' dir='ltr'>[Tira-tias,</span> <span class='ocrx_word' id='word_1_428' title='bbox 1475 2278 1756 2315; x_wconf 80' lang='lat' dir='ltr'>Menoeceus,</span> <span class='ocrx_word' id='word_1_429' title='bbox 1793 2276 1951 2313; x_wconf 84' lang='lat' dir='ltr'>Creon,</span> <span class='ocrx_word' id='word_1_430' title='bbox 1988 2269 2197 2320; x_wconf 60' lang='lat' dir='ltr'>Chorus]</span> 
     </span>
    </p>
   </div>
   <div class='ocr_carea' id='block_1_15' title="bbox 1247 2333 2196 2523">
    <p class='ocr_par' dir='ltr' id='par_1_15' title="bbox 1251 2333 2109 2379">
     <span class='ocr_line' id='line_1_95' title="bbox 1251 2333 2109 2379; baseline -0.008 -7"><span class='ocrx_word' id='word_1_431' title='bbox 1251 2341 1325 2372; x_wconf 80' lang='lat' dir='ltr'>Tir.</span> <span class='ocrx_word' id='word_1_432' title='bbox 1355 2337 1486 2371; x_wconf 89' lang='lat' dir='ltr'>Ducito</span> <span class='ocrx_word' id='word_1_433' title='bbox 1505 2337 1670 2375; x_wconf 87' lang='lat' dir='ltr'>ulterius,</span> <span class='ocrx_word' id='word_1_434' title='bbox 1696 2334 1768 2367; x_wconf 88' lang='lat' dir='ltr'>filia</span> <span class='ocrx_word' id='word_1_435' title='bbox 1787 2333 1887 2379; x_wconf 91' lang='lat' dir='ltr'>(quia</span> <span class='ocrx_word' id='word_1_436' title='bbox 1907 2344 2010 2366; x_wconf 92' lang='lat' dir='ltr'>caeco</span> <span class='ocrx_word' id='word_1_437' title='bbox 2027 2333 2109 2377; x_wconf 91' lang='lat' dir='ltr'>pedi</span> 
     </span>
    </p>

    <p class='ocr_par' dir='ltr' id='par_1_16' title="bbox 1247 2384 1905 2430">
     <span class='ocr_line' id='line_1_96' title="bbox 1247 2384 1905 2430; baseline -0.008 -8"><span class='ocrx_word' id='word_1_438' title='bbox 1247 2389 1305 2423; x_wconf 93' lang='lat' dir='ltr'>Tu</span> <span class='ocrx_word' id='word_1_439' title='bbox 1322 2402 1356 2424; x_wconf 86' lang='lat' dir='ltr'>es</span> <span class='ocrx_word' id='word_1_440' title='bbox 1377 2389 1519 2428; x_wconf 85' lang='lat' dir='ltr'>oculus,</span> <span class='ocrx_word' id='word_1_441' title='bbox 1546 2388 1636 2421; x_wconf 87' lang='lat' dir='ltr'>sicut</span> <span class='ocrx_word' id='word_1_442' title='bbox 1651 2386 1750 2420; x_wconf 83' lang='lat' dir='ltr'>stella</span> <span class='ocrx_word' id='word_1_443' title='bbox 1769 2384 1905 2430; x_wconf 90' lang='lat' dir='ltr'>nautis)</span> 
     </span>
    </p>

    <p class='ocr_par' dir='ltr' id='par_1_17' title="bbox 1247 2435 2196 2523">
     <span class='ocr_line' id='line_1_97' title="bbox 1247 2435 2196 2484; baseline -0.005 -11"><span class='ocrx_word' id='word_1_444' title='bbox 1247 2440 1326 2475; x_wconf 88' lang='lat' dir='ltr'>Huc</span> <span class='ocrx_word' id='word_1_445' title='bbox 1364 2441 1400 2473; x_wconf 89' lang='lat' dir='ltr'>in</span> <span class='ocrx_word' id='word_1_446' title='bbox 1442 2440 1590 2484; x_wconf 88' lang='lat' dir='ltr'>planum</span> <span class='ocrx_word' id='word_1_447' title='bbox 1630 2449 1795 2482; x_wconf 84' lang='lat' dir='ltr'>campum</span> <span class='ocrx_word' id='word_1_448' title='bbox 1831 2435 2019 2480; x_wconf 87' lang='lat' dir='ltr'>vestigium</span> <span class='ocrx_word' id='word_1_449' title='bbox 2058 2446 2196 2480; x_wconf 85' lang='lat' dir='ltr'>ponens</span> 
     </span>
     <span class='ocr_line' id='line_1_98' title="bbox 1612 2501 1745 2523; baseline 0.008 -1"><span class='ocrx_word' id='word_1_450' title='bbox 1612 2501 1745 2523; x_wconf 72' lang='lat' dir='ltr'>ll‘lsssslss·</span> 
     </span>
    </p>
   </div>
   <div class='ocr_carea' id='block_1_16' title="bbox 1234 2584 2197 2656">
    <p class='ocr_par' dir='ltr' id='par_1_18' title="bbox 1234 2584 2197 2656">
     <span class='ocr_line' id='line_1_99' title="bbox 1234 2584 2197 2622; baseline -0.002 -9"><span class='ocrx_word' id='word_1_451' title='bbox 1234 2590 1282 2618; x_wconf 83' lang='grc'>61)</span> <span class='ocrx_word' id='word_1_452' title='bbox 1303 2590 1424 2619; x_wconf 78' lang='lat' dir='ltr'>inferus]</span> <span class='ocrx_word' id='word_1_453' title='bbox 1445 2590 1486 2614; x_wconf 81' lang='lat' dir='ltr'>sio</span> <span class='ocrx_word' id='word_1_454' title='bbox 1504 2591 1554 2614; x_wconf 87' lang='lat' dir='ltr'>Ed.</span> <span class='ocrx_word' id='word_1_455' title='bbox 1570 2591 1643 2614; x_wconf 81' lang='lat'>1558.</span> <span class='ocrx_word' id='word_1_456' title='bbox 1665 2590 1713 2622; x_wconf 73' lang='lat' dir='ltr'>(z</span> <span class='ocrx_word' id='word_1_457' title='bbox 1731 2589 1825 2618; x_wconf 81' lang='lat' dir='ltr'>Eurip.</span> <span class='ocrx_word' id='word_1_458' title='bbox 1846 2586 1859 2612; x_wconf 85' lang='grc' dir='ltr'>ὁ</span> <span class='ocrx_word' id='word_1_459' title='bbox 1879 2584 1949 2611; x_wconf 66' lang='grc' dir='ltr'>κατὰ</span> <span class='ocrx_word' id='word_1_460' title='bbox 1968 2585 2086 2619; x_wconf 73' lang='grc' dir='ltr'><strong><em>χθονός,</em></strong></span> <span class='ocrx_word' id='word_1_461' title='bbox 2104 2588 2197 2617; x_wconf 85' lang='lat' dir='ltr'>Barn.,</span> 
     </span>
     <span class='ocr_line' id='line_1_100' title="bbox 1268 2621 2086 2656; baseline -0.002 -9"><span class='ocrx_word' id='word_1_462' title='bbox 1268 2625 1392 2655; x_wconf 77' lang='lat' dir='ltr'>Musgr.,</span> <span class='ocrx_word' id='word_1_463' title='bbox 1412 2625 1489 2649; x_wconf 81' lang='lat' dir='ltr'>Fix.:</span> <span class='ocrx_word' id='word_1_464' title='bbox 1518 2624 1677 2656; x_wconf 79' lang='lat' dir='ltr'>infernus);</span> <span class='ocrx_word' id='word_1_465' title='bbox 1705 2624 1753 2648; x_wconf 81' lang='lat' dir='ltr'>Ed.</span> <span class='ocrx_word' id='word_1_466' title='bbox 1772 2623 1847 2648; x_wconf 78' lang='lat'><strong>1562.</strong></span> <span class='ocrx_word' id='word_1_467' title='bbox 1866 2623 1952 2646; x_wconf 85' lang='lat' dir='ltr'>mate:</span> <span class='ocrx_word' id='word_1_468' title='bbox 1981 2621 2086 2645; x_wconf 79' lang='lat' dir='ltr'>inferis.</span> 
     </span>
    </p>
   </div>
   <div class='ocr_carea' id='block_1_17' title="bbox 1229 2664 2196 2732">
    <p class='ocr_par' dir='ltr' id='par_1_19' title="bbox 1229 2664 2196 2732">
     <span class='ocr_line' id='line_1_101' title="bbox 1229 2664 2196 2697; baseline -0.001 -7"><span class='ocrx_word' id='word_1_469' title='bbox 1229 2665 1301 2697; x_wconf 67' lang='lat'>61³)</span> <span class='ocrx_word' id='word_1_470' title='bbox 1322 2667 1421 2696; x_wconf 85' lang='lat' dir='ltr'>decus]</span> <span class='ocrx_word' id='word_1_471' title='bbox 1441 2668 1481 2692; x_wconf 82' lang='lat' dir='ltr'>sic</span> <span class='ocrx_word' id='word_1_472' title='bbox 1500 2668 1582 2692; x_wconf 72' lang='lat' dir='ltr'>Editt.</span> <span class='ocrx_word' id='word_1_473' title='bbox 1603 2669 1726 2696; x_wconf 83' lang='lat' dir='ltr'>recent.;</span> <span class='ocrx_word' id='word_1_474' title='bbox 1762 2666 1844 2690; x_wconf 86' lang='lat' dir='ltr'>Editt.</span> <span class='ocrx_word' id='word_1_475' title='bbox 1862 2666 1955 2697; x_wconf 55' lang='lat'>1558„</span> <span class='ocrx_word' id='word_1_476' title='bbox 1985 2664 2059 2690; x_wconf 82' lang='lat'><strong>1562.</strong></span> <span class='ocrx_word' id='word_1_477' title='bbox 2079 2665 2196 2690; x_wconf 76' lang='lat' dir='ltr'>dedecua</span> 
     </span>
     <span class='ocr_line' id='line_1_102' title="bbox 1266 2699 1737 2732; baseline 0.004 -8"><span class='ocrx_word' id='word_1_478' title='bbox 1266 2703 1425 2732; x_wconf 85' lang='lat' dir='ltr'>(utrumque</span> <span class='ocrx_word' id='word_1_479' title='bbox 1445 2711 1477 2723; x_wconf 65' lang='grc' dir='ltr'>Ξ</span> <span class='ocrx_word' id='word_1_480' title='bbox 1496 2703 1591 2732; x_wconf 73' lang='lat' dir='ltr'>Eut-ip.</span> <span class='ocrx_word' id='word_1_481' title='bbox 1610 2699 1737 2729; x_wconf 71' lang='grc' dir='ltr'>ὄνειδος).</span> 
     </span>
    </p>
   </div>
   <div class='ocr_carea' id='block_1_18' title="bbox 1484 2736 1575 2773">
    <p class='ocr_par' dir='ltr' id='par_1_20' title="bbox 1484 2736 1575 2773">
     <span class='ocr_line' id='line_1_103' title="bbox 1484 2736 1575 2773; baseline -0.022 0"><span class='ocrx_word' id='word_1_482' title='bbox 1484 2736 1575 2773; x_wconf 68' lang='lat'>27*</span> 
     </span>
    </p>
   </div>
  </div>
 </body>
</html>
