2373 2980
239 93 282 127 11
811 90 934 125 PHIL.
966 88 1078 123 MEL.
1112 86 1313 123 SCRIPTA
1345 85 1681 124 PHILOLOGICA.
2213 89 2262 126 12

363 179 475 205 Textus
498 185 619 215 graecus
642 175 724 204 huius
749 175 813 204 libri
835 176 871 203 ad
895 175 1052 203 editionem
1083 173 1216 202 loacliimi
1239 174 1398 202 Camerarii
1428 173 1544 211 quidem
1572 172 1753 210 descript-¹5,
1791 178 1820 201 at
1841 181 1858 200 a
1891 172 2107 211 typothetarum
2137 173 2260 212 mendis,

241 220 343 257 quibus
366 220 416 248 illa
439 219 600 247 deformata
623 218 737 253 suerat,
767 223 907 256 purgatus
931 222 984 245 est.

1029 217 1074 244 De
1087 216 1284 245 Melanthonis
1306 215 1565 254 interpretatione,
1594 221 1734 252 quantum
1756 224 1772 242 a
1789 214 1948 244 Camerarii
1971 217 2105 245 versione
2127 215 2256 254 differat,

239 271 325 300 snpra
340 272 368 300 p.
384 261 413 291 9.
433 268 499 289 uota
507 261 551 299 “)
568 261 636 290 dixi.
652 274 691 281 —-
719 259 850 297 Epistola
863 259 1071 297 nuncupatoria
1086 259 1123 286 ad
1139 259 1286 287 Ebueruin
1301 259 1355 286 iam
1370 259 1446 286 inter
1462 258 1533 286 Mel.
1552 257 1690 294 epistolas
1705 257 1732 284 in
1750 257 1834 284 liuius
1849 258 1937 295 Corp.
1952 257 2082 288 Reform.
2099 259 2168 288 Vol.
2180 259 2257 288 Vlll.

238 314 268 341 p.
284 303 323 333 61
341 314 404 342 sqq.
424 304 489 331 data
513 310 574 339 est,
596 312 612 330 a
636 303 714 330 cuius
736 302 833 330 verbis
854 307 952 329 autem
976 301 1046 329 haec
1069 301 1156 329 editio
1181 311 1236 330 uno
1260 302 1322 329 loco
1345 300 1507 338 discrepat,
1532 308 1639 336 nempe
1663 309 1692 336 p.
1707 297 1759 328 62.
1785 299 1834 327 lin.
1849 297 1902 328 36.
1920 299 2009 337 Coi-p.
2032 301 2168 330 exhibet:
2191 311 2255 329 ma-

238 346 363 383 nist-sto,
386 346 457 374 haec
477 352 573 373 autem
589 345 643 372 Ed.
666 345 678 381 (
704 344 833 379 [Select.
848 343 1022 373 Declamau.
1036 343 1274 372 Melanth.Tom.
1290 343 1354 378 lv„
1377 343 1405 370 in
1428 352 1484 380 quo
1508 342 1578 370 item
1602 342 1728 379 legitur,
1751 347 1782 369 ut
1804 342 1832 370 in
1856 342 1919 370 eius
1938 340 1994 371 Ed.
2016 344 2137 381 Argent.
2161 342 2254 374 1566.

238 398 266 426 p.
279 387 340 419 3-ss
357 388 436 427 sqq.)
462 388 563 416 habet:
592 384 779 426 mutilena-2

392 498 549 523 Ptolemaei
569 497 688 521 Centum
706 495 882 527 Aphorismi,
907 501 972 519 cum
991 494 1202 519 Commentario
1221 492 1339 522 Geor-aii
1358 491 1556 522 Trapezuntit'.

852 530 974 554 Additus
993 530 1035 553 est
1056 529 1114 552 ΙυΙι.
1136 528 1260 552 Ροιιίαιιί
1281 527 1438 557 Dialogus,
1472 527 1614 557 quotenus
1632 527 1803 551 credendum
1821 527 1861 550 sit
1880 526 2075 556 Astrolofiae.

442 538 545 563 yon-um
564 531 642 555 indic
655 538 673 555 a
691 531 811 562 saltant.

1601 490 1738 516 Eiusdem
1764 491 1797 516 de
1815 491 1976 521 Antis-ciis,
2004 492 2032 516 et
2049 497 2104 516 cur
2122 493 2258 518 Astrolo-

2120 527 2258 553 Coloniae

440 566 597 591 excutiebat
613 565 755 589 Iohannes
768 565 927 593 Gymnicus.
962 562 1129 588 MDXLH'.
1161 562 1186 586 8.
1212 562 1266 584 vid.
1283 560 1436 585 Hoffmann.
1455 561 1505 586 l.l.
1526 560 1622 590 μῶυ-ι.
1656 560 1799 584 Fabricius
1815 560 1883 584 Bibl.
1903 565 2006 591 graeca
2024 560 2088 584 Vol.
2106 561 2141 585 V.
2160 568 2185 592 p.
2198 562 2259 588 289.

444 606 493 631 pro
512 600 554 624 his
572 599 676 624 duabus
696 598 858 624 editionibus
877 600 1009 622 memorat
1027 597 1225 622 Basiteensem
1244 596 1320 619 1550.

235 814 530 852 CLAUDII
563 811 1531 857 PTOLEMAEIMATHEMATICI,
1559 809 1818 848 OPERIS
1844 811 1924 847 DE
1952 810 2262 848 IUDICIIS

755 880 1219 919 ASTROLOGICIS
1251 879 1420 915 LIBRI
1453 877 1745 925 QUATUOR

670 950 943 980 PHILIPPO
979 947 1367 979 MELANTHONE
1402 945 1824 986 INTERPRETE1).

1042 1042 1204 1071 LIBER
1237 1040 1449 1070 PRIMUS.

232 1135 334 1190 Duo
351 1161 431 1188 sunt
445 1154 552 1199 Syre,
580 1166 643 1198 per
670 1165 760 1199 quae
788 1151 1048 1197 praedictiones
1074 1151 1224 1184 astrolo-
1274 1151 1348 1185 Aut
1371 1150 1486 1190 enim,
1521 1150 1604 1195 quia
1630 1151 1832 1184 coniectura
1858 1150 1895 1183 in
1917 1150 2094 1197 aliquibus
2117 1151 2268 1185 difficilis

233 1208 328 1252 gicae
347 1212 578 1245 extruuntur,
605 1204 794 1250 praecipua
812 1210 845 1236 et
868 1203 1034 1236 maxima.
1089 1202 1222 1243 Unum,

234 1259 330 1305 quod
349 1258 504 1302 primuni
528 1257 653 1289 ordine
677 1262 748 1295 est,
783 1261 817 1287 et
840 1260 1034 1298 potestate,
1068 1266 1139 1299 qno
1164 1255 1222 1287 de-

233 1308 485 1355 prehendimus
504 1308 662 1353 quolibet
682 1313 841 1350 tempore
861 1312 978 1338 motus
998 1305 1089 1338 Solis
1108 1304 1223 1339 etLu-

232 1374 299 1394 nae
317 1368 349 1393 et
366 1360 516 1393 aliorum
536 1359 712 1398 siderum,
750 1369 946 1402 eorumque
970 1357 1106 1400 positus
1131 1357 1223 1389 inter

233 1425 324 1451 sese,
353 1418 412 1444 aut
428 1417 624 1456 spectantes
641 1416 785 1443 terram.
837 1408 998 1441 Alterum
1018 1420 1122 1449 vero,
1151 1421 1222 1453 quo

233 1463 468 1503 mutationes,
495 1474 585 1507 quae
605 1460 804 1494 efficiuntur
823 1459 859 1491 in
877 1459 1104 1503 corporibus,
1133 1471 1223 1504 qnae

234 1520 435 1558 congruunt
453 1514 497 1546 ad
516 1513 594 1546 illos
609 1512 742 1556 positus
754 1538 763 1552 ,
799 1511 1065 1544 consideramus
1082 1523 1145 1554 per
1161 1523 1223 1543 na-

233 1566 363 1599 turales
381 1565 568 1611 qualitates
586 1564 754 1597 siderum.
813 1562 930 1607 Atque
947 1560 1075 1594 harum
1095 1562 1224 1595 doctri-

233 1630 361 1650 narum
382 1617 481 1660 prior
497 1613 604 1648 habet
620 1614 803 1659 propriam
824 1619 954 1653 artem,
990 1613 1127 1647 etiamsi
1146 1614 1224 1647 finis

233 1668 406 1703 secundae
425 1667 555 1711 partis,
582 1678 671 1712 quae
694 1665 871 1710 sequitur,
906 1677 981 1697 non
1007 1665 1156 1703 accedit;
1193 1671 1226 1697 et

233 1719 381 1765 proprio
398 1719 488 1751 libro
509 1718 572 1751 tibi
590 1717 759 1761 explicata
779 1722 849 1755 est,
878 1722 1050 1761 quantum
1067 1716 1143 1749 fieri
1162 1729 1225 1760 po-

235 1771 322 1811 tuit,
348 1770 495 1814 prolatis
514 1767 890 1802 demonstrationibus.

336 1830 439 1864 Nunc
458 1841 540 1861 vero
557 1830 599 1861 de
622 1829 773 1862 secunda
799 1833 900 1871 parte
924 1839 998 1859 non
1026 1833 1098 1859 tam
1123 1828 1223 1859 firma

235 1889 268 1915 et
286 1882 437 1926 perfecta
454 1880 630 1919 dicemus,
658 1880 766 1912 modo
784 1879 1059 1911 adcommodato
1076 1879 1119 1910 ad
1148 1876 1225 1922 phi-

235 1930 457 1976 losophiam,
485 1937 590 1976 atque
609 1931 655 1962 ita
683 1937 722 1963 ut
745 1942 860 1975 neque
888 1931 1046 1962 conserat
1072 1930 1145 1963 eius
1171 1941 1226 1961 ar-

235 1990 420 2028 gumenta,
449 1995 573 2015 amans
592 1982 770 2021 veritatis,
799 1982 842 2013 ad
865 1981 1112 2014 certitudinem
1140 1981 1225 2013 altc-

235 2035 308 2068 rius
323 2035 491 2066 immotae
509 2033 710 2073 doctrinae,
746 2045 824 2066 cum
851 2033 1018 2076 cogitabit
1043 2032 1226 2065 imbecilli-

235 2092 345 2119 tatem
363 2097 588 2118 communem
613 2091 647 2117 et
670 2084 910 2117 difficultatem
937 2084 1159 2116 coniectandi
1183 2084 1225 2116 de

235 2137 404 2170 materiae
420 2135 664 2182 qualitatibus3
697 2148 812 2180 neque
829 2141 948 2168 tamen
965 2136 1126 2180 desperet
1143 2147 1226 2167 con-

234 2189 508 2227 siderationem,
537 2193 710 2232 quantum
731 2186 907 2230 possibilis
931 2192 999 2226 est,
1033 2199 1112 2220 cum
1136 2186 1226 2219 mul-

235 2247 289 2273 tos
306 2245 451 2272 eventus
468 2238 624 2283 potiores
636 2265 644 2278 ,
673 2250 712 2271 ac
729 2237 874 2271 maioris
892 2238 1082 2278 momenti,
1110 2238 1147 2270 in
1164 2249 1226 2270 na-

235 2297 314 2323 tura
332 2302 454 2323 rernm
473 2290 657 2322 manifeste
677 2295 848 2334 appareat
867 2289 953 2321 oriri
977 2301 995 2321 a
1018 2301 1121 2323 causa
1148 2301 1225 2322 coe-

235 2341 323 2374 lesti.
371 2341 467 2375 Solet
483 2346 601 2373 autem
617 2341 712 2381 fieri,
738 2346 777 2373 ut
792 2346 884 2374 artes
899 2340 1114 2374 difficiliores
1131 2340 1227 2384 vulgi

235 2392 374 2426 indiciis
397 2392 653 2436 vituperentur.
722 2392 758 2424 Si
784 2391 861 2437 quis
884 2398 999 2424 autem
1025 2392 1224 2424 doctrinam

236 2443 354 2483 illam,
393 2456 499 2488 quain
534 2442 606 2476 dixi
637 2442 792 2487 priorem
824 2455 896 2476 esse
923 2444 1046 2475 ordine
1071 2450 1105 2475 et
1128 2450 1226 2487 pote-

236 2501 345 2534 state,
385 2494 643 2533 calumniatur,
683 2494 788 2538 plane
822 2506 944 2527 caecus
973 2494 1226 2528 existimandus

238 2552 299 2579 est.
367 2545 434 2578 Sed
458 2543 544 2579 haec
568 2545 676 2578 altera
702 2545 837 2578 facilius
861 2543 1073 2589 reprehendi
1099 2552 1226 2590 potest.

274 2662 302 2692 1)
324 2664 394 2686 Haec
414 2663 556 2692 inscriptio
577 2662 759 2686 Melanthonis
786 2662 1005 2692 interpretaioni
1031 2663 1152 2693 proxime
1178 2670 1227 2686 su-

307 2699 446 2727 perposita
465 2701 517 2721 cst.

1277 1208 1347 1242 est,
1373 1213 1519 1245 prorsus
1534 1201 1666 1234 incerta
1691 1202 1830 1235 dicitur.
1890 1201 1981 1242 Alii,
2016 1203 2099 1247 quia
2126 1203 2266 1236 decreta

1276 1253 1382 1285 vitari
1404 1264 1479 1285 non
1500 1259 1667 1296 possunt,
1707 1252 1971 1286 calumniantur
1995 1264 2073 1286 eam
2096 1259 2269 1299 tanquam

1276 1304 1450 1338 inutilem.
1505 1303 1724 1337 Conabimur
1742 1316 1825 1348 ergo
1842 1304 1998 1337 breviter
2013 1310 2095 1337 ante
2114 1304 2271 1348 particu-

1276 1356 1386 1388 larem
1404 1361 1676 1399 praeceptorum
1696 1355 1940 1389 recitationem
1967 1356 2156 1396 disserere,
2185 1368 2272 1401 qua-

1277 1413 1378 1440 tenus
1404 1412 1438 1438 et
1462 1406 1639 1450 possibilis
1660 1406 1726 1447 sit,
1767 1413 1801 1439 et
1823 1407 1918 1440 utilis
1942 1406 2151 1451 praedictio,
2219 1406 2270 1440 Ac

1276 1458 1432 1502 primum
1450 1458 1492 1490 de
1512 1457 1683 1501 possibili.

1279 1544 1372 1584 Quod
1413 1543 1459 1575 sit
1497 1542 1611 1587 aliqua
1660 1544 1927 1585 praedictionum
1969 1544 2270 1578 astronomicarum

1422 1595 1565 1627 seientia
1585 1598 1617 1627 et
1644 1606 1808 1640 quousque
1827 1595 1987 1638 proyredi
2007 1595 2124 1637 possit.

1381 1651 1563 1696 Principio
1582 1653 1883 1686 evidentissimum
1904 1660 1973 1694 est,
1997 1660 2031 1687 et
2045 1666 2120 1686 non
2138 1653 2273 1698 indiget

1279 1703 1427 1737 verbosa
1451 1704 1742 1745 confirmatione,
1770 1705 1923 1738 diffundi
1948 1705 2018 1737 vim
2045 1707 2225 1750 quandam
2253 1718 2272 1738 a

1279 1755 1376 1787 coelo
1402 1755 1438 1787 in
1463 1755 1602 1795 omnia,
1647 1768 1737 1800 quae
1763 1756 1853 1789 circa
1878 1763 2010 1789 terrain
2038 1763 2140 1798 sunt,
2177 1763 2211 1790 et
2235 1757 2273 1789 in

1278 1812 1442 1839 naturam
1461 1806 1719 1840 mutationibus
1737 1808 1940 1847 obnoxiam,
1968 1807 2132 1841 videlicet
2147 1808 2184 1841 in
2201 1809 2274 1853 pri-

1279 1870 1335 1890 ma
1358 1858 1551 1897 elementa,
1580 1870 1670 1903 quae
1688 1859 1752 1891 sub
1768 1858 1869 1892 Luna
1895 1866 1994 1892 sunt:
2031 1859 2068 1892 in
2095 1859 2213 1904 ignem
2239 1866 2274 1893 et

1279 1922 1417 1950 aerem,
1446 1921 1536 1954 quae
1555 1909 1643 1942 coeli
1662 1910 1817 1943 motibus
1843 1910 2044 1954 agitantur,
2076 1917 2110 1943 et
2134 1911 2273 1957 reliqna

1279 1960 1448 1993 inferiora
1466 1960 1667 2000 continent,
1693 1967 1727 1994 et
1742 1961 1911 1995 adficiunt
1926 1968 2058 1995 terram
2078 1968 2112 1995 et
2126 1974 2272 2008 aquam,

1279 2013 1418 2057 plantas
1439 2018 1473 2045 et
1489 2011 1696 2046 animantia.
1746 2012 1837 2046 Nam
1859 2020 1894 2046 et
1908 2013 1969 2046 Sol
1983 2026 2054 2047 una
2074 2025 2153 2047 cum
2172 2014 2270 2047 coelo

1279 2076 1417 2108 semper
1442 2063 1545 2096 aliter
1570 2063 1676 2096 afficit
1698 2065 1899 2105 terrestria,
1938 2077 2012 2098 non
2034 2065 2148 2099 solum
2174 2065 2271 2098 iuxta

1280 2122 1435 2161 quatuor
1451 2115 1542 2148 vices
1560 2114 1664 2154 anni,
1693 2127 1772 2148 cum
1795 2116 1922 2161 quibus
1946 2122 2147 2160 congruunt
2169 2128 2274 2160 gene-

1279 2167 1436 2200 rationes
1470 2166 1727 2206 animantium,
1769 2168 1971 2211 plantarum
2002 2167 2272 2209 foecunditates,

1280 2230 1456 2264 aquarum
1480 2217 1593 2251 fluxus
1617 2224 1650 2250 et
1674 2230 1865 2262 corporum
1883 2219 2116 2258 mutationes;
2147 2231 2271 2253 verum

1280 2271 1386 2302 etiam
1404 2269 1614 2315 quotidiano
1634 2268 1782 2303 circuitu
1800 2270 2022 2311 calefaciens,
2049 2269 2271 2312 humectans,

1280 2321 1458 2355 desiccans
1483 2327 1516 2353 et
1540 2320 1753 2364 refrigerans
1780 2328 1874 2356 certo
1907 2322 2052 2362 ordine,
2095 2328 2129 2355 et
2160 2324 2270 2356 modo

1280 2372 1513 2406 conveniente
1531 2372 1676 2406 caeteris
1691 2373 1799 2407 stellis
1817 2379 1850 2406 et
1866 2380 1988 2408 nostro
2005 2373 2163 2407 verticali
2181 2386 2272 2418 pun-

1280 2431 1347 2457 cto.
1401 2423 1539 2456 Lunam
1560 2435 1664 2464 vero,
1690 2430 1729 2457 ut
1748 2425 1947 2469 proximam
1967 2430 2095 2464 terrae,
2122 2424 2269 2458 influere

1280 2476 1316 2508 in
1331 2483 1484 2514 terrena,
1501 2481 1647 2519 apparet
1666 2487 1719 2516 eo,
1742 2477 1837 2521 quod
1855 2477 2006 2521 plurima
2024 2476 2218 2509 animantia
2238 2482 2273 2509 et

1280 2527 1475 2560 inanimata
1499 2526 1657 2560 sentiunt
1679 2527 1750 2559 vim
1776 2528 1921 2562 luminis
1943 2540 1984 2560 ac
2007 2533 2124 2561 motus
2150 2527 2270 2571 ipsius.

1279 2578 1444 2611 Flumina
1476 2584 1637 2611 crescunt
1670 2585 1704 2611 et
1738 2579 1944 2613 decrescunt
1974 2590 2044 2611 nna
2070 2591 2148 2611 cum
2174 2579 2270 2623 ipsa;

1280 2630 1466 2662 imitantur
1484 2629 1556 2662 cius
1576 2636 1691 2662 ortum
1712 2636 1745 2662 et
1770 2642 1951 2671 occasum,
1986 2630 2095 2663 maris
2116 2630 2269 2663 refluxus

1281 2681 1495 2718 etaltlnxi153
1535 2681 1677 2724 plantae
1701 2687 1733 2713 et
1759 2682 1973 2721 animantia,
2008 2681 2063 2713 vel
2087 2687 2180 2720 tota,
2216 2680 2270 2713 vel
