2373 2980
186 112 257 148 175

283 198 398 230 Porro
431 207 510 228 cum
545 194 602 226 illa
636 191 886 225 dissimilitudo
921 190 1173 224 obscuritatem

181 249 316 294 pariat,
344 254 377 280 et
395 246 585 278 maximum
606 243 730 275 vitium
751 241 923 275 orationis
947 242 991 275 sit
1016 241 1173 275 obscuri-

181 307 254 337 tas,
283 299 360 344 quis
375 298 441 330 tale
460 294 599 328 dicendi
617 305 726 337 genus
744 305 817 326 uon
839 292 977 326 oderit?
1005 293 1083 338 quis
1099 304 1173 324 non

180 351 385 394 fugiendum
405 346 508 383 velis,
537 352 575 378 ut
592 346 637 377 ita
658 345 796 384 dicam,
831 351 864 377 et
888 344 995 377 remis
1018 343 1173 377 sentiat?

181 402 281 445 Quae
298 411 375 431 cum
400 398 445 429 ila
470 396 559 436 siut,
593 395 672 441 quis
694 407 767 428 non
793 396 947 429 fateatur
967 395 1077 428 satius
1100 407 1173 428 esse

179 462 310 495 paucos
341 448 550 491 scriptores,
591 448 651 480 sed
682 446 837 490 optimos
873 446 1022 480 subinde
1047 447 1173 489 legere,

180 513 310 546 eosque
328 498 625 532 familiarissimos
641 498 744 531 nobis
761 498 888 536 facere,
916 510 1023 543 quam
1043 497 1173 529 tumul-

180 553 296 586 [uaria
340 550 490 583 lectione
536 561 599 593 per
635 548 754 581 omnia
792 548 1001 593 bibliopolia
1039 547 1174 591 vagari,

179 601 387 648 praesertim
413 614 491 634 cum
517 599 585 634 boc
615 600 693 633 vitii
726 598 856 633 babeat
884 612 924 632 ea
955 611 1029 637 res,
1069 605 1108 632 ut
1139 598 1172 627 in

178 655 310 687 multos
327 653 440 686 malos
458 653 566 685 libros
583 663 690 695 opera
717 652 928 688 collocetur,
960 651 1054 681 unde
1078 646 1174 678 velut

179 705 391 748 contagione
409 710 470 737 aut
485 715 614 747 pravas
641 702 847 745 opiniones,
882 705 943 732 aut
965 703 1171 741 corruptum

177 755 353 791 sermonis
369 767 478 797 genus
495 750 704 791 contrahas,
732 764 823 796 quae
849 757 969 794 postea
997 749 1173 782 dediscere

178 806 345 841 immensi
363 805 497 849 negotii
514 810 584 843 est,
612 803 819 848 praesertim
839 802 867 835 si
885 801 1002 835 statim
1029 802 1117 833 rude
1141 805 1173 832 et

178 870 301 892 recens
319 857 501 900 ingenium
527 854 736 888 infecerint?
791 854 883 888 Nam
909 853 937 886 si
962 858 1079 884 motus
1098 862 1174 883 cor-

179 910 277 954 poris
289 908 448 947 vitiosus,
465 907 605 951 qualem
623 907 659 938 in
668 906 873 940 Alexandro
890 901 1175 946 notavernnlffl),

179 959 435 993 cousuetudine
460 960 626 996 duratus,
670 956 801 999 corrigi
834 961 954 999 postea
990 954 1085 986 nulla
1120 965 1176 985 ra-

179 1012 276 1044 tione
295 1016 430 1053 potest,
458 1021 549 1053 quae
571 1020 649 1052 spes
674 1012 725 1040 est
748 1019 789 1039 ex
813 1006 934 1038 animo
960 1004 1176 1048 perniciosas

180 1061 385 1106 opiniones,
415 1072 494 1092 cum
522 1059 591 1091 iam
617 1059 686 1090 alte
710 1057 847 1090 radices
871 1061 1039 1099 egerunt,
1074 1054 1175 1087 evelli

178 1125 302 1158 posse,
330 1117 392 1144 aut
411 1110 594 1143 emendari
611 1108 785 1143 sermonis
803 1107 908 1147 vilia,
937 1118 1090 1151 quorum
1115 1118 1176 1137 na-

180 1171 298 1197 turam
322 1162 386 1195 tibi
410 1161 558 1195 seceris?
611 1160 738 1193 Danda
768 1159 876 1202 igitur
901 1170 1009 1201 opera
1033 1163 1083 1189 est
1107 1163 1176 1190 sta-

180 1216 266 1255 tim,
294 1220 333 1248 ut
352 1213 495 1257 optimis
512 1212 735 1250 imbuamur,
760 1216 792 1242 et
818 1209 965 1254 perinde
990 1214 1095 1253 atque
1119 1219 1177 1240 ve-

180 1278 273 1299 nena
294 1265 449 1297 cavenda
467 1269 550 1296 sunt
570 1268 604 1295 et
627 1261 752 1306 procul
771 1261 944 1299 arcenda,
980 1271 1071 1305 quae
1095 1264 1178 1292 sunt

180 1315 325 1361 optimis
343 1313 539 1348 dissimilia.
585 1312 730 1346 Habetis
749 1312 817 1344 mei
834 1310 972 1345 consilii
988 1311 1178 1349 rationem,

181 1380 261 1405 cur,
303 1373 343 1399 ut
370 1365 519 1411 quisque
546 1371 650 1398 autor
673 1363 829 1408 optimus
856 1368 927 1403 est,
970 1362 1018 1394 ita
1048 1361 1178 1405 saepis-

180 1417 326 1463 simeffi)
352 1417 580 1460 relegendum
607 1428 680 1449 esse
703 1415 919 1453 existimem,
960 1413 1058 1458 quod
1085 1412 1179 1458 quis-

182 1470 261 1515 quis
283 1469 502 1513 sequendum
520 1467 567 1513 34)
594 1466 721 1511 sibim)
744 1477 817 1499 esse
842 1464 1045 1510 statuit³⁶),
1087 1464 1116 1496 is
1141 1475 1179 1495 re

182 1521 257 1565 ipsa
278 1519 497 1563 experietur,
524 1529 635 1551 unam
650 1515 742 1550 hanc
760 1528 832 1550 esse
853 1517 898 1548 ad
922 1515 1073 1548 solidam
1101 1526 1180 1547 eru-

181 1572 355 1605 ditionem
380 1569 660 1613 comparandam
687 1567 804 1608 viam,
838 1567 992 1599 aliorum
1017 1578 1102 1598 vcro
1130 1566 1179 1597 la-

181 1622 330 1656 boribus
357 1633 398 1653 ac
427 1620 555 1664 vigiliis
583 1620 737 1653 fructum
772 1618 920 1651 minime
952 1617 1180 1661 respondere.

183 1675 253 1708 Sed
284 1685 363 1706 cum
387 1672 584 1705 Hesiodum
618 1682 758 1715 semper
790 1669 986 1704 doctissimi
1017 1666 1180 1701 homines

183 1724 331 1770 plurimi
347 1723 514 1762 fecerint,
549 1734 591 1755 ex
609 1734 650 1755 eo
668 1734 796 1765 genere
814 1727 981 1755 autorum
1001 1717 1089 1752 mibi
1107 1731 1180 1752 esse

183 1776 279 1809 visus
296 1781 364 1815 est,
388 1774 541 1820 quinon
558 1774 668 1806 semel
691 1779 829 1806 tantum
854 1771 1064 1816 inspiciendi
1086 1776 1180 1804 sunt.

184 1827 306 1872 Quare
324 1838 426 1865 eum,
462 1836 680 1870 quamquam
703 1836 778 1856 non
800 1824 905 1868 plane
931 1823 1092 1867 ignotum
1119 1834 1180 1854 vo-

183 1878 258 1918 bis,
285 1877 513 1920 relegendum
531 1876 679 1920 sumpsi.
714 1875 838 1920 Neque
854 1887 972 1908 meum
992 1873 1178 1907 consilium

184 1926 473 1974 reprehendetis,
514 1927 664 1972 opinor,
704 1927 733 1960 si
766 1925 986 1970 cogitabitis,
1029 1930 1180 1970 quantas

185 1980 375 2020 utilitates,
402 1979 542 2012 tametsi
560 1978 705 2021 exiguus
721 1978 879 2018 libellus,
907 1977 1044 2010 adferre
1062 1982 1180 2021 queat,

185 2031 232 2065 Et
250 2031 332 2076 quia
352 2030 529 2075 principio
547 2030 584 2062 in
602 2029 768 2062 omnibus
790 2028 942 2072 negotiis
964 2028 1179 2062 constituen-

256 2148 395 2173 lie.l,3l.,
416 2148 494 2169 serv.
513 2145 548 2168 ad
566 2144 646 2172 Virg.
662 2145 729 2168 Aen.
749 2143 823 2172 thl,
840 2143 897 2169 130,
917 2144 945 2166 et
965 2142 1068 2173 Pauly:
1088 2143 1179 2166 Beat-

256 2182 371 2210 Eneyel.
397 2181 420 2203 tl.
448 2181 530 2203 class.
557 2179 673 2202 Altertli.
695 2179 742 2203 111.
772 2186 795 2206 p.
815 2178 876 2202 250.
896 2191 930 2194 ——
966 2178 1031 2201 Cuni
1060 2178 1179 2201 Evandri

257 2218 346 2239 matre
368 2214 457 2244 loqui,
488 2214 531 2236 est
549 2213 659 2243 antique
678 2215 704 2235 et
725 2213 848 2236 obsoleto
866 2212 955 2242 loqui,
981 2212 1051 2236 Geli.
1072 2212 1092 2241 1,
1114 2212 1152 2235 10.

221 2265 268 2295 ³2)
290 2267 345 2289 Hoc
360 2267 489 2295 spectare
504 2264 612 2287 videtur
625 2264 658 2287 ad
666 2263 816 2288 Alexandri
830 2263 922 2293 Magni
938 2263 1091 2293 cervicem,
1112 2270 1180 2292 (piae

257 2300 291 2323 ad
310 2301 417 2323 laevam
436 2300 546 2328 paulum
571 2299 731 2322 acclinatior
756 2299 834 2329 erat,
866 2298 919 2320 vid.
944 2297 1080 2321 Plutarch.
1102 2299 1179 2322 Alex.

259 2340 281 2356 e.
297 2336 319 2356 4.
340 2348 371 2352 --
409 2334 477 2356 Huic
495 2334 554 2356 loco
574 2333 602 2356 in
623 2332 704 2357 Editt.
727 2333 819 2362 1559.,
841 2332 915 2354 1564.
931 2333 974 2360 Α..
997 2332 1082 2361 1570.,
1105 2332 1179 2356 1557.

257 2367 395 2396 adscripta
415 2370 456 2390 cst
473 2369 539 2390 nota
557 2363 688 2397 margin:
717 2366 891 2391 Consuetudo
911 2366 1014 2389 vitiosa
1033 2366 1122 2389 durat.

223 2416 270 2447 ³3)
291 2416 467 2446 saepissime]
498 2417 537 2439 sie
562 2417 645 2440 Editt.
669 2417 758 2445 1532..
780 2416 915 2447 1541.A.,
936 2416 1011 2441 ¹541.
1029 2416 1074 2447 13„
1095 2416 1180 2445 1544„

259 2452 345 2476 1559..
367 2451 450 2475 1562„
471 2450 598 2477 156⁴.A.,
620 2452 705 2481 1570„
727 2451 819 2482 1587.;
845 2450 928 2474 Editt.
946 2450 1072 2480 ¹5⁴1.F.,
1096 2450 1180 2481 1552,

259 2485 333 2508 156⁴.
348 2486 395 2511 L..
416 2484 507 2513 1569„
528 2485 618 2515 1581„
640 2485 713 2508 1591.
733 2491 824 2514 saepe.

222 2535 270 2567 34)
291 2535 472 2565 sequendum]
492 2534 540 2557 Ed.
558 2534 631 2560 1557.
651 2541 748 2558 errore
767 2537 895 2565 typogr.z
923 2533 1082 2558 secundum.

222 2587 270 2617 35)
290 2586 356 2614 sibi]
377 2587 402 2609 in
424 2586 506 2610 Editt.
527 2585 664 2616 1564.12.,
684 2586 777 2616 1569..
797 2586 871 2610 1581.
891 2586 976 2609 deest.

223 2637 412 2677 nco-statuet]-
428 2635 468 2658 sie
487 2634 670 2676 Μαι-1932,
691 2635 817 2674 iqua„
830 2636 912 2676 jan.
925 2636 964 2666 9.,
987 2635 1073 2679 1543,
1094 2636 1180 2677 mss„

260 2671 335 2728 {33}ss
344 2668 899 2734 ’11.i⁰i;s9¹i,'¹5i³ii?'i5gflbgizituiissd¹tt'
926 2670 1000 2694 ¹5st
1014 2670 1062 2700 ι’
1094 2671 1180 2702 “²³⁷⁰

762 105 884 140 Pfflh.
917 103 1029 140 MEL.
1062 101 1265 138 SCRIPTA
1298 101 1634 138 PHILOLOGICA.

2149 105 2223 140 176

1226 189 1310 222 dum
1330 194 1400 227 est,
1429 201 1518 235 quae
1535 188 1669 222 utilitas
1686 199 1728 221 ex
1743 200 1963 234 unoquoque
1977 199 2106 232 genere
2123 188 2223 223 labo-

1226 240 1274 273 ris
1298 246 1459 284 petatur,
1500 252 1565 272 nos
1591 251 1735 284 quoque
1759 240 2004 279 monebimus,
2048 239 2135 284 quid
2165 252 2224 274 ex-

1227 297 1368 335 pectare
1385 304 1425 324 ae
1449 291 1607 334 flagitare
1633 290 1813 322 conunodi
1839 302 1880 323 ex
1897 291 2045 324 Hesiodi
2071 290 2222 324 lectione

1226 342 1395 375 debeatis.
1438 341 1499 375 Est
1518 341 1611 374 enim
1631 353 1671 374 ex
1687 340 1853 374 omnibus
1871 342 2055 375 autoribus
2073 342 2130 375 vel
2146 354 2224 375 ver-

1226 394 1354 426 borum
1374 393 1428 425 vel
1445 405 1564 425 rerum
1582 391 1727 425 scientia
1746 393 1910 435 petenda.
1963 393 2138 427 Hesiodus
2161 405 2223 426 au-

1229 451 1298 476 tem
1336 444 1471 477 Graece
1506 442 1721 475 discentibus
1755 454 1924 486 magnum
1964 445 2223 477 vocabulorum

1228 507 1415 527 numerum
1436 492 1710 539 suppeditatffl).
1772 492 1818 526 Et
1835 493 2005 539 quoniam
2025 495 2153 528 alicubi
2170 493 2224 528 hi-

1228 545 1376 578 lariores
1393 543 1647 587 descriptiones
1663 544 1840 584 continet,
1870 545 1976 578 etiam
1997 543 2052 585 hi,
2079 546 2140 591 qui
2154 545 2224 578 La-

1227 594 1298 626 tine
1316 594 1476 634 discuut,
1504 595 1547 626 ab
1564 606 1605 627 eo
1624 596 1800 639 quaedam
1820 594 1968 630 honesta
1987 597 2148 640 exempla
2167 608 2226 629 co·

1228 645 1319 689 piosi
1340 645 1535 685 sermonis,
1577 652 1611 678 et
1634 646 1811 679 rationem
1838 648 2020 690 quandam
2046 647 2226 679 ornanda-

1228 708 1307 728 rnm
1342 696 1600 729 sententiarum
1633 697 1790 729 mutuari
1817 704 1977 740 possunt.
2037 697 2130 731 Nam
2160 697 2226 732 etsi

1226 747 1346 790 lingua
1372 747 1509 780 diversa
1532 747 1598 786 sit,
1632 754 1753 780 tamen
1777 748 1961 781 voluntate
1985 748 2132 782 Graecis
2156 748 2227 781 La-

1228 798 1313 838 tini,
1357 798 1393 831 in
1429 798 1673 842 disponenda,
1721 799 1971 843 amplificanda
2006 805 2112 844 atque
2145 799 2226 833 illu-

1227 850 1374 883 stranda
1391 850 1554 882 oratione
1571 849 1704 882 similes
1720 856 1814 883 sunt.
1867 849 1992 895 ltaque
2008 851 2079 883 duo
2095 850 2227 884 summi

1230 901 1324 944 apud
1344 900 1492 934 Latinos
1518 907 1664 945 poetae,
1692 900 1863 944 Virgilius
1885 908 1920 934 et
1944 901 2115 941 Ovidius,
2150 913 2227 934 non

1229 954 1337 984 modo
1354 952 1451 985 locos
1469 952 1543 985 eius
1561 953 1734 997 quosdam
1761 952 1893 985 imitati
1914 958 2015 992 suut,
2049 953 2110 986 sed
2134 953 2227 985 mul-

1230 1009 1284 1036 tos
1307 1003 1500 1037 versiculos
1524 1016 1636 1047 paene
1664 1004 1708 1036 ad
1737 1004 1883 1036 verbum
1911 1002 2227 1050 expresse1·unt³⁸)‚

1230 1066 1384 1099 quorum
1403 1055 1561 1098 exempla
1580 1067 1643 1088 nos
1661 1054 2007 1094 connnonefaciuut,
2042 1055 2225 1100 quomodo

1230 1106 1273 1137 ad
1299 1111 1440 1138 nostros
1463 1118 1545 1138 usus
1569 1118 1641 1137 non
1667 1112 1804 1139 lantum
1829 1106 1914 1139 certi
1931 1106 2075 1151 qnidam
2091 1105 2229 1139 flosculi

1231 1168 1272 1188 ex
1295 1153 1500 1188 huiusmodi
1528 1156 1713 1190 autoribus
1738 1158 1951 1201 decerpendi
1977 1157 2068 1197 sint,
2101 1157 2164 1191 sed
2189 1156 2229 1188 in

1232 1206 1331 1239 omui
1346 1218 1510 1240 sermone
1527 1206 1800 1252 inveniendum)
1822 1208 2030 1252 prudentia,
2058 1208 2095 1240 in
2119 1207 2229 1252 expli-

1231 1258 1345 1290 cando
1366 1258 1586 1302 proprietas,
1614 1258 1848 1302 perspicuitas
1864 1266 1898 1292 et
1914 1259 2029 1303 copia,
2055 1258 2093 1291 in
2108 1259 2229 1303 dispo-

1231 1310 1350 1342 nendo
1368 1309 1551 1353 diligentia
1566 1309 1739 1342 imitanda
1758 1310 1814 1344 sit.

1335 1360 1402 1393 Sed
1422 1362 1465 1393 de
1489 1357 1556 1392 hac
1581 1367 1680 1404 parte
1705 1361 1787 1405 quia
1813 1361 1898 1395 satis
1921 1360 2009 1400 dici,
2043 1360 2113 1394 nisi
2136 1360 2229 1393 iuter

1232 1412 1474 1444 enarrandum
1491 1411 1721 1444 conserantur
1739 1410 1865 1444 Latina
1893 1424 1972 1445 cum
1992 1412 2159 1451 Graecis,
2196 1417 2231 1444 et

1218 1471 1357 1496 'omnes
1373 1464 1507 1506 figurae
1523 1462 1635 1505 digito
1655 1464 1910 1503 ostendantur,
1944 1475 2019 1495 non
2044 1461 2231 1507 potestffl),

1234 1514 1318 1546 nolo
1339 1514 1375 1546 in
1402 1514 1600 1558 praesentia
1620 1514 1763 1557 longior
1786 1527 1877 1552 esse;
1911 1515 1970 1547 sed
1998 1514 2034 1546 in
2055 1514 2231 1558 interpre—

1234 1565 1368 1598 tatione
1390 1566 1485 1598 velut
1512 1565 1549 1597 in
1576 1578 1614 1598 re
1637 1565 1815 1609 praesenti
1842 1565 2098 1606 indicabimus,
2140 1577 2231 1610 quos

1233 1616 1329 1650 locos
1356 1614 1438 1649 binc
1459 1617 1676 1660 sumpserint
1699 1617 1888 1661 scriptores
1912 1616 2054 1657 Latini,
2088 1622 2122 1650 et
2144 1615 2232 1662 quid

1234 1667 1396 1708 imitari,
1422 1669 1580 1714 quidque
1604 1680 1790 1713 excerpere
1817 1668 1884 1713 ipsi
1906 1669 2110 1702 debeamus.
2167 1666 2231 1700 Et-

1234 1719 1328 1751 enim
1362 1720 1503 1752 tametsi
1539 1726 1711 1763 appareat
1744 1726 1892 1763 propter
1915 1720 2015 1752 utilia
2039 1724 2229 1763 praecepta

1233 1770 1345 1813 magis
1361 1782 1468 1815 quam
1487 1777 1635 1814 propter
1651 1771 1845 1804 verborum
1864 1777 2029 1804 ornatum
2055 1771 2094 1802 in
2117 1769 2230 1802 admi-

1234 1821 1373 1854 ratione
1389 1819 1456 1854 hoc
1474 1834 1601 1866 poema
1621 1822 1745 1862 fuisse,
1778 1828 1897 1854 tamen
1922 1821 2152 1869 quantumvis
2173 1831 2230 1854 res

1232 1873 1392 1906 salubres
1426 1885 1532 1906 nemo
1563 1873 1722 1917 legisset,
1773 1873 1843 1907 nisi
1879 1873 2229 1906 commendationem

1234 1925 1414 1969 quandam
1432 1922 1637 1958 habuissent
1655 1937 1695 1957 ex
1712 1936 1840 1968 genere
1864 1925 2058 1965 sermonis,
2093 1930 2127 1957 et
2148 1935 2231 1969 gra—

1234 1976 1321 2008 tiam
1346 1975 1521 2020 elegantia
1545 1975 1713 2009 carminis
1736 1976 1940 2010 addidisset.
1999 1976 2123 2021 Neque
2145 1987 2230 2020 pro-

1233 2027 1324 2060 secto
1343 2033 1553 2060 vetustatem
1572 2027 1664 2058 serre
1688 2027 1878 2068 potuisset,
1911 2027 1981 2060 nisi
2002 2039 2123 2060 rerum
2149 2038 2230 2071 gra-

1232 2078 1335 2109 vitati
1365 2075 1652 2110 venustissimum
1686 2088 1795 2119 genus
1828 2076 2019 2110 verborum
2055 2082 2228 2122 tanquam

1232 2127 1414 2161 illecebras
1439 2128 1611 2173 quasdam
1636 2127 1864 2161 adiunxisset.
1923 2127 2006 2161 Non
2032 2133 2084 2161 est
2108 2134 2228 2161 autem

1233 2180 1443 2220 obscurum,
1471 2184 1645 2224 quantum
1663 2178 1820 2212 amarint
1835 2178 1964 2212 Graeci
1981 2176 2048 2212 boc
2072 2191 2229 2221 carmen,

1269 2307 1315 2339 37)
1336 2306 1406 2330 Huic
1425 2306 1485 2329 Ioco
1505 2305 1531 2328 in
1553 2306 1634 2329 Editt.
1656 2306 1746 2332 1559..
1776 2306 1912 2333 15134.A..
1939 2306 2015 2331 1570.
2040 2307 2167 2337 apposita
2184 2310 2228 2332 est

1304 2342 1370 2365 nota.
1388 2340 1519 2370 margin:
1539 2340 1634 2363 Lectio
1655 2340 1766 2364 Hesiodi
1786 2341 1943 2370 suppeditat
1961 2342 2100 2365 sermonis
2114 2342 2228 2372 copiam.

1266 2383 1314 2411 38)
1335 2382 1412 2407 Conf.
1432 2381 1569 2411 Virgilius
1592 2382 1740 2405 collatione
1764 2382 1944 2411 scriptoribus
1968 2382 2137 2407 Graecorum
2161 2384 2227 2408 illu-

1303 2418 1426 2475 ssgigguss
1440 2421 1523 2446 opera
1553 2416 1580 2438 et
1612 2416 1747 2439 industria
1781 2416 1872 2440 Fulvii
1899 2416 1999 2440 Ursini.
2055 2418 2226 2448 Antverpiae

1267 2494 1316 2522 ³9)
1336 2493 1361 2517 in
1381 2493 1453 2517 omni
1472 2499 1599 2516 sermone
1618 2493 1796 2520 inveniendo!
1825 2493 1864 2516 sic
1883 2493 1965 2516 Editt.
1987 2493 2061 2517 1532.
2088 2494 2129 2523 (in
2149 2501 2173 2518 o.
2193 2501 2227 2524 s.,

1302 2527 1382 2559 inv.),
1404 2528 1477 2552 1541.
1493 2529 1537 2555 A.,
1559 2528 1644 2556 15⁴⁴„
1666 2528 1750 2553 1559..
1772 2528 1845 2552 1564.
1862 2528 1905 2553 A..
1927 2527 2010 2552 1570..
2032 2528 2125 2559 1⁵⁸7.;
2144 2529 2227 2554 Editt.

1304 2563 1378 2585 1541.
1395 2563 1438 2592 l3.‚
1460 2563 1533 2585 1541.
1547 2562 1594 2590 Ε..
1616 2561 1705 2591 1557.,
1735 2562 1826 2592 1562„
1858 2562 1931 2585 1564.
1947 2562 1992 2591 [ι.,
2023 2562 2113 2593 1569.,
2142 2563 2225 2594 1581.,

1304 2597 1378 2621 1591.
1398 2596 1425 2619 in
1445 2596 1517 2619 omui
1536 2601 1683 2623 sermone,
1707 2596 1732 2618 iu
1755 2595 1926 2619 inveniendo.

1267 2636 1314 2668 40)
1335 2638 1403 2662 Huic
1421 2638 1480 2661 loco
1499 2637 1525 2660 in
1545 2637 1628 2661 Editt.
1650 2637 1742 2667 ¹559.‚
1764 2638 1837 2661 1564.
1852 2639 1900 2663 A..
1930 2637 2002 2661 ¹570.
2021 2638 2164 2668 adscripta
2181 2640 2226 2662 est

1302 2674 1367 2697 nota
1392 2672 1523 2700 margin:
1557 2671 1667 2700 [boetio
1687 2671 1796 2695 Hesiodi
1815 2671 1986 2702 suppeditat]
2010 2674 2156 2703 praccepta
2174 2678 2225 2696 ve-

1303 2708 1385 2730 nusta
1403 2706 1529 2730 oratione
1548 2706 1655 2730 ornata.
