<?xml version="1.0" encoding="UTF-8"?>
<!DOCTYPE html PUBLIC "-//W3C//DTD XHTML 1.0 Transitional//EN"
    "http://www.w3.org/TR/xhtml1/DTD/xhtml1-transitional.dtd">
<html xmlns="http://www.w3.org/1999/xhtml" xml:lang="en" lang="en">
 <head>
  <title>
</title>
<meta http-equiv="Content-Type" content="text/html;charset=utf-8" />
  <meta name='ocr-system' content='tesseract 3.04.00' />
  <meta name='ocr-capabilities' content='ocr_page ocr_carea ocr_par ocr_line ocrx_word'/>
</head>
<body>
  <div class='ocr_page' id='page_1' title='image "./operaquaesupersu18melauoft/operaquaesupersu18melauoft_0561.png"; bbox 0 0 2373 2980; ppageno 0'>
   <div class='ocr_carea' id='block_1_1' title="bbox 441 57 753 191">
    <p class='ocr_par' dir='ltr' id='par_1_1' title="bbox 441 57 753 191">
     <span class='ocr_line' id='line_1_1' title="bbox 441 57 577 94; baseline 0.007 -2"><span class='ocrx_word' id='word_1_1' title='bbox 441 57 577 94; x_wconf 88' lang='lat' dir='ltr'>LXXII.</span> 
     </span>
     <span class='ocr_line' id='line_1_2' title="bbox 475 145 753 191; baseline -0.007 -10"><span class='ocrx_word' id='word_1_2' title='bbox 475 145 519 190; x_wconf 92' lang='lat' dir='ltr'>[S</span> <span class='ocrx_word' id='word_1_3' title='bbox 527 151 540 180; x_wconf 77' lang='lat' dir='ltr'>t</span> <span class='ocrx_word' id='word_1_4' title='bbox 551 159 568 180; x_wconf 90' lang='lat' dir='ltr'>r</span> <span class='ocrx_word' id='word_1_5' title='bbox 576 157 622 190; x_wconf 85' lang='lat' dir='ltr'>op</span> <span class='ocrx_word' id='word_1_6' title='bbox 629 147 651 180; x_wconf 86' lang='grc' dir='ltr'>Ιι</span> <span class='ocrx_word' id='word_1_7' title='bbox 658 158 676 179; x_wconf 89' lang='lat' dir='ltr'>e</span> <span class='ocrx_word' id='word_1_8' title='bbox 701 146 753 191; x_wconf 75' lang='grc'>2.]</span> 
     </span>
    </p>
   </div>
   <div class='ocr_carea' id='block_1_2' title="bbox 118 204 1045 849">
    <p class='ocr_par' dir='ltr' id='par_1_2' title="bbox 118 204 1045 849">
     <span class='ocr_line' id='line_1_3' title="bbox 172 204 564 248; baseline -0.008 -8"><span class='ocrx_word' id='word_1_9' title='bbox 172 205 255 240; x_wconf 93' lang='lat' dir='ltr'>Non</span> <span class='ocrx_word' id='word_1_10' title='bbox 273 204 416 238; x_wconf 86' lang='lat' dir='ltr'>cessabo</span> <span class='ocrx_word' id='word_1_11' title='bbox 433 204 564 248; x_wconf 82' lang='lat' dir='ltr'>gratias</span> 
     </span>
     <span class='ocr_line' id='line_1_4' title="bbox 176 255 450 290; baseline -0.015 1"><span class='ocrx_word' id='word_1_12' title='bbox 176 255 287 290; x_wconf 88' lang='lat' dir='ltr'>Musis</span> <span class='ocrx_word' id='word_1_13' title='bbox 303 255 450 288; x_wconf 86' lang='lat' dir='ltr'>miscere</span> 
     </span>
     <span class='ocr_line' id='line_1_5' title="bbox 121 305 757 341; baseline 0 0"><span class='ocrx_word' id='word_1_14' title='bbox 121 305 196 341; x_wconf 89' lang='lat'>675</span> <span class='ocrx_word' id='word_1_15' title='bbox 219 305 475 340; x_wconf 79' lang='lat' dir='ltr'>Iucundissima</span> <span class='ocrx_word' id='word_1_16' title='bbox 495 305 757 341; x_wconf 80' lang='lat' dir='ltr'>coniunctione.</span> 
     </span>
     <span class='ocr_line' id='line_1_6' title="bbox 170 357 782 398; baseline 0.002 -8"><span class='ocrx_word' id='word_1_17' title='bbox 170 357 320 391; x_wconf 85' lang='lat' dir='ltr'>Utinam</span> <span class='ocrx_word' id='word_1_18' title='bbox 338 357 456 390; x_wconf 73' lang='lat' dir='ltr'>vivam</span> <span class='ocrx_word' id='word_1_19' title='bbox 474 357 511 389; x_wconf 82' lang='lat' dir='ltr'>in</span> <span class='ocrx_word' id='word_1_20' title='bbox 527 357 630 391; x_wconf 86' lang='lat' dir='ltr'>bonis</span> <span class='ocrx_word' id='word_1_21' title='bbox 646 358 782 398; x_wconf 80' lang='lat' dir='ltr'>studiis,</span> 
     </span>
     <span class='ocr_line' id='line_1_7' title="bbox 168 408 734 453; baseline 0 -11"><span class='ocrx_word' id='word_1_22' title='bbox 168 408 216 443; x_wconf 87' lang='lat' dir='ltr'>Et</span> <span class='ocrx_word' id='word_1_23' title='bbox 232 420 372 453; x_wconf 82' lang='lat' dir='ltr'>semper</span> <span class='ocrx_word' id='word_1_24' title='bbox 389 408 454 442; x_wconf 87' lang='lat' dir='ltr'>sim</span> <span class='ocrx_word' id='word_1_25' title='bbox 472 408 508 440; x_wconf 90' lang='lat' dir='ltr'>in</span> <span class='ocrx_word' id='word_1_26' title='bbox 526 410 667 442; x_wconf 83' lang='lat' dir='ltr'>coronis</span> <span class='ocrx_word' id='word_1_27' title='bbox 676 408 734 453; x_wconf 53' lang='grc' dir='ltr'>θ’).</span> 
     </span>
     <span class='ocr_line' id='line_1_8' title="bbox 169 457 592 494; baseline -0.005 0"><span class='ocrx_word' id='word_1_28' title='bbox 169 457 296 494; x_wconf 90' lang='lat' dir='ltr'>Adhuc</span> <span class='ocrx_word' id='word_1_29' title='bbox 313 465 412 493; x_wconf 77' lang='lat' dir='ltr'>vetus</span> <span class='ocrx_word' id='word_1_30' title='bbox 429 465 592 492; x_wconf 82' lang='lat' dir='ltr'>cantator</span> 
     </span>
     <span class='ocr_line' id='line_1_9' title="bbox 170 509 633 555; baseline -0.004 -11"><span class='ocrx_word' id='word_1_31' title='bbox 170 510 275 544; x_wconf 87' lang='lat' dir='ltr'>Canit</span> <span class='ocrx_word' id='word_1_32' title='bbox 293 509 633 555; x_wconf 62' lang='lat' dir='ltr'>Mnemosynamffi).</span> 
     </span>
     <span class='ocr_line' id='line_1_10' title="bbox 119 559 526 596; baseline -0.005 0"><span class='ocrx_word' id='word_1_33' title='bbox 119 562 193 596; x_wconf 86' lang='lat'>680</span> <span class='ocrx_word' id='word_1_34' title='bbox 221 559 348 594; x_wconf 87' lang='lat' dir='ltr'>Adhuc</span> <span class='ocrx_word' id='word_1_35' title='bbox 367 560 526 594; x_wconf 87' lang='lat' dir='ltr'>Herculis</span> 
     </span>
     <span class='ocr_line' id='line_1_11' title="bbox 167 611 677 656; baseline -0.004 -11"><span class='ocrx_word' id='word_1_36' title='bbox 167 611 336 656; x_wconf 84' lang='lat' dir='ltr'>Egregias</span> <span class='ocrx_word' id='word_1_37' title='bbox 355 611 522 645; x_wconf 80' lang='lat' dir='ltr'>victorias</span> <span class='ocrx_word' id='word_1_38' title='bbox 539 623 677 651; x_wconf 84' lang='lat' dir='ltr'>canam,</span> 
     </span>
     <span class='ocr_line' id='line_1_12' title="bbox 169 660 988 706; baseline -0.004 -11"><span class='ocrx_word' id='word_1_39' title='bbox 169 662 264 696; x_wconf 88' lang='lat' dir='ltr'>Tum</span> <span class='ocrx_word' id='word_1_40' title='bbox 274 662 304 681; x_wconf 51' lang='grc' dir='ltr'>(ἦ</span> <span class='ocrx_word' id='word_1_41' title='bbox 314 662 345 705; x_wconf 69' lang='lat'>³)</span> <span class='ocrx_word' id='word_1_42' title='bbox 364 663 458 706; x_wconf 90' lang='lat' dir='ltr'>apud</span> <span class='ocrx_word' id='word_1_43' title='bbox 476 660 657 696; x_wconf 83' lang='lat' dir='ltr'>Bacchum</span> <span class='ocrx_word' id='word_1_44' title='bbox 676 661 881 705; x_wconf 84' lang='lat' dir='ltr'>largitorem</span> <span class='ocrx_word' id='word_1_45' title='bbox 901 660 988 699; x_wconf 78' lang='lat' dir='ltr'>vini,</span> 
     </span>
     <span class='ocr_line' id='line_1_13' title="bbox 169 709 1045 758; baseline -0.003 -12"><span class='ocrx_word' id='word_1_46' title='bbox 169 713 263 746; x_wconf 90' lang='lat' dir='ltr'>Tum</span> <span class='ocrx_word' id='word_1_47' title='bbox 273 712 303 732; x_wconf 80' lang='lat'>⁶⁵</span> <span class='ocrx_word' id='word_1_48' title='bbox 313 714 345 758; x_wconf 72' lang='lat'>³)</span> <span class='ocrx_word' id='word_1_49' title='bbox 362 714 454 756; x_wconf 89' lang='lat' dir='ltr'>apud</span> <span class='ocrx_word' id='word_1_50' title='bbox 473 711 614 758; x_wconf 87' lang='lat' dir='ltr'>chelyos</span> <span class='ocrx_word' id='word_1_51' title='bbox 632 720 769 756; x_wconf 86' lang='lat' dir='ltr'>septem</span> <span class='ocrx_word' id='word_1_52' title='bbox 783 714 866 746; x_wconf 89' lang='lat' dir='ltr'>fides</span> <span class='ocrx_word' id='word_1_53' title='bbox 884 709 1045 744; x_wconf 85' lang='lat' dir='ltr'>habentis</span> 
     </span>
     <span class='ocr_line' id='line_1_14' title="bbox 169 763 719 809; baseline 0 -12"><span class='ocrx_word' id='word_1_54' title='bbox 169 763 321 797; x_wconf 71' lang='lat' dir='ltr'>Canium</span> <span class='ocrx_word' id='word_1_55' title='bbox 337 770 371 796; x_wconf 85' lang='lat' dir='ltr'>et</span> <span class='ocrx_word' id='word_1_56' title='bbox 390 764 513 797; x_wconf 86' lang='lat' dir='ltr'>tibiam</span> <span class='ocrx_word' id='word_1_57' title='bbox 534 763 719 809; x_wconf 81' lang='lat' dir='ltr'>Libycam.</span> 
     </span>
     <span class='ocr_line' id='line_1_15' title="bbox 118 813 560 849; baseline -0.002 -1"><span class='ocrx_word' id='word_1_58' title='bbox 118 813 192 849; x_wconf 85' lang='lat'>685</span> <span class='ocrx_word' id='word_1_59' title='bbox 214 815 383 849; x_wconf 80' lang='lat' dir='ltr'>Nondum</span> <span class='ocrx_word' id='word_1_60' title='bbox 400 815 560 847; x_wconf 81' lang='lat' dir='ltr'>deseram</span> 
     </span>
    </p>
   </div>
   <div class='ocr_carea' id='block_1_3' title="bbox 168 861 888 910">
    <p class='ocr_par' dir='ltr' id='par_1_3' title="bbox 168 861 888 910">
     <span class='ocr_line' id='line_1_16' title="bbox 168 861 888 910; baseline -0.006 -11"><span class='ocrx_word' id='word_1_61' title='bbox 168 865 307 905; x_wconf 86' lang='lat' dir='ltr'>Musas,</span> <span class='ocrx_word' id='word_1_62' title='bbox 332 877 422 910; x_wconf 86' lang='lat' dir='ltr'>quae</span> <span class='ocrx_word' id='word_1_63' title='bbox 439 878 495 899; x_wconf 84' lang='lat' dir='ltr'>me</span> <span class='ocrx_word' id='word_1_64' title='bbox 513 865 751 898; x_wconf 76' lang='lat' dir='ltr'>adiunxerant</span> <span class='ocrx_word' id='word_1_65' title='bbox 765 861 888 896; x_wconf 80' lang='lat' dir='ltr'>choro.</span> 
     </span>
    </p>
   </div>
   <div class='ocr_carea' id='block_1_4' title="bbox 406 929 809 980">
    <p class='ocr_par' dir='ltr' id='par_1_4' title="bbox 406 929 809 980">
     <span class='ocr_line' id='line_1_17' title="bbox 406 929 809 980; baseline -0.005 -13"><span class='ocrx_word' id='word_1_66' title='bbox 406 931 720 980; x_wconf 68' lang='lat' dir='ltr'>[Antisti-ephe</span> <span class='ocrx_word' id='word_1_67' title='bbox 746 929 809 977; x_wconf 74' lang='grc'>2.]</span> 
     </span>
    </p>
   </div>
   <div class='ocr_carea' id='block_1_5' title="bbox 111 991 971 1638">
    <p class='ocr_par' dir='ltr' id='par_1_5' title="bbox 111 991 971 1638">
     <span class='ocr_line' id='line_1_18' title="bbox 166 991 496 1026; baseline -0.009 0"><span class='ocrx_word' id='word_1_68' title='bbox 166 993 309 1026; x_wconf 84' lang='lat' dir='ltr'>Paeana</span> <span class='ocrx_word' id='word_1_69' title='bbox 329 991 496 1024; x_wconf 86' lang='lat' dir='ltr'>Deliades</span> 
     </span>
     <span class='ocr_line' id='line_1_19' title="bbox 167 1042 585 1087; baseline 0 -12"><span class='ocrx_word' id='word_1_70' title='bbox 167 1043 322 1076; x_wconf 87' lang='lat' dir='ltr'>Cantant</span> <span class='ocrx_word' id='word_1_71' title='bbox 341 1042 432 1075; x_wconf 87' lang='lat' dir='ltr'>circa</span> <span class='ocrx_word' id='word_1_72' title='bbox 449 1048 585 1087; x_wconf 87' lang='lat' dir='ltr'>portas,</span> 
     </span>
     <span class='ocr_line' id='line_1_20' title="bbox 164 1092 642 1131; baseline -0.002 -5"><span class='ocrx_word' id='word_1_73' title='bbox 164 1093 316 1126; x_wconf 86' lang='lat' dir='ltr'>Felicem</span> <span class='ocrx_word' id='word_1_74' title='bbox 337 1093 445 1126; x_wconf 87' lang='lat' dir='ltr'>filiam</span> <span class='ocrx_word' id='word_1_75' title='bbox 461 1092 622 1125; x_wconf 75' lang='lat' dir='ltr'>Latonae</span> <span class='ocrx_word' id='word_1_76' title='bbox 634 1118 642 1131; x_wconf 91' lang='lat'><strong>‚</strong></span> 
     </span>
     <span class='ocr_line' id='line_1_21' title="bbox 114 1140 971 1189; baseline -0.005 -11"><span class='ocrx_word' id='word_1_77' title='bbox 114 1143 188 1178; x_wconf 83' lang='lat'>690</span> <span class='ocrx_word' id='word_1_78' title='bbox 210 1143 251 1177; x_wconf 91' lang='lat' dir='ltr'>In</span> <span class='ocrx_word' id='word_1_79' title='bbox 268 1156 394 1189; x_wconf 82' lang='lat' dir='ltr'>gyrum</span> <span class='ocrx_word' id='word_1_80' title='bbox 409 1145 575 1177; x_wconf 84' lang='lat' dir='ltr'>ducentes</span> <span class='ocrx_word' id='word_1_81' title='bbox 591 1140 776 1188; x_wconf 86' lang='lat' dir='ltr'>pulchram</span> <span class='ocrx_word' id='word_1_82' title='bbox 794 1140 971 1176; x_wconf 86' lang='lat' dir='ltr'>choream.</span> 
     </span>
     <span class='ocr_line' id='line_1_22' title="bbox 163 1195 693 1229; baseline -0.006 0"><span class='ocrx_word' id='word_1_83' title='bbox 163 1195 326 1229; x_wconf 89' lang='lat' dir='ltr'>Paeanas</span> <span class='ocrx_word' id='word_1_84' title='bbox 344 1201 462 1228; x_wconf 89' lang='lat' dir='ltr'>autem</span> <span class='ocrx_word' id='word_1_85' title='bbox 481 1195 517 1227; x_wconf 93' lang='lat' dir='ltr'>in</span> <span class='ocrx_word' id='word_1_86' title='bbox 537 1201 594 1227; x_wconf 90' lang='lat' dir='ltr'>tua</span> <span class='ocrx_word' id='word_1_87' title='bbox 614 1195 693 1227; x_wconf 86' lang='lat' dir='ltr'>aula</span> 
     </span>
     <span class='ocr_line' id='line_1_23' title="bbox 165 1246 671 1290; baseline -0.002 -11"><span class='ocrx_word' id='word_1_88' title='bbox 165 1246 262 1280; x_wconf 87' lang='lat' dir='ltr'>Sicut</span> <span class='ocrx_word' id='word_1_89' title='bbox 279 1257 410 1290; x_wconf 75' lang='lat' dir='ltr'>cygnus</span> <span class='ocrx_word' id='word_1_90' title='bbox 427 1258 532 1279; x_wconf 84' lang='lat' dir='ltr'>senex</span> <span class='ocrx_word' id='word_1_91' title='bbox 547 1252 671 1278; x_wconf 79' lang='lat' dir='ltr'>cantor</span> 
     </span>
     <span class='ocr_line' id='line_1_24' title="bbox 162 1296 442 1340; baseline 0 -10"><span class='ocrx_word' id='word_1_92' title='bbox 162 1296 215 1330; x_wconf 85' lang='lat' dir='ltr'>Ex</span> <span class='ocrx_word' id='word_1_93' title='bbox 234 1297 330 1330; x_wconf 90' lang='lat' dir='ltr'>canis</span> <span class='ocrx_word' id='word_1_94' title='bbox 344 1296 442 1340; x_wconf 82' lang='lat' dir='ltr'>genis</span> 
     </span>
     <span class='ocr_line' id='line_1_25' title="bbox 163 1347 594 1385; baseline -0.002 -4"><span class='ocrx_word' id='word_1_95' title='bbox 163 1347 326 1385; x_wconf 86' lang='lat' dir='ltr'>Sonabo;</span> <span class='ocrx_word' id='word_1_96' title='bbox 350 1347 491 1380; x_wconf 87' lang='lat' dir='ltr'>bonitas</span> <span class='ocrx_word' id='word_1_97' title='bbox 510 1359 594 1380; x_wconf 74' lang='lat' dir='ltr'>vero</span> 
     </span>
     <span class='ocr_line' id='line_1_26' title="bbox 111 1397 519 1443; baseline -0.002 -12"><span class='ocrx_word' id='word_1_98' title='bbox 111 1397 186 1432; x_wconf 86' lang='lat'>695</span> <span class='ocrx_word' id='word_1_99' title='bbox 211 1398 437 1443; x_wconf 84' lang='lat' dir='ltr'>Hymnorum</span> <span class='ocrx_word' id='word_1_100' title='bbox 457 1403 519 1437; x_wconf 83' lang='lat' dir='ltr'>est,</span> 
     </span>
     <span class='ocr_line' id='line_1_27' title="bbox 160 1448 649 1488; baseline -0.006 -6"><span class='ocrx_word' id='word_1_101' title='bbox 160 1449 272 1482; x_wconf 86' lang='lat' dir='ltr'>Filius</span> <span class='ocrx_word' id='word_1_102' title='bbox 288 1448 380 1482; x_wconf 81' lang='lat' dir='ltr'>Iovis</span> <span class='ocrx_word' id='word_1_103' title='bbox 393 1476 402 1488; x_wconf 88' lang='lat'>,</span> <span class='ocrx_word' id='word_1_104' title='bbox 425 1448 649 1481; x_wconf 81' lang='lat' dir='ltr'>nobilitatem</span> 
     </span>
     <span class='ocr_line' id='line_1_28' title="bbox 160 1500 482 1544; baseline -0.003 -12"><span class='ocrx_word' id='word_1_105' title='bbox 160 1500 284 1543; x_wconf 87' lang='lat' dir='ltr'>Longe</span> <span class='ocrx_word' id='word_1_106' title='bbox 299 1512 482 1544; x_wconf 80' lang='lat' dir='ltr'>superans,</span> 
     </span>
     <span class='ocr_line' id='line_1_29' title="bbox 162 1548 695 1596; baseline -0.009 -12"><span class='ocrx_word' id='word_1_107' title='bbox 162 1551 233 1596; x_wconf 85' lang='lat' dir='ltr'>Qui</span> <span class='ocrx_word' id='word_1_108' title='bbox 246 1551 369 1583; x_wconf 85' lang='lat' dir='ltr'>labore</span> <span class='ocrx_word' id='word_1_109' title='bbox 387 1557 448 1583; x_wconf 89' lang='lat' dir='ltr'>tuo</span> <span class='ocrx_word' id='word_1_110' title='bbox 465 1548 695 1593; x_wconf 84' lang='lat' dir='ltr'>tranquillam</span> 
     </span>
     <span class='ocr_line' id='line_1_30' title="bbox 159 1599 611 1638; baseline -0.007 -4"><span class='ocrx_word' id='word_1_111' title='bbox 159 1602 278 1634; x_wconf 84' lang='lat' dir='ltr'>Vitam</span> <span class='ocrx_word' id='word_1_112' title='bbox 297 1602 377 1634; x_wconf 88' lang='lat' dir='ltr'>fecit</span> <span class='ocrx_word' id='word_1_113' title='bbox 393 1599 611 1638; x_wconf 85' lang='lat' dir='ltr'>hominihus,</span> 
     </span>
    </p>
   </div>
   <div class='ocr_carea' id='block_1_6' title="bbox 110 1649 787 1694">
    <p class='ocr_par' dir='ltr' id='par_1_6' title="bbox 110 1649 787 1694">
     <span class='ocr_line' id='line_1_31' title="bbox 110 1649 787 1694; baseline -0.006 -8"><span class='ocrx_word' id='word_1_114' title='bbox 110 1653 185 1686; x_wconf 89' lang='lat'>700</span> <span class='ocrx_word' id='word_1_115' title='bbox 208 1652 343 1686; x_wconf 90' lang='lat' dir='ltr'>Deletis</span> <span class='ocrx_word' id='word_1_116' title='bbox 360 1651 578 1685; x_wconf 81' lang='lat' dir='ltr'>terribilibus</span> <span class='ocrx_word' id='word_1_117' title='bbox 595 1649 720 1683; x_wconf 85' lang='lat' dir='ltr'>belluis</span> <span class='ocrx_word' id='word_1_118' title='bbox 729 1649 787 1694; x_wconf 73' lang='grc'>66).</span> 
     </span>
    </p>
   </div>
   <div class='ocr_carea' id='block_1_7' title="bbox 127 60 224 95">
    <p class='ocr_par' dir='ltr' id='par_1_7' title="bbox 127 60 224 95">
     <span class='ocr_line' id='line_1_32' title="bbox 127 60 224 95; baseline -0.01 0"><span class='ocrx_word' id='word_1_119' title='bbox 127 60 224 95; x_wconf 80' lang='lat'>1097</span> 
     </span>
    </p>
   </div>
   <div class='ocr_carea' id='block_1_8' title="bbox 205 1781 984 2398">
    <p class='ocr_par' dir='ltr' id='par_1_8' title="bbox 211 1781 705 1817">
     <span class='ocr_line' id='line_1_33' title="bbox 211 1781 705 1817; baseline -0.012 -7"><span class='ocrx_word' id='word_1_120' title='bbox 211 1786 317 1817; x_wconf 78' lang='lat' dir='ltr'>„Quod</span> <span class='ocrx_word' id='word_1_121' title='bbox 335 1784 359 1808; x_wconf 89' lang='lat' dir='ltr'>si</span> <span class='ocrx_word' id='word_1_122' title='bbox 378 1783 437 1807; x_wconf 89' lang='lat' dir='ltr'>Diis</span> <span class='ocrx_word' id='word_1_123' title='bbox 458 1784 532 1807; x_wconf 85' lang='lat' dir='ltr'>esset</span> <span class='ocrx_word' id='word_1_124' title='bbox 551 1781 705 1817; x_wconf 83' lang='lat' dir='ltr'>prudentia.</span> 
     </span>
    </p>

    <p class='ocr_par' dir='ltr' id='par_1_9' title="bbox 211 1817 671 1851">
     <span class='ocr_line' id='line_1_34' title="bbox 211 1817 671 1851; baseline -0.011 -7"><span class='ocrx_word' id='word_1_125' title='bbox 211 1821 274 1851; x_wconf 76' lang='lat' dir='ltr'>„Et</span> <span class='ocrx_word' id='word_1_126' title='bbox 293 1818 430 1849; x_wconf 84' lang='lat' dir='ltr'>sapientia</span> <span class='ocrx_word' id='word_1_127' title='bbox 448 1818 518 1847; x_wconf 86' lang='lat' dir='ltr'>apud</span> <span class='ocrx_word' id='word_1_128' title='bbox 537 1817 671 1845; x_wconf 83' lang='lat' dir='ltr'>homines,</span> 
     </span>
    </p>

    <p class='ocr_par' dir='ltr' id='par_1_10' title="bbox 210 1849 809 1918">
     <span class='ocr_line' id='line_1_35' title="bbox 210 1849 809 1885; baseline -0.012 -7"><span class='ocrx_word' id='word_1_129' title='bbox 210 1854 379 1885; x_wconf 81' lang='lat' dir='ltr'>„Geminam</span> <span class='ocrx_word' id='word_1_130' title='bbox 399 1858 467 1876; x_wconf 88' lang='lat' dir='ltr'>saue</span> <span class='ocrx_word' id='word_1_131' title='bbox 486 1852 624 1875; x_wconf 87' lang='lat' dir='ltr'>iuventam</span> <span class='ocrx_word' id='word_1_132' title='bbox 644 1849 809 1874; x_wconf 79' lang='lat' dir='ltr'>attulissem,</span> 
     </span>
     <span class='ocr_line' id='line_1_36' title="bbox 211 1887 522 1918; baseline -0.01 -6"><span class='ocrx_word' id='word_1_133' title='bbox 211 1888 411 1918; x_wconf 76' lang='lat' dir='ltr'>„manifestam</span> <span class='ocrx_word' id='word_1_134' title='bbox 430 1887 522 1910; x_wconf 82' lang='lat' dir='ltr'>notam</span> 
     </span>
    </p>

    <p class='ocr_par' dir='ltr' id='par_1_11' title="bbox 210 1921 492 1954">
     <span class='ocr_line' id='line_1_37' title="bbox 210 1921 492 1954; baseline -0.011 -8"><span class='ocrx_word' id='word_1_135' title='bbox 210 1922 358 1954; x_wconf 86' lang='lat' dir='ltr'>„Virtutis</span> <span class='ocrx_word' id='word_1_136' title='bbox 369 1940 376 1952; x_wconf 89' lang='lat'><strong>‚</strong></span> <span class='ocrx_word' id='word_1_137' title='bbox 396 1921 492 1951; x_wconf 87' lang='lat' dir='ltr'>quibus</span> 
     </span>
    </p>

    <p class='ocr_par' dir='ltr' id='par_1_12' title="bbox 210 1955 579 1988">
     <span class='ocr_line' id='line_1_38' title="bbox 210 1955 579 1988; baseline -0.008 -8"><span class='ocrx_word' id='word_1_138' title='bbox 210 1956 380 1988; x_wconf 81' lang='lat' dir='ltr'>„Adfuerit‚</span> <span class='ocrx_word' id='word_1_139' title='bbox 401 1957 427 1978; x_wconf 88' lang='lat' dir='ltr'>et</span> <span class='ocrx_word' id='word_1_140' title='bbox 446 1955 579 1978; x_wconf 83' lang='lat' dir='ltr'>mortales</span> 
     </span>
    </p>

    <p class='ocr_par' dir='ltr' id='par_1_13' title="bbox 208 1987 666 2020">
     <span class='ocr_line' id='line_1_39' title="bbox 208 1987 666 2020; baseline -0.009 -6"><span class='ocrx_word' id='word_1_141' title='bbox 208 1991 278 2020; x_wconf 73' lang='lat' dir='ltr'>„Ad</span> <span class='ocrx_word' id='word_1_142' title='bbox 297 1990 460 2020; x_wconf 84' lang='lat' dir='ltr'>splendores</span> <span class='ocrx_word' id='word_1_143' title='bbox 479 1989 577 2012; x_wconf 89' lang='lat' dir='ltr'>iterum</span> <span class='ocrx_word' id='word_1_144' title='bbox 597 1987 666 2011; x_wconf 89' lang='lat' dir='ltr'>solis</span> 
     </span>
    </p>

    <p class='ocr_par' dir='ltr' id='par_1_14' title="bbox 208 2020 984 2091">
     <span class='ocr_line' id='line_1_40' title="bbox 208 2020 984 2057; baseline -0.005 -9"><span class='ocrx_word' id='word_1_145' title='bbox 208 2025 364 2057; x_wconf 82' lang='lat' dir='ltr'>„nuptices</span> <span class='ocrx_word' id='word_1_146' title='bbox 382 2024 474 2053; x_wconf 86' lang='lat' dir='ltr'>utique</span> <span class='ocrx_word' id='word_1_147' title='bbox 490 2023 602 2046; x_wconf 86' lang='lat' dir='ltr'>ivissem</span> <span class='ocrx_word' id='word_1_148' title='bbox 623 2023 708 2051; x_wconf 70' lang='lat' dir='ltr'>[prox</span> <span class='ocrx_word' id='word_1_149' title='bbox 727 2020 858 2048; x_wconf 74' lang='lat' dir='ltr'>ivissent]</span> <span class='ocrx_word' id='word_1_150' title='bbox 878 2027 984 2046; x_wconf 84' lang='lat' dir='ltr'>cursus.</span> 
     </span>
     <span class='ocr_line' id='line_1_41' title="bbox 208 2057 643 2091; baseline -0.009 -8"><span class='ocrx_word' id='word_1_151' title='bbox 208 2059 293 2091; x_wconf 79' lang='lat' dir='ltr'>„Sed</span> <span class='ocrx_word' id='word_1_152' title='bbox 311 2058 470 2089; x_wconf 81' lang='lat' dir='ltr'>ignobilitas</span> <span class='ocrx_word' id='word_1_153' title='bbox 493 2057 643 2087; x_wconf 86' lang='lat' dir='ltr'>simplicem</span> 
     </span>
    </p>

    <p class='ocr_par' dir='ltr' id='par_1_15' title="bbox 208 2092 582 2124">
     <span class='ocr_line' id='line_1_42' title="bbox 208 2092 582 2124; baseline -0.008 -7"><span class='ocrx_word' id='word_1_154' title='bbox 208 2094 357 2124; x_wconf 72' lang='lat' dir='ltr'>„liaberet</span> <span class='ocrx_word' id='word_1_155' title='bbox 374 2092 449 2116; x_wconf 85' lang='lat' dir='ltr'>vitae</span> <span class='ocrx_word' id='word_1_156' title='bbox 467 2092 582 2115; x_wconf 88' lang='lat' dir='ltr'>modum.</span> 
     </span>
    </p>

    <p class='ocr_par' dir='ltr' id='par_1_16' title="bbox 205 2126 585 2156">
     <span class='ocr_line' id='line_1_43' title="bbox 205 2126 585 2156; baseline -0.011 -4"><span class='ocrx_word' id='word_1_157' title='bbox 205 2129 242 2152; x_wconf 84' lang='lat' dir='ltr'>Et</span> <span class='ocrx_word' id='word_1_158' title='bbox 255 2128 306 2152; x_wconf 84' lang='lat' dir='ltr'>hac</span> <span class='ocrx_word' id='word_1_159' title='bbox 321 2128 387 2151; x_wconf 88' lang='lat' dir='ltr'>nota</span> <span class='ocrx_word' id='word_1_160' title='bbox 405 2128 432 2150; x_wconf 90' lang='lat' dir='ltr'>et</span> <span class='ocrx_word' id='word_1_161' title='bbox 447 2126 585 2156; x_wconf 86' lang='lat' dir='ltr'>improbos</span> 
     </span>
    </p>

    <p class='ocr_par' dir='ltr' id='par_1_17' title="bbox 206 2161 564 2192">
     <span class='ocr_line' id='line_1_44' title="bbox 206 2161 564 2192; baseline -0.008 -6"><span class='ocrx_word' id='word_1_162' title='bbox 206 2162 401 2192; x_wconf 72' lang='lat' dir='ltr'>cognoscere,</span> <span class='ocrx_word' id='word_1_163' title='bbox 421 2162 448 2184; x_wconf 86' lang='lat' dir='ltr'>et</span> <span class='ocrx_word' id='word_1_164' title='bbox 467 2161 564 2191; x_wconf 88' lang='lat' dir='ltr'>bonos,</span> 
     </span>
    </p>

    <p class='ocr_par' dir='ltr' id='par_1_18' title="bbox 205 2193 887 2255">
     <span class='ocr_line' id='line_1_45' title="bbox 205 2193 887 2226; baseline -0.006 -6"><span class='ocrx_word' id='word_1_165' title='bbox 205 2198 330 2226; x_wconf 80' lang='lat' dir='ltr'>Aequum</span> <span class='ocrx_word' id='word_1_166' title='bbox 350 2196 442 2222; x_wconf 79' lang='lat' dir='ltr'>esset,</span> <span class='ocrx_word' id='word_1_167' title='bbox 462 2195 548 2218; x_wconf 82' lang='lat' dir='ltr'>veluti</span> <span class='ocrx_word' id='word_1_168' title='bbox 568 2194 594 2217; x_wconf 87' lang='lat' dir='ltr'>iu</span> <span class='ocrx_word' id='word_1_169' title='bbox 614 2193 728 2217; x_wconf 83' lang='lat' dir='ltr'>nubibus</span> <span class='ocrx_word' id='word_1_170' title='bbox 748 2196 887 2217; x_wconf 86' lang='lat' dir='ltr'>astrorum</span> 
     </span>
     <span class='ocr_line' id='line_1_46' title="bbox 205 2229 594 2255; baseline -0.008 -1"><span class='ocrx_word' id='word_1_171' title='bbox 205 2231 303 2255; x_wconf 68' lang='lat' dir='ltr'>Nautis</span> <span class='ocrx_word' id='word_1_172' title='bbox 320 2229 473 2253; x_wconf 88' lang='lat' dir='ltr'>numeratio</span> <span class='ocrx_word' id='word_1_173' title='bbox 492 2229 594 2252; x_wconf 81' lang='lat' dir='ltr'>existit.</span> 
     </span>
    </p>

    <p class='ocr_par' dir='ltr' id='par_1_19' title="bbox 207 2263 737 2295">
     <span class='ocr_line' id='line_1_47' title="bbox 207 2263 737 2295; baseline -0.006 -7"><span class='ocrx_word' id='word_1_174' title='bbox 207 2265 311 2295; x_wconf 85' lang='lat' dir='ltr'>„Nunc</span> <span class='ocrx_word' id='word_1_175' title='bbox 329 2270 398 2288; x_wconf 86' lang='lat' dir='ltr'>vero</span> <span class='ocrx_word' id='word_1_176' title='bbox 417 2264 509 2287; x_wconf 91' lang='lat' dir='ltr'>nullus</span> <span class='ocrx_word' id='word_1_177' title='bbox 529 2263 609 2286; x_wconf 81' lang='lat' dir='ltr'>iudex</span> <span class='ocrx_word' id='word_1_178' title='bbox 628 2269 660 2286; x_wconf 85' lang='lat' dir='ltr'>ex</span> <span class='ocrx_word' id='word_1_179' title='bbox 679 2263 737 2286; x_wconf 91' lang='lat' dir='ltr'>Diis</span> 
     </span>
    </p>

    <p class='ocr_par' dir='ltr' id='par_1_20' title="bbox 206 2298 648 2331">
     <span class='ocr_line' id='line_1_48' title="bbox 206 2298 648 2331; baseline -0.005 -9"><span class='ocrx_word' id='word_1_180' title='bbox 206 2298 319 2331; x_wconf 83' lang='lat' dir='ltr'>„Bonis</span> <span class='ocrx_word' id='word_1_181' title='bbox 339 2305 426 2328; x_wconf 85' lang='lat' dir='ltr'>neque</span> <span class='ocrx_word' id='word_1_182' title='bbox 444 2298 525 2321; x_wconf 89' lang='lat' dir='ltr'>malis</span> <span class='ocrx_word' id='word_1_183' title='bbox 544 2300 648 2325; x_wconf 69' lang='lat' dir='ltr'>certus,</span> 
     </span>
    </p>

    <p class='ocr_par' dir='ltr' id='par_1_21' title="bbox 205 2331 779 2398">
     <span class='ocr_line' id='line_1_49' title="bbox 205 2331 779 2366; baseline -0.003 -10"><span class='ocrx_word' id='word_1_184' title='bbox 205 2333 338 2366; x_wconf 87' lang='lat' dir='ltr'>„Verum</span> <span class='ocrx_word' id='word_1_185' title='bbox 354 2333 451 2356; x_wconf 83' lang='lat' dir='ltr'>fraude</span> <span class='ocrx_word' id='word_1_186' title='bbox 468 2334 549 2356; x_wconf 87' lang='lat' dir='ltr'>utens</span> <span class='ocrx_word' id='word_1_187' title='bbox 569 2332 700 2362; x_wconf 85' lang='lat' dir='ltr'>quaedam</span> <span class='ocrx_word' id='word_1_188' title='bbox 720 2331 779 2355; x_wconf 84' lang='lat' dir='ltr'>vita</span> 
     </span>
     <span class='ocr_line' id='line_1_50' title="bbox 205 2367 640 2398; baseline -0.002 -7"><span class='ocrx_word' id='word_1_189' title='bbox 205 2367 350 2398; x_wconf 76' lang='lat' dir='ltr'>„Divitias</span> <span class='ocrx_word' id='word_1_190' title='bbox 370 2368 474 2390; x_wconf 87' lang='lat' dir='ltr'>tantum</span> <span class='ocrx_word' id='word_1_191' title='bbox 493 2369 640 2396; x_wconf 87' lang='lat' dir='ltr'>comparat.</span> 
     </span>
    </p>
   </div>
   <div class='ocr_carea' id='block_1_9' title="bbox 133 2399 1112 2435">
    <p class='ocr_par' dir='ltr' id='par_1_22' title="bbox 133 2399 1112 2435">
     <span class='ocr_line' id='line_1_51' title="bbox 133 2399 1112 2435; baseline -0.005 -7"><span class='ocrx_word' id='word_1_192' title='bbox 133 2401 182 2435; x_wconf 74' lang='grc'>64)</span> <span class='ocrx_word' id='word_1_193' title='bbox 201 2399 324 2432; x_wconf 86' lang='lat' dir='ltr'>coronis]</span> <span class='ocrx_word' id='word_1_194' title='bbox 348 2401 415 2425; x_wconf 81' lang='lat' dir='ltr'>haec</span> <span class='ocrx_word' id='word_1_195' title='bbox 433 2407 487 2425; x_wconf 86' lang='lat' dir='ltr'>vox</span> <span class='ocrx_word' id='word_1_196' title='bbox 505 2401 532 2424; x_wconf 87' lang='lat' dir='ltr'>iu</span> <span class='ocrx_word' id='word_1_197' title='bbox 551 2406 637 2431; x_wconf 80' lang='lat' dir='ltr'>marg.</span> <span class='ocrx_word' id='word_1_198' title='bbox 656 2400 704 2424; x_wconf 88' lang='lat' dir='ltr'>Ed.</span> <span class='ocrx_word' id='word_1_199' title='bbox 727 2400 802 2425; x_wconf 82' lang='grc'>1562,</span> <span class='ocrx_word' id='word_1_200' title='bbox 822 2401 988 2430; x_wconf 69' lang='lat' dir='ltr'>explicatur:</span> <span class='ocrx_word' id='word_1_201' title='bbox 1019 2407 1085 2424; x_wconf 81' lang='lat' dir='ltr'>cou-</span> <span class='ocrx_word' id='word_1_202' title='bbox 1110 2399 1112 2403; x_wconf 91' lang='lat'>&#39;</span> 
     </span>
    </p>
   </div>
   <div class='ocr_carea' id='block_1_10' title="bbox 168 2437 261 2460">
    <p class='ocr_par' dir='ltr' id='par_1_23' title="bbox 168 2437 261 2460">
     <span class='ocr_line' id='line_1_52' title="bbox 168 2437 261 2460; baseline -0.011 0"><span class='ocrx_word' id='word_1_203' title='bbox 168 2437 261 2460; x_wconf 91' lang='lat' dir='ltr'>viviis.</span> 
     </span>
    </p>
   </div>
   <div class='ocr_carea' id='block_1_11' title="bbox 133 2461 1111 2503">
    <p class='ocr_par' dir='ltr' id='par_1_24' title="bbox 133 2461 1111 2503">
     <span class='ocr_line' id='line_1_53' title="bbox 133 2461 1111 2503; baseline -0.003 -8"><span class='ocrx_word' id='word_1_204' title='bbox 133 2470 181 2503; x_wconf 77' lang='lat'>65)</span> <span class='ocrx_word' id='word_1_205' title='bbox 201 2468 422 2502; x_wconf 83' lang='lat' dir='ltr'>Mnemosynam]</span> <span class='ocrx_word' id='word_1_206' title='bbox 442 2469 502 2493; x_wconf 86' lang='lat' dir='ltr'>huic</span> <span class='ocrx_word' id='word_1_207' title='bbox 520 2468 582 2493; x_wconf 84' lang='lat' dir='ltr'>ibid.</span> <span class='ocrx_word' id='word_1_208' title='bbox 602 2469 742 2499; x_wconf 83' lang='lat' dir='ltr'>adscripta</span> <span class='ocrx_word' id='word_1_209' title='bbox 761 2471 824 2492; x_wconf 86' lang='lat' dir='ltr'>sunt</span> <span class='ocrx_word' id='word_1_210' title='bbox 845 2471 942 2493; x_wconf 82' lang='lat' dir='ltr'>verba:</span> <span class='ocrx_word' id='word_1_211' title='bbox 970 2472 1083 2493; x_wconf 78' lang='lat' dir='ltr'>matrem</span> <span class='ocrx_word' id='word_1_212' title='bbox 1110 2461 1111 2467; x_wconf 46' lang='lat'>¹</span> 
     </span>
    </p>
   </div>
   <div class='ocr_carea' id='block_1_12' title="bbox 132 2507 1082 2571">
    <p class='ocr_par' dir='ltr' id='par_1_25' title="bbox 132 2507 1082 2571">
     <span class='ocr_line' id='line_1_54' title="bbox 168 2507 318 2529; baseline 0 0"><span class='ocrx_word' id='word_1_213' title='bbox 168 2507 318 2529; x_wconf 79' lang='lat' dir='ltr'>Musarum.</span> 
     </span>
     <span class='ocr_line' id='line_1_55' title="bbox 132 2538 1082 2571; baseline -0.001 -8"><span class='ocrx_word' id='word_1_214' title='bbox 132 2539 199 2571; x_wconf 80' lang='lat'><strong>65³)</strong></span> <span class='ocrx_word' id='word_1_215' title='bbox 225 2541 291 2564; x_wconf 84' lang='lat' dir='ltr'>Tum</span> <span class='ocrx_word' id='word_1_216' title='bbox 310 2551 343 2556; x_wconf 89' lang='lat'><strong>—</strong></span> <span class='ocrx_word' id='word_1_217' title='bbox 362 2539 442 2567; x_wconf 88' lang='lat' dir='ltr'>Tum]</span> <span class='ocrx_word' id='word_1_218' title='bbox 467 2538 507 2562; x_wconf 86' lang='lat' dir='ltr'>sic</span> <span class='ocrx_word' id='word_1_219' title='bbox 532 2538 614 2561; x_wconf 89' lang='lat' dir='ltr'>Editt.</span> <span class='ocrx_word' id='word_1_220' title='bbox 634 2539 736 2562; x_wconf 83' lang='lat' dir='ltr'>recent.</span> <span class='ocrx_word' id='word_1_221' title='bbox 764 2538 809 2568; x_wconf 88' lang='lat'>(=</span> <span class='ocrx_word' id='word_1_222' title='bbox 828 2538 918 2568; x_wconf 83' lang='lat' dir='ltr'>Eurip.</span> <span class='ocrx_word' id='word_1_223' title='bbox 942 2545 968 2561; x_wconf 72' lang='grc' dir='ltr'>τε</span> <span class='ocrx_word' id='word_1_224' title='bbox 987 2550 1021 2555; x_wconf 91' lang='lat'><em>-</em></span> <span class='ocrx_word' id='word_1_225' title='bbox 1040 2545 1082 2568; x_wconf 67' lang='lat'>¹⁵3</span> 
     </span>
    </p>
   </div>
   <div class='ocr_carea' id='block_1_13' title="bbox 168 2572 838 2604">
    <p class='ocr_par' dir='ltr' id='par_1_26' title="bbox 168 2572 838 2604">
     <span class='ocr_line' id='line_1_56' title="bbox 168 2572 838 2604; baseline -0.003 -6"><span class='ocrx_word' id='word_1_226' title='bbox 168 2574 218 2598; x_wconf 84' lang='lat' dir='ltr'>Ed.</span> <span class='ocrx_word' id='word_1_227' title='bbox 242 2574 317 2598; x_wconf 82' lang='lat'>1558.</span> <span class='ocrx_word' id='word_1_228' title='bbox 336 2574 372 2597; x_wconf 80' lang='lat' dir='ltr'>Et</span> <span class='ocrx_word' id='word_1_229' title='bbox 389 2585 423 2590; x_wconf 93' lang='lat'>—</span> <span class='ocrx_word' id='word_1_230' title='bbox 441 2572 508 2604; x_wconf 82' lang='lat' dir='ltr'>Et);</span> <span class='ocrx_word' id='word_1_231' title='bbox 527 2573 576 2596; x_wconf 82' lang='lat' dir='ltr'>Ed.</span> <span class='ocrx_word' id='word_1_232' title='bbox 597 2572 670 2596; x_wconf 72' lang='lat'>¹562.</span> <span class='ocrx_word' id='word_1_233' title='bbox 691 2573 730 2596; x_wconf 81' lang='lat' dir='ltr'>Tu</span> <span class='ocrx_word' id='word_1_234' title='bbox 747 2586 781 2590; x_wconf 85' lang='lat'>—-</span> <span class='ocrx_word' id='word_1_235' title='bbox 800 2573 838 2596; x_wconf 82' lang='lat' dir='ltr'>Tu</span> 
     </span>
    </p>
   </div>
   <div class='ocr_carea' id='block_1_14' title="bbox 131 2605 1109 2640">
    <p class='ocr_par' dir='ltr' id='par_1_27' title="bbox 131 2605 1109 2640">
     <span class='ocr_line' id='line_1_57' title="bbox 131 2605 1109 2640; baseline -0.002 -8"><span class='ocrx_word' id='word_1_236' title='bbox 131 2607 180 2640; x_wconf 72' lang='lat'>66)</span> <span class='ocrx_word' id='word_1_237' title='bbox 200 2609 260 2632; x_wconf 84' lang='lat' dir='ltr'>Non</span> <span class='ocrx_word' id='word_1_238' title='bbox 278 2608 394 2632; x_wconf 84' lang='lat' dir='ltr'>cessabo</span> <span class='ocrx_word' id='word_1_239' title='bbox 414 2622 446 2627; x_wconf 93' lang='lat'><strong>—</strong></span> <span class='ocrx_word' id='word_1_240' title='bbox 465 2606 570 2631; x_wconf 83' lang='lat' dir='ltr'>belluis.</span> <span class='ocrx_word' id='word_1_241' title='bbox 591 2605 647 2637; x_wconf 83' lang='lat' dir='ltr'>(vs.</span> <span class='ocrx_word' id='word_1_242' title='bbox 661 2606 850 2639; x_wconf 79' lang='lat'>673-700.)]</span> <span class='ocrx_word' id='word_1_243' title='bbox 870 2607 911 2630; x_wconf 83' lang='lat' dir='ltr'>sic</span> <span class='ocrx_word' id='word_1_244' title='bbox 927 2607 975 2630; x_wconf 85' lang='lat' dir='ltr'>Ed.</span> <span class='ocrx_word' id='word_1_245' title='bbox 992 2606 1082 2633; x_wconf 77' lang='lat'>1562.;</span> <span class='ocrx_word' id='word_1_246' title='bbox 1107 2612 1109 2619; x_wconf 61' lang='lat'><em>¹</em></span> 
     </span>
    </p>
   </div>
   <div class='ocr_carea' id='block_1_15' title="bbox 166 2642 326 2668">
    <p class='ocr_par' dir='ltr' id='par_1_28' title="bbox 166 2642 326 2668">
     <span class='ocr_line' id='line_1_58' title="bbox 166 2642 326 2668; baseline 0 -1"><span class='ocrx_word' id='word_1_247' title='bbox 166 2642 215 2667; x_wconf 75' lang='lat' dir='ltr'>Ed.</span> <span class='ocrx_word' id='word_1_248' title='bbox 236 2642 326 2668; x_wconf 79' lang='lat'>1558.:</span> 
     </span>
    </p>
   </div>
   <div class='ocr_carea' id='block_1_16' title="bbox 628 53 1829 94">
    <p class='ocr_par' dir='ltr' id='par_1_29' title="bbox 628 53 1829 94">
     <span class='ocr_line' id='line_1_59' title="bbox 628 53 1829 94; baseline -0.005 0"><span class='ocrx_word' id='word_1_249' title='bbox 628 57 1026 94; x_wconf 82' lang='lat' dir='ltr'><strong>INTERPRETATIO</strong></span> <span class='ocrx_word' id='word_1_250' title='bbox 1053 54 1292 92; x_wconf 83' lang='lat' dir='ltr'><strong>EURIPIDIS</strong></span> <span class='ocrx_word' id='word_1_251' title='bbox 1318 53 1554 90; x_wconf 87' lang='lat' dir='ltr'><strong>HERCULIS</strong></span> <span class='ocrx_word' id='word_1_252' title='bbox 1579 53 1829 90; x_wconf 88' lang='lat' dir='ltr'>FURENTIS.</span> 
     </span>
    </p>
   </div>
   <div class='ocr_carea' id='block_1_17' title="bbox 2046 55 2142 90">
    <p class='ocr_par' dir='ltr' id='par_1_30' title="bbox 2046 55 2142 90">
     <span class='ocr_line' id='line_1_60' title="bbox 2046 55 2142 90; baseline -0.01 0"><span class='ocrx_word' id='word_1_253' title='bbox 2046 55 2142 90; x_wconf 88' lang='lat'>1098</span> 
     </span>
    </p>
   </div>
   <div class='ocr_carea' id='block_1_18' title="bbox 1236 140 2065 239">
    <p class='ocr_par' dir='ltr' id='par_1_31' title="bbox 1236 140 2065 239">
     <span class='ocr_line' id='line_1_61' title="bbox 1236 140 2065 190; baseline -0.005 -12"><span class='ocrx_word' id='word_1_254' title='bbox 1236 140 1421 190; x_wconf 71' lang='lat' dir='ltr'>[Lyca-5,</span> <span class='ocrx_word' id='word_1_255' title='bbox 1454 143 1734 186; x_wconf 73' lang='lat' dir='ltr'>AmphitryO,</span> <span class='ocrx_word' id='word_1_256' title='bbox 1766 143 1876 181; x_wconf 71' lang='lat' dir='ltr'>Iris,</span> <span class='ocrx_word' id='word_1_257' title='bbox 1909 143 2065 184; x_wconf 76' lang='lat' dir='ltr'>Lyssa,</span> 
     </span>
     <span class='ocr_line' id='line_1_62' title="bbox 1549 189 1751 239; baseline -0.005 -12"><span class='ocrx_word' id='word_1_258' title='bbox 1549 189 1751 239; x_wconf 50' lang='lat' dir='ltr'>Chorus]</span> 
     </span>
    </p>
   </div>
   <div class='ocr_carea' id='block_1_19' title="bbox 1154 276 2144 1434">
    <p class='ocr_par' dir='ltr' id='par_1_32' title="bbox 1154 276 2144 1434">
     <span class='ocr_line' id='line_1_63' title="bbox 1211 276 2144 323; baseline -0.003 -9"><span class='ocrx_word' id='word_1_259' title='bbox 1211 282 1334 323; x_wconf 74' lang='lat' dir='ltr'>Lycus.</span> <span class='ocrx_word' id='word_1_260' title='bbox 1377 277 1418 312; x_wconf 92' lang='lat' dir='ltr'>In</span> <span class='ocrx_word' id='word_1_261' title='bbox 1449 284 1609 322; x_wconf 88' lang='lat' dir='ltr'>tempore</span> <span class='ocrx_word' id='word_1_262' title='bbox 1640 283 1738 311; x_wconf 79' lang='lat' dir='ltr'>extra</span> <span class='ocrx_word' id='word_1_263' title='bbox 1777 277 1924 310; x_wconf 88' lang='lat' dir='ltr'>domum</span> <span class='ocrx_word' id='word_1_264' title='bbox 1961 276 2144 320; x_wconf 83' lang='lat' dir='ltr'>egrediens</span> 
     </span>
     <span class='ocr_line' id='line_1_64' title="bbox 1566 327 1796 373; baseline -0.004 -11"><span class='ocrx_word' id='word_1_265' title='bbox 1566 327 1796 373; x_wconf 75' lang='lat' dir='ltr'>Amphitryo,</span> 
     </span>
     <span class='ocr_line' id='line_1_65' title="bbox 1209 378 2028 424; baseline -0.002 -11"><span class='ocrx_word' id='word_1_266' title='bbox 1209 380 1365 424; x_wconf 84' lang='lat' dir='ltr'>Tempus</span> <span class='ocrx_word' id='word_1_267' title='bbox 1383 381 1453 413; x_wconf 90' lang='lat' dir='ltr'>iam</span> <span class='ocrx_word' id='word_1_268' title='bbox 1472 381 1619 424; x_wconf 85' lang='lat' dir='ltr'>longum</span> <span class='ocrx_word' id='word_1_269' title='bbox 1636 386 1704 420; x_wconf 84' lang='lat' dir='ltr'>est,</span> <span class='ocrx_word' id='word_1_270' title='bbox 1727 391 1768 412; x_wconf 76' lang='lat' dir='ltr'>ex</span> <span class='ocrx_word' id='word_1_271' title='bbox 1786 391 1857 424; x_wconf 92' lang='lat' dir='ltr'>quo</span> <span class='ocrx_word' id='word_1_272' title='bbox 1874 378 2028 411; x_wconf 73' lang='lat' dir='ltr'>vestibus</span> 
     </span>
     <span class='ocr_line' id='line_1_66' title="bbox 1206 429 2065 473; baseline -0.001 -9"><span class='ocrx_word' id='word_1_273' title='bbox 1206 430 1252 464; x_wconf 88' lang='lat' dir='ltr'>Et</span> <span class='ocrx_word' id='word_1_274' title='bbox 1267 431 1508 465; x_wconf 85' lang='lat' dir='ltr'>monumentis</span> <span class='ocrx_word' id='word_1_275' title='bbox 1525 438 1753 465; x_wconf 87' lang='lat' dir='ltr'>mortuorum</span> <span class='ocrx_word' id='word_1_276' title='bbox 1770 429 1905 463; x_wconf 89' lang='lat' dir='ltr'>ornatis</span> <span class='ocrx_word' id='word_1_277' title='bbox 1926 441 2065 473; x_wconf 86' lang='lat' dir='ltr'>corpus.</span> 
     </span>
     <span class='ocr_line' id='line_1_67' title="bbox 1207 481 1918 526; baseline -0.004 -11"><span class='ocrx_word' id='word_1_278' title='bbox 1207 482 1275 515; x_wconf 90' lang='lat' dir='ltr'>Sed</span> <span class='ocrx_word' id='word_1_279' title='bbox 1292 494 1374 526; x_wconf 82' lang='lat' dir='ltr'>age,</span> <span class='ocrx_word' id='word_1_280' title='bbox 1396 483 1526 516; x_wconf 88' lang='lat' dir='ltr'>liberos</span> <span class='ocrx_word' id='word_1_281' title='bbox 1545 489 1577 515; x_wconf 89' lang='lat' dir='ltr'>et</span> <span class='ocrx_word' id='word_1_282' title='bbox 1594 494 1740 515; x_wconf 81' lang='lat' dir='ltr'>uxorem</span> <span class='ocrx_word' id='word_1_283' title='bbox 1756 481 1918 513; x_wconf 87' lang='lat' dir='ltr'>Herculis</span> 
     </span>
     <span class='ocr_line' id='line_1_68' title="bbox 1156 531 1857 576; baseline -0.004 -10"><span class='ocrx_word' id='word_1_284' title='bbox 1156 531 1230 566; x_wconf 89' lang='lat'>705</span> <span class='ocrx_word' id='word_1_285' title='bbox 1253 532 1337 565; x_wconf 89' lang='lat' dir='ltr'>Iube</span> <span class='ocrx_word' id='word_1_286' title='bbox 1355 539 1449 565; x_wconf 78' lang='lat' dir='ltr'>extra</span> <span class='ocrx_word' id='word_1_287' title='bbox 1469 531 1532 566; x_wconf 79' lang='lat' dir='ltr'>has</span> <span class='ocrx_word' id='word_1_288' title='bbox 1550 534 1654 566; x_wconf 88' lang='lat' dir='ltr'>aedes</span> <span class='ocrx_word' id='word_1_289' title='bbox 1672 544 1857 576; x_wconf 85' lang='lat' dir='ltr'>apparere,</span> 
     </span>
     <span class='ocr_line' id='line_1_69' title="bbox 1205 582 1949 628; baseline -0.003 -12"><span class='ocrx_word' id='word_1_290' title='bbox 1205 583 1298 628; x_wconf 79' lang='lat' dir='ltr'>Quia</span> <span class='ocrx_word' id='word_1_291' title='bbox 1318 584 1530 627; x_wconf 85' lang='lat' dir='ltr'>promisistis</span> <span class='ocrx_word' id='word_1_292' title='bbox 1549 596 1611 617; x_wconf 76' lang='lat' dir='ltr'>vos</span> <span class='ocrx_word' id='word_1_293' title='bbox 1630 584 1724 617; x_wconf 82' lang='lat' dir='ltr'>ultro</span> <span class='ocrx_word' id='word_1_294' title='bbox 1743 582 1949 615; x_wconf 85' lang='lat' dir='ltr'>morituros.</span> 
     </span>
     <span class='ocr_line' id='line_1_70' title="bbox 1204 634 1915 673; baseline -0.007 -4"><span class='ocrx_word' id='word_1_295' title='bbox 1204 638 1282 669; x_wconf 89' lang='lat' dir='ltr'>Am.</span> <span class='ocrx_word' id='word_1_296' title='bbox 1307 634 1340 667; x_wconf 92' lang='lat' dir='ltr'>O</span> <span class='ocrx_word' id='word_1_297' title='bbox 1358 646 1438 673; x_wconf 76' lang='lat' dir='ltr'>rex,</span> <span class='ocrx_word' id='word_1_298' title='bbox 1462 635 1643 668; x_wconf 78' lang='lat' dir='ltr'>insectaris</span> <span class='ocrx_word' id='word_1_299' title='bbox 1659 647 1715 667; x_wconf 88' lang='lat' dir='ltr'>me</span> <span class='ocrx_word' id='word_1_300' title='bbox 1732 635 1915 671; x_wconf 83' lang='lat' dir='ltr'>miserum,</span> 
     </span>
     <span class='ocr_line' id='line_1_71' title="bbox 1203 679 2141 726; baseline -0.005 -8"><span class='ocrx_word' id='word_1_301' title='bbox 1203 685 1259 718; x_wconf 89' lang='lat' dir='ltr'>Ad</span> <span class='ocrx_word' id='word_1_302' title='bbox 1284 685 1450 719; x_wconf 86' lang='lat' dir='ltr'>iniuriam</span> <span class='ocrx_word' id='word_1_303' title='bbox 1467 684 1573 717; x_wconf 88' lang='lat' dir='ltr'>aliam</span> <span class='ocrx_word' id='word_1_304' title='bbox 1599 685 1767 717; x_wconf 83' lang='lat' dir='ltr'>iniuriam</span> <span class='ocrx_word' id='word_1_305' title='bbox 1790 683 1908 723; x_wconf 82' lang='lat' dir='ltr'>addis,</span> <span class='ocrx_word' id='word_1_306' title='bbox 1931 692 2037 726; x_wconf 82' lang='lat' dir='ltr'>supra</span> <span class='ocrx_word' id='word_1_307' title='bbox 2062 679 2141 720; x_wconf 85' lang='lat' dir='ltr'>hoc,</span> 
     </span>
     <span class='ocr_line' id='line_1_72' title="bbox 1564 735 2063 781; baseline -0.008 -13"><span class='ocrx_word' id='word_1_308' title='bbox 1564 736 1660 781; x_wconf 89' lang='lat' dir='ltr'>quod</span> <span class='ocrx_word' id='word_1_309' title='bbox 1676 748 1773 769; x_wconf 91' lang='lat' dir='ltr'>meos</span> <span class='ocrx_word' id='word_1_310' title='bbox 1790 735 1882 767; x_wconf 84' lang='lat' dir='ltr'>mori</span> <span class='ocrx_word' id='word_1_311' title='bbox 1906 738 2063 777; x_wconf 79' lang='lat' dir='ltr'>oportet;</span> 
     </span>
     <span class='ocr_line' id='line_1_73' title="bbox 1205 783 2140 833; baseline -0.007 -12"><span class='ocrx_word' id='word_1_312' title='bbox 1205 787 1343 833; x_wconf 84' lang='lat' dir='ltr'>Quibus</span> <span class='ocrx_word' id='word_1_313' title='bbox 1352 788 1456 822; x_wconf 87' lang='lat' dir='ltr'>rebus</span> <span class='ocrx_word' id='word_1_314' title='bbox 1467 787 1700 821; x_wconf 76' lang='lat' dir='ltr'>conveniebat</span> <span class='ocrx_word' id='word_1_315' title='bbox 1710 792 1742 818; x_wconf 87' lang='lat' dir='ltr'>te</span> <span class='ocrx_word' id='word_1_316' title='bbox 1752 786 1992 823; x_wconf 84' lang='lat' dir='ltr'>mediocriter,</span> <span class='ocrx_word' id='word_1_317' title='bbox 2002 783 2140 816; x_wconf 84' lang='lat' dir='ltr'>etiamsi</span> 
     </span>
     <span class='ocr_line' id='line_1_74' title="bbox 1565 837 1978 876; baseline -0.007 -6"><span class='ocrx_word' id='word_1_318' title='bbox 1565 838 1733 871; x_wconf 87' lang='lat' dir='ltr'>dominus</span> <span class='ocrx_word' id='word_1_319' title='bbox 1749 849 1783 869; x_wconf 93' lang='lat' dir='ltr'>es</span> <span class='ocrx_word' id='word_1_320' title='bbox 1795 863 1803 876; x_wconf 91' lang='lat'>‚</span> <span class='ocrx_word' id='word_1_321' title='bbox 1827 837 1978 869; x_wconf 84' lang='lat' dir='ltr'>studere.</span> 
     </span>
     <span class='ocr_line' id='line_1_75' title="bbox 1155 887 1807 935; baseline -0.006 -12"><span class='ocrx_word' id='word_1_322' title='bbox 1155 890 1228 924; x_wconf 88' lang='grc'>710</span> <span class='ocrx_word' id='word_1_323' title='bbox 1253 889 1320 923; x_wconf 88' lang='lat' dir='ltr'>Sed</span> <span class='ocrx_word' id='word_1_324' title='bbox 1340 891 1484 935; x_wconf 87' lang='lat' dir='ltr'>quando</span> <span class='ocrx_word' id='word_1_325' title='bbox 1505 889 1598 934; x_wconf 80' lang='lat' dir='ltr'>cogis</span> <span class='ocrx_word' id='word_1_326' title='bbox 1617 901 1682 922; x_wconf 89' lang='lat' dir='ltr'>nos</span> <span class='ocrx_word' id='word_1_327' title='bbox 1700 887 1807 927; x_wconf 86' lang='lat' dir='ltr'>mori,</span> 
     </span>
     <span class='ocr_line' id='line_1_76' title="bbox 1205 938 2141 980; baseline -0.006 -7"><span class='ocrx_word' id='word_1_328' title='bbox 1205 941 1351 974; x_wconf 58' lang='lat' dir='ltr'>Necesse</span> <span class='ocrx_word' id='word_1_329' title='bbox 1370 948 1420 975; x_wconf 92' lang='lat' dir='ltr'>est</span> <span class='ocrx_word' id='word_1_330' title='bbox 1437 941 1522 974; x_wconf 89' lang='lat' dir='ltr'>boni</span> <span class='ocrx_word' id='word_1_331' title='bbox 1541 940 1743 977; x_wconf 86' lang='lat' dir='ltr'>consulere;</span> <span class='ocrx_word' id='word_1_332' title='bbox 1760 938 1920 971; x_wconf 84' lang='lat' dir='ltr'>facienda</span> <span class='ocrx_word' id='word_1_333' title='bbox 1937 948 2034 975; x_wconf 57' lang='lat' dir='ltr'>vero,</span> <span class='ocrx_word' id='word_1_334' title='bbox 2051 948 2141 980; x_wconf 82' lang='lat' dir='ltr'>quae</span> 
     </span>
     <span class='ocr_line' id='line_1_77' title="bbox 1568 991 1833 1024; baseline -0.008 0"><span class='ocrx_word' id='word_1_335' title='bbox 1568 991 1635 1024; x_wconf 81' lang='lat' dir='ltr'>tibi</span> <span class='ocrx_word' id='word_1_336' title='bbox 1655 991 1833 1023; x_wconf 73' lang='lat' dir='ltr'>videntur.</span> 
     </span>
     <span class='ocr_line' id='line_1_78' title="bbox 1204 1037 2140 1087; baseline -0.009 -11"><span class='ocrx_word' id='word_1_337' title='bbox 1204 1042 1342 1087; x_wconf 63' lang='lat' dir='ltr'>Lyle-⁶⁷)</span> <span class='ocrx_word' id='word_1_338' title='bbox 1385 1042 1542 1076; x_wconf 84' lang='lat' dir='ltr'>Ubinam</span> <span class='ocrx_word' id='word_1_339' title='bbox 1568 1048 1620 1076; x_wconf 86' lang='lat' dir='ltr'>est</span> <span class='ocrx_word' id='word_1_340' title='bbox 1646 1040 1816 1085; x_wconf 74' lang='lat' dir='ltr'>Megara?</span> <span class='ocrx_word' id='word_1_341' title='bbox 1853 1039 1914 1073; x_wconf 87' lang='lat' dir='ltr'>ubi</span> <span class='ocrx_word' id='word_1_342' title='bbox 1938 1039 2055 1083; x_wconf 89' lang='lat' dir='ltr'>proles</span> <span class='ocrx_word' id='word_1_343' title='bbox 2079 1037 2140 1069; x_wconf 82' lang='lat' dir='ltr'>filii</span> 
     </span>
     <span class='ocr_line' id='line_1_79' title="bbox 1567 1091 1785 1126; baseline -0.009 0"><span class='ocrx_word' id='word_1_344' title='bbox 1567 1091 1785 1126; x_wconf 79' lang='lat' dir='ltr'>Alcmenae?</span> 
     </span>
     <span class='ocr_line' id='line_1_80' title="bbox 1202 1141 2141 1190; baseline -0.007 -12"><span class='ocrx_word' id='word_1_345' title='bbox 1202 1148 1278 1178; x_wconf 82' lang='lat' dir='ltr'>Am.</span> <span class='ocrx_word' id='word_1_346' title='bbox 1301 1144 1450 1177; x_wconf 65' lang='lat' dir='ltr'>Videtur</span> <span class='ocrx_word' id='word_1_347' title='bbox 1467 1142 1574 1184; x_wconf 81' lang='lat' dir='ltr'>mihi,</span> <span class='ocrx_word' id='word_1_348' title='bbox 1593 1150 1766 1190; x_wconf 87' lang='lat' dir='ltr'>quantum</span> <span class='ocrx_word' id='word_1_349' title='bbox 1783 1141 1870 1175; x_wconf 85' lang='lat' dir='ltr'>soris</span> <span class='ocrx_word' id='word_1_350' title='bbox 1885 1147 1981 1175; x_wconf 70' lang='lat' dir='ltr'>stans</span> <span class='ocrx_word' id='word_1_351' title='bbox 1998 1152 2141 1184; x_wconf 83' lang='lat' dir='ltr'>possum</span> 
     </span>
     <span class='ocr_line' id='line_1_81' title="bbox 1566 1207 1818 1234; baseline -0.008 -6"><span class='ocrx_word' id='word_1_352' title='bbox 1566 1207 1754 1234; x_wconf 83' lang='lat' dir='ltr'>conuecre,</span> <span class='ocrx_word' id='word_1_353' title='bbox 1771 1216 1818 1222; x_wconf 91' lang='lat'>—</span> 
     </span>
     <span class='ocr_line' id='line_1_82' title="bbox 1203 1245 1597 1291; baseline -0.003 -11"><span class='ocrx_word' id='word_1_354' title='bbox 1203 1249 1287 1289; x_wconf 76' lang='lat' dir='ltr'>Lyc.</span> <span class='ocrx_word' id='word_1_355' title='bbox 1312 1246 1406 1291; x_wconf 84' lang='lat' dir='ltr'>Quid</span> <span class='ocrx_word' id='word_1_356' title='bbox 1426 1245 1597 1280; x_wconf 65' lang='lat' dir='ltr'>coniicis&#39;?</span> 
     </span>
     <span class='ocr_line' id='line_1_83' title="bbox 1154 1291 2137 1342; baseline -0.004 -13"><span class='ocrx_word' id='word_1_357' title='bbox 1154 1297 1226 1330; x_wconf 83' lang='lat'>715</span> <span class='ocrx_word' id='word_1_358' title='bbox 1250 1300 1328 1331; x_wconf 87' lang='lat' dir='ltr'>Am.</span> <span class='ocrx_word' id='word_1_359' title='bbox 1346 1297 1547 1342; x_wconf 81' lang='lat' dir='ltr'>Supplicem</span> <span class='ocrx_word' id='word_1_360' title='bbox 1565 1298 1685 1331; x_wconf 86' lang='lat' dir='ltr'>sedere</span> <span class='ocrx_word' id='word_1_361' title='bbox 1704 1297 1745 1329; x_wconf 83' lang='lat' dir='ltr'>ad</span> <span class='ocrx_word' id='word_1_362' title='bbox 1765 1301 1902 1329; x_wconf 82' lang='lat' dir='ltr'>sanctas</span> <span class='ocrx_word' id='word_1_363' title='bbox 1916 1295 2025 1326; x_wconf 88' lang='lat' dir='ltr'>fossas</span> <span class='ocrx_word' id='word_1_364' title='bbox 2042 1291 2137 1325; x_wconf 84' lang='lat' dir='ltr'>laris.</span> 
     </span>
     <span class='ocr_line' id='line_1_84' title="bbox 1204 1345 2075 1393; baseline -0.007 -12"><span class='ocrx_word' id='word_1_365' title='bbox 1204 1350 1286 1391; x_wconf 79' lang='lat' dir='ltr'>Lyc.</span> <span class='ocrx_word' id='word_1_366' title='bbox 1313 1348 1459 1382; x_wconf 81' lang='lat' dir='ltr'>Frustra</span> <span class='ocrx_word' id='word_1_367' title='bbox 1478 1349 1674 1393; x_wconf 76' lang='lat' dir='ltr'>supplicat,</span> <span class='ocrx_word' id='word_1_368' title='bbox 1696 1354 1735 1381; x_wconf 90' lang='lat' dir='ltr'>ut</span> <span class='ocrx_word' id='word_1_369' title='bbox 1752 1351 1936 1380; x_wconf 70' lang='lat' dir='ltr'>conservet</span> <span class='ocrx_word' id='word_1_370' title='bbox 1953 1345 2075 1377; x_wconf 67' lang='lat' dir='ltr'>vitani.</span> 
     </span>
     <span class='ocr_line' id='line_1_85' title="bbox 1204 1399 1829 1434; baseline -0.002 -1"><span class='ocrx_word' id='word_1_371' title='bbox 1204 1402 1281 1433; x_wconf 87' lang='lat' dir='ltr'>Am.</span> <span class='ocrx_word' id='word_1_372' title='bbox 1305 1399 1350 1433; x_wconf 82' lang='lat' dir='ltr'>Et</span> <span class='ocrx_word' id='word_1_373' title='bbox 1366 1401 1495 1434; x_wconf 77' lang='lat' dir='ltr'>frustra</span> <span class='ocrx_word' id='word_1_374' title='bbox 1515 1407 1618 1433; x_wconf 71' lang='lat' dir='ltr'>vocat</span> <span class='ocrx_word' id='word_1_375' title='bbox 1634 1405 1829 1433; x_wconf 82' lang='lat' dir='ltr'>mortuum.</span> 
     </span>
    </p>
   </div>
   <div class='ocr_carea' id='block_1_20' title="bbox 1164 1506 1354 1516">
    <p class='ocr_par' dir='ltr' id='par_1_33' title="bbox 1164 1506 1354 1516">
     <span class='ocr_line' id='line_1_86' title="bbox 1164 1506 1354 1516; baseline 0 0"><span class='ocrx_word' id='word_1_376' title='bbox 1164 1506 1354 1516; x_wconf 95' lang='lat' dir='ltr'> </span> 
     </span>
    </p>
   </div>
   <div class='ocr_carea' id='block_1_21' title="bbox 1110 1580 2084 2529">
    <p class='ocr_par' dir='ltr' id='par_1_34' title="bbox 1252 1580 1586 1610">
     <span class='ocr_line' id='line_1_87' title="bbox 1252 1580 1586 1610; baseline -0.006 -5"><span class='ocrx_word' id='word_1_377' title='bbox 1252 1582 1310 1605; x_wconf 76' lang='lat' dir='ltr'>Non</span> <span class='ocrx_word' id='word_1_378' title='bbox 1330 1580 1460 1604; x_wconf 85' lang='lat' dir='ltr'>desistam</span> <span class='ocrx_word' id='word_1_379' title='bbox 1479 1580 1586 1610; x_wconf 77' lang='lat' dir='ltr'>gratias</span> 
     </span>
    </p>

    <p class='ocr_par' dir='ltr' id='par_1_35' title="bbox 1252 1615 1542 1644">
     <span class='ocr_line' id='line_1_88' title="bbox 1252 1615 1542 1644; baseline -0.003 -6"><span class='ocrx_word' id='word_1_380' title='bbox 1252 1616 1337 1638; x_wconf 83' lang='lat' dir='ltr'>Musis</span> <span class='ocrx_word' id='word_1_381' title='bbox 1359 1615 1542 1644; x_wconf 71' lang='lat' dir='ltr'>coniungens,</span> 
     </span>
    </p>

    <p class='ocr_par' dir='ltr' id='par_1_36' title="bbox 1253 1648 1702 1679">
     <span class='ocr_line' id='line_1_89' title="bbox 1253 1648 1702 1679; baseline -0.004 -7"><span class='ocrx_word' id='word_1_382' title='bbox 1253 1650 1453 1673; x_wconf 78' lang='lat' dir='ltr'>suavissimam</span> <span class='ocrx_word' id='word_1_383' title='bbox 1473 1648 1702 1679; x_wconf 74' lang='lat' dir='ltr'>coniugationem.</span> 
     </span>
    </p>

    <p class='ocr_par' dir='ltr' id='par_1_37' title="bbox 1251 1681 1877 1748">
     <span class='ocr_line' id='line_1_90' title="bbox 1251 1681 1877 1709; baseline -0.006 -2"><span class='ocrx_word' id='word_1_384' title='bbox 1251 1684 1359 1707; x_wconf 84' lang='lat' dir='ltr'>Utinam</span> <span class='ocrx_word' id='word_1_385' title='bbox 1380 1684 1469 1706; x_wconf 88' lang='lat' dir='ltr'>vivam</span> <span class='ocrx_word' id='word_1_386' title='bbox 1488 1683 1591 1706; x_wconf 86' lang='lat' dir='ltr'>infelici</span> <span class='ocrx_word' id='word_1_387' title='bbox 1609 1683 1747 1706; x_wconf 83' lang='lat' dir='ltr'>Musarum</span> <span class='ocrx_word' id='word_1_388' title='bbox 1771 1681 1877 1709; x_wconf 75' lang='lat' dir='ltr'>studi03</span> 
     </span>
     <span class='ocr_line' id='line_1_91' title="bbox 1253 1716 1706 1748; baseline -0.004 -7"><span class='ocrx_word' id='word_1_389' title='bbox 1253 1720 1366 1748; x_wconf 73' lang='lat' dir='ltr'>semper</span> <span class='ocrx_word' id='word_1_390' title='bbox 1385 1723 1451 1741; x_wconf 83' lang='lat' dir='ltr'>vero</span> <span class='ocrx_word' id='word_1_391' title='bbox 1472 1717 1498 1740; x_wconf 92' lang='lat' dir='ltr'>in</span> <span class='ocrx_word' id='word_1_392' title='bbox 1518 1717 1627 1740; x_wconf 86' lang='lat' dir='ltr'>coronis</span> <span class='ocrx_word' id='word_1_393' title='bbox 1647 1716 1706 1740; x_wconf 91' lang='lat' dir='ltr'>sim.</span> 
     </span>
    </p>

    <p class='ocr_par' dir='ltr' id='par_1_38' title="bbox 1250 1752 1678 1776">
     <span class='ocr_line' id='line_1_92' title="bbox 1250 1752 1678 1776; baseline -0.007 0"><span class='ocrx_word' id='word_1_394' title='bbox 1250 1753 1344 1776; x_wconf 81' lang='lat' dir='ltr'>Adhuc</span> <span class='ocrx_word' id='word_1_395' title='bbox 1362 1754 1437 1775; x_wconf 85' lang='lat' dir='ltr'>certe</span> <span class='ocrx_word' id='word_1_396' title='bbox 1455 1752 1563 1774; x_wconf 77' lang='lat' dir='ltr'>vetulus</span> <span class='ocrx_word' id='word_1_397' title='bbox 1581 1752 1678 1774; x_wconf 83' lang='lat' dir='ltr'>cantor</span> 
     </span>
    </p>

    <p class='ocr_par' dir='ltr' id='par_1_39' title="bbox 1252 1785 1637 1816">
     <span class='ocr_line' id='line_1_93' title="bbox 1252 1785 1637 1816; baseline -0.008 -5"><span class='ocrx_word' id='word_1_398' title='bbox 1252 1787 1353 1811; x_wconf 81' lang='lat' dir='ltr'>Cautat</span> <span class='ocrx_word' id='word_1_399' title='bbox 1369 1786 1501 1810; x_wconf 86' lang='lat' dir='ltr'>memoria</span> <span class='ocrx_word' id='word_1_400' title='bbox 1519 1785 1637 1816; x_wconf 78' lang='lat' dir='ltr'>dignum.</span> 
     </span>
    </p>

    <p class='ocr_par' dir='ltr' id='par_1_40' title="bbox 1250 1820 1491 1844">
     <span class='ocr_line' id='line_1_94' title="bbox 1250 1820 1491 1844; baseline -0.008 0"><span class='ocrx_word' id='word_1_401' title='bbox 1250 1821 1343 1844; x_wconf 82' lang='lat' dir='ltr'>Adliuc</span> <span class='ocrx_word' id='word_1_402' title='bbox 1362 1820 1491 1844; x_wconf 83' lang='lat' dir='ltr'>Herculis</span> 
     </span>
    </p>

    <p class='ocr_par' dir='ltr' id='par_1_41' title="bbox 1250 1855 1550 1884">
     <span class='ocr_line' id='line_1_95' title="bbox 1250 1855 1550 1884; baseline -0.003 -7"><span class='ocrx_word' id='word_1_403' title='bbox 1250 1855 1402 1878; x_wconf 71' lang='lat' dir='ltr'>Victoriam</span> <span class='ocrx_word' id='word_1_404' title='bbox 1425 1855 1550 1884; x_wconf 78' lang='lat' dir='ltr'>cantabo,</span> 
     </span>
    </p>

    <p class='ocr_par' dir='ltr' id='par_1_42' title="bbox 1250 1887 1797 1919">
     <span class='ocr_line' id='line_1_96' title="bbox 1250 1887 1797 1919; baseline -0.007 -6"><span class='ocrx_word' id='word_1_405' title='bbox 1250 1891 1285 1913; x_wconf 83' lang='lat' dir='ltr'>Et</span> <span class='ocrx_word' id='word_1_406' title='bbox 1302 1890 1374 1919; x_wconf 86' lang='lat' dir='ltr'>apud</span> <span class='ocrx_word' id='word_1_407' title='bbox 1392 1889 1528 1912; x_wconf 87' lang='lat' dir='ltr'>Bromium</span> <span class='ocrx_word' id='word_1_408' title='bbox 1550 1888 1605 1911; x_wconf 87' lang='lat' dir='ltr'>vini</span> <span class='ocrx_word' id='word_1_409' title='bbox 1625 1887 1797 1917; x_wconf 77' lang='lat' dir='ltr'>largitorem.</span> 
     </span>
    </p>

    <p class='ocr_par' dir='ltr' id='par_1_43' title="bbox 1246 1920 2084 1986">
     <span class='ocr_line' id='line_1_97' title="bbox 1246 1920 2084 1952; baseline -0.004 -6"><span class='ocrx_word' id='word_1_410' title='bbox 1246 1925 1282 1947; x_wconf 81' lang='lat' dir='ltr'>Et</span> <span class='ocrx_word' id='word_1_411' title='bbox 1301 1924 1334 1946; x_wconf 88' lang='lat' dir='ltr'>ad</span> <span class='ocrx_word' id='word_1_412' title='bbox 1354 1924 1450 1952; x_wconf 73' lang='lat' dir='ltr'>chelys</span> <span class='ocrx_word' id='word_1_413' title='bbox 1474 1924 1556 1952; x_wconf 71' lang='lat' dir='ltr'>[lu-o:</span> <span class='ocrx_word' id='word_1_414' title='bbox 1577 1922 1706 1951; x_wconf 77' lang='lat' dir='ltr'>clielyos]</span> <span class='ocrx_word' id='word_1_415' title='bbox 1728 1922 1834 1951; x_wconf 85' lang='lat' dir='ltr'>septem</span> <span class='ocrx_word' id='word_1_416' title='bbox 1853 1927 1938 1944; x_wconf 86' lang='lat' dir='ltr'>sonos</span> <span class='ocrx_word' id='word_1_417' title='bbox 1959 1920 2084 1944; x_wconf 82' lang='lat' dir='ltr'>habentis</span> 
     </span>
     <span class='ocr_line' id='line_1_98' title="bbox 1249 1956 1681 1986; baseline -0.005 -5"><span class='ocrx_word' id='word_1_418' title='bbox 1249 1958 1365 1982; x_wconf 83' lang='lat' dir='ltr'>cantum</span> <span class='ocrx_word' id='word_1_419' title='bbox 1384 1959 1409 1980; x_wconf 88' lang='lat' dir='ltr'>et</span> <span class='ocrx_word' id='word_1_420' title='bbox 1429 1957 1560 1986; x_wconf 69' lang='lat' dir='ltr'>Libycam</span> <span class='ocrx_word' id='word_1_421' title='bbox 1581 1956 1681 1979; x_wconf 85' lang='lat' dir='ltr'>tibiam.</span> 
     </span>
    </p>

    <p class='ocr_par' dir='ltr' id='par_1_44' title="bbox 1245 1991 1551 2021">
     <span class='ocr_line' id='line_1_99' title="bbox 1245 1991 1551 2021; baseline -0.007 -5"><span class='ocrx_word' id='word_1_422' title='bbox 1245 1993 1369 2016; x_wconf 66' lang='lat' dir='ltr'>Nondum</span> <span class='ocrx_word' id='word_1_423' title='bbox 1389 1991 1551 2021; x_wconf 87' lang='lat' dir='ltr'>reliquimus</span> 
     </span>
    </p>

    <p class='ocr_par' dir='ltr' id='par_1_45' title="bbox 1115 2024 1830 2056">
     <span class='ocr_line' id='line_1_100' title="bbox 1115 2024 1830 2056; baseline -0.004 -6"><span class='ocrx_word' id='word_1_424' title='bbox 1115 2026 1118 2054; x_wconf 82' lang='lat' dir='ltr'>l</span> <span class='ocrx_word' id='word_1_425' title='bbox 1245 2028 1358 2055; x_wconf 72' lang='lat' dir='ltr'>Musas7</span> <span class='ocrx_word' id='word_1_426' title='bbox 1377 2032 1446 2056; x_wconf 85' lang='lat' dir='ltr'>quae</span> <span class='ocrx_word' id='word_1_427' title='bbox 1465 2032 1507 2048; x_wconf 90' lang='lat' dir='ltr'>me</span> <span class='ocrx_word' id='word_1_428' title='bbox 1526 2025 1677 2054; x_wconf 84' lang='lat' dir='ltr'>tripudiare</span> <span class='ocrx_word' id='word_1_429' title='bbox 1696 2024 1830 2048; x_wconf 82' lang='lat' dir='ltr'>feceruut.</span> 
     </span>
    </p>

    <p class='ocr_par' dir='ltr' id='par_1_46' title="bbox 1114 2058 1630 2090">
     <span class='ocr_line' id='line_1_101' title="bbox 1114 2058 1630 2090; baseline -0.006 -5"><span class='ocrx_word' id='word_1_430' title='bbox 1114 2058 1117 2090; x_wconf 79' lang='lat' dir='ltr'>l</span> <span class='ocrx_word' id='word_1_431' title='bbox 1245 2061 1355 2084; x_wconf 87' lang='lat' dir='ltr'>Paeana</span> <span class='ocrx_word' id='word_1_432' title='bbox 1374 2060 1480 2090; x_wconf 81' lang='lat' dir='ltr'>quidem</span> <span class='ocrx_word' id='word_1_433' title='bbox 1500 2059 1630 2083; x_wconf 82' lang='lat' dir='ltr'>Deliades</span> 
     </span>
    </p>

    <p class='ocr_par' dir='ltr' id='par_1_47' title="bbox 1244 2095 1586 2123">
     <span class='ocr_line' id='line_1_102' title="bbox 1244 2095 1586 2123; baseline -0.009 -5"><span class='ocrx_word' id='word_1_434' title='bbox 1244 2095 1364 2119; x_wconf 84' lang='lat' dir='ltr'>cautant</span> <span class='ocrx_word' id='word_1_435' title='bbox 1382 2095 1456 2117; x_wconf 88' lang='lat' dir='ltr'>circa</span> <span class='ocrx_word' id='word_1_436' title='bbox 1480 2096 1586 2123; x_wconf 84' lang='lat' dir='ltr'>portas,</span> 
     </span>
    </p>

    <p class='ocr_par' dir='ltr' id='par_1_48' title="bbox 1244 2128 1607 2154">
     <span class='ocr_line' id='line_1_103' title="bbox 1244 2128 1607 2154; baseline -0.008 -2"><span class='ocrx_word' id='word_1_437' title='bbox 1244 2130 1368 2153; x_wconf 83' lang='lat' dir='ltr'>Latonae</span> <span class='ocrx_word' id='word_1_438' title='bbox 1387 2128 1492 2151; x_wconf 82' lang='lat' dir='ltr'>felicem</span> <span class='ocrx_word' id='word_1_439' title='bbox 1512 2128 1607 2154; x_wconf 74' lang='lat' dir='ltr'>filium,</span> 
     </span>
    </p>

    <p class='ocr_par' dir='ltr' id='par_1_49' title="bbox 1243 2160 1857 2221">
     <span class='ocr_line' id='line_1_104' title="bbox 1246 2160 1857 2193; baseline -0.005 -7"><span class='ocrx_word' id='word_1_440' title='bbox 1246 2164 1276 2187; x_wconf 88' lang='lat' dir='ltr'>ln</span> <span class='ocrx_word' id='word_1_441' title='bbox 1296 2169 1395 2193; x_wconf 58' lang='lat' dir='ltr'>gyrum</span> <span class='ocrx_word' id='word_1_442' title='bbox 1415 2162 1544 2185; x_wconf 83' lang='lat' dir='ltr'>ducentes</span> <span class='ocrx_word' id='word_1_443' title='bbox 1563 2161 1702 2190; x_wconf 84' lang='lat' dir='ltr'>pulchram</span> <span class='ocrx_word' id='word_1_444' title='bbox 1722 2160 1857 2183; x_wconf 80' lang='lat' dir='ltr'>choream.</span> 
     </span>
     <span class='ocr_line' id='line_1_105' title="bbox 1243 2194 1716 2221; baseline -0.011 0"><span class='ocrx_word' id='word_1_445' title='bbox 1243 2198 1367 2221; x_wconf 84' lang='lat' dir='ltr'>Paeanas</span> <span class='ocrx_word' id='word_1_446' title='bbox 1387 2196 1467 2219; x_wconf 87' lang='lat' dir='ltr'>etiam</span> <span class='ocrx_word' id='word_1_447' title='bbox 1487 2196 1560 2218; x_wconf 85' lang='lat' dir='ltr'>iuxta</span> <span class='ocrx_word' id='word_1_448' title='bbox 1579 2196 1625 2217; x_wconf 87' lang='lat' dir='ltr'>tua</span> <span class='ocrx_word' id='word_1_449' title='bbox 1643 2194 1716 2217; x_wconf 84' lang='lat' dir='ltr'>atria</span> 
     </span>
    </p>

    <p class='ocr_par' dir='ltr' id='par_1_50' title="bbox 1243 2229 1704 2260">
     <span class='ocr_line' id='line_1_106' title="bbox 1243 2229 1704 2260; baseline -0.011 -5"><span class='ocrx_word' id='word_1_450' title='bbox 1243 2232 1338 2255; x_wconf 78' lang='lat' dir='ltr'>Veluti</span> <span class='ocrx_word' id='word_1_451' title='bbox 1357 2236 1461 2260; x_wconf 71' lang='lat' dir='ltr'>cycnus</span> <span class='ocrx_word' id='word_1_452' title='bbox 1478 2229 1587 2252; x_wconf 89' lang='lat' dir='ltr'>vetulus</span> <span class='ocrx_word' id='word_1_453' title='bbox 1606 2230 1704 2252; x_wconf 85' lang='lat' dir='ltr'>cantor</span> 
     </span>
    </p>

    <p class='ocr_par' dir='ltr' id='par_1_51' title="bbox 1111 2264 1477 2302">
     <span class='ocr_line' id='line_1_107' title="bbox 1111 2264 1477 2302; baseline -0.016 -10"><span class='ocrx_word' id='word_1_454' title='bbox 1111 2285 1114 2302; x_wconf 40' lang='grc' dir='ltr'><strong>ξ</strong></span> <span class='ocrx_word' id='word_1_455' title='bbox 1243 2266 1327 2290; x_wconf 87' lang='lat' dir='ltr'>Canis</span> <span class='ocrx_word' id='word_1_456' title='bbox 1347 2272 1380 2288; x_wconf 77' lang='lat' dir='ltr'>ex</span> <span class='ocrx_word' id='word_1_457' title='bbox 1398 2264 1477 2294; x_wconf 80' lang='lat' dir='ltr'>genis</span> 
     </span>
    </p>

    <p class='ocr_par' dir='ltr' id='par_1_52' title="bbox 1111 2297 1819 2329">
     <span class='ocr_line' id='line_1_108' title="bbox 1111 2297 1819 2329; baseline -0.006 -6"><span class='ocrx_word' id='word_1_458' title='bbox 1111 2308 1114 2323; x_wconf 75' lang='lat' dir='ltr'>l</span> <span class='ocrx_word' id='word_1_459' title='bbox 1242 2301 1372 2325; x_wconf 81' lang='lat' dir='ltr'>cantabo.</span> <span class='ocrx_word' id='word_1_460' title='bbox 1409 2297 1543 2329; x_wconf 81' lang='lat' dir='ltr'>„Etenim</span> <span class='ocrx_word' id='word_1_461' title='bbox 1561 2297 1659 2320; x_wconf 86' lang='lat' dir='ltr'>bonam</span> <span class='ocrx_word' id='word_1_462' title='bbox 1676 2297 1819 2320; x_wconf 86' lang='lat' dir='ltr'>materiam</span> 
     </span>
    </p>

    <p class='ocr_par' dir='ltr' id='par_1_53' title="bbox 1111 2328 1664 2363">
     <span class='ocr_line' id='line_1_109' title="bbox 1111 2328 1664 2363; baseline -0.009 -5"><span class='ocrx_word' id='word_1_463' title='bbox 1111 2328 1114 2354; x_wconf 80' lang='lat' dir='ltr'>l</span> <span class='ocrx_word' id='word_1_464' title='bbox 1241 2351 1261 2363; x_wconf 81' lang='lat'><strong>„</strong></span> <span class='ocrx_word' id='word_1_465' title='bbox 1273 2334 1450 2358; x_wconf 82' lang='lat' dir='ltr'>cautionibus</span> <span class='ocrx_word' id='word_1_466' title='bbox 1472 2331 1664 2355; x_wconf 84' lang='lat' dir='ltr'>subministrat</span> 
     </span>
    </p>

    <p class='ocr_par' dir='ltr' id='par_1_54' title="bbox 1110 2364 1762 2430">
     <span class='ocr_line' id='line_1_110' title="bbox 1110 2364 1762 2396; baseline -0.009 -3"><span class='ocrx_word' id='word_1_467' title='bbox 1110 2366 1113 2395; x_wconf 88' lang='lat' dir='ltr'>l</span> <span class='ocrx_word' id='word_1_468' title='bbox 1242 2385 1261 2395; x_wconf 80' lang='grc'>,,</span> <span class='ocrx_word' id='word_1_469' title='bbox 1269 2368 1342 2392; x_wconf 79' lang='lat' dir='ltr'>lovis</span> <span class='ocrx_word' id='word_1_470' title='bbox 1362 2367 1451 2393; x_wconf 81' lang='lat' dir='ltr'>filius,</span> <span class='ocrx_word' id='word_1_471' title='bbox 1471 2365 1584 2396; x_wconf 72' lang='lat' dir='ltr'>egregia</span> <span class='ocrx_word' id='word_1_472' title='bbox 1602 2370 1670 2389; x_wconf 75' lang='lat' dir='ltr'>vero</span> <span class='ocrx_word' id='word_1_473' title='bbox 1689 2364 1762 2388; x_wconf 80' lang='lat' dir='ltr'>facta</span> 
     </span>
     <span class='ocr_line' id='line_1_111' title="bbox 1240 2400 1530 2430; baseline -0.014 -4"><span class='ocrx_word' id='word_1_474' title='bbox 1240 2402 1359 2426; x_wconf 79' lang='lat' dir='ltr'>Maxime</span> <span class='ocrx_word' id='word_1_475' title='bbox 1378 2400 1530 2430; x_wconf 76' lang='lat' dir='ltr'>superavit,</span> 
     </span>
    </p>

    <p class='ocr_par' dir='ltr' id='par_1_55' title="bbox 1240 2434 1581 2464">
     <span class='ocr_line' id='line_1_112' title="bbox 1240 2434 1581 2464; baseline -0.009 -4"><span class='ocrx_word' id='word_1_476' title='bbox 1240 2438 1383 2460; x_wconf 85' lang='lat' dir='ltr'>Laboraus</span> <span class='ocrx_word' id='word_1_477' title='bbox 1405 2434 1581 2464; x_wconf 86' lang='lat' dir='ltr'>tranquillam</span> 
     </span>
    </p>

    <p class='ocr_par' dir='ltr' id='par_1_56' title="bbox 1239 2469 1613 2499">
     <span class='ocr_line' id='line_1_113' title="bbox 1239 2469 1613 2499; baseline -0.011 -4"><span class='ocrx_word' id='word_1_478' title='bbox 1239 2470 1318 2495; x_wconf 85' lang='lat' dir='ltr'>Fecit</span> <span class='ocrx_word' id='word_1_479' title='bbox 1335 2470 1419 2493; x_wconf 77' lang='lat' dir='ltr'>vitam</span> <span class='ocrx_word' id='word_1_480' title='bbox 1438 2469 1613 2499; x_wconf 86' lang='lat' dir='ltr'>mortalibus,</span> 
     </span>
    </p>

    <p class='ocr_par' dir='ltr' id='par_1_57' title="bbox 1238 2503 1705 2529">
     <span class='ocr_line' id='line_1_114' title="bbox 1238 2503 1705 2529; baseline -0.002 0"><span class='ocrx_word' id='word_1_481' title='bbox 1238 2505 1397 2529; x_wconf 83' lang='lat' dir='ltr'>Devastans</span> <span class='ocrx_word' id='word_1_482' title='bbox 1415 2503 1527 2527; x_wconf 85' lang='lat' dir='ltr'>timores</span> <span class='ocrx_word' id='word_1_483' title='bbox 1545 2503 1705 2528; x_wconf 85' lang='lat' dir='ltr'>belluarum.</span> 
     </span>
    </p>
   </div>
   <div class='ocr_carea' id='block_1_22' title="bbox 1110 1811 1122 2496">
    <p class='ocr_par' dir='ltr' id='par_1_58' title="bbox 1110 1811 1122 2496">
     <span class='ocr_line' id='line_1_115' title="bbox 1110 1811 1122 2496; baseline 0 0"><span class='ocrx_word' id='word_1_484' title='bbox 1110 1811 1122 2496; x_wconf 95' lang='lat' dir='ltr'> </span> 
     </span>
    </p>
   </div>
   <div class='ocr_carea' id='block_1_23' title="bbox 1106 2568 2120 2672">
    <p class='ocr_par' dir='ltr' id='par_1_59' title="bbox 1106 2568 2120 2672">
     <span class='ocr_line' id='line_1_116' title="bbox 1107 2568 2120 2609; baseline -0.003 -13"><span class='ocrx_word' id='word_1_485' title='bbox 1107 2568 1111 2609; x_wconf 63' lang='lat' dir='ltr'>l</span> <span class='ocrx_word' id='word_1_486' title='bbox 1169 2573 1216 2606; x_wconf 83' lang='grc'>67)</span> <span class='ocrx_word' id='word_1_487' title='bbox 1237 2571 1318 2604; x_wconf 61' lang='grc' dir='ltr'>ινα]</span> <span class='ocrx_word' id='word_1_488' title='bbox 1345 2571 1385 2595; x_wconf 87' lang='lat' dir='ltr'>sic</span> <span class='ocrx_word' id='word_1_489' title='bbox 1409 2572 1434 2595; x_wconf 83' lang='lat' dir='ltr'>h.</span> <span class='ocrx_word' id='word_1_490' title='bbox 1452 2572 1471 2597; x_wconf 92' lang='lat' dir='ltr'>l.</span> <span class='ocrx_word' id='word_1_491' title='bbox 1492 2572 1519 2595; x_wconf 89' lang='lat' dir='ltr'>et</span> <span class='ocrx_word' id='word_1_492' title='bbox 1537 2571 1564 2594; x_wconf 89' lang='lat' dir='ltr'>in</span> <span class='ocrx_word' id='word_1_493' title='bbox 1583 2577 1660 2602; x_wconf 81' lang='lat' dir='ltr'>seqq.</span> <span class='ocrx_word' id='word_1_494' title='bbox 1680 2577 1764 2602; x_wconf 87' lang='lat' dir='ltr'>usque</span> <span class='ocrx_word' id='word_1_495' title='bbox 1782 2571 1817 2595; x_wconf 84' lang='lat' dir='ltr'>ad</span> <span class='ocrx_word' id='word_1_496' title='bbox 1841 2578 1868 2597; x_wconf 80' lang='lat' dir='ltr'>v.</span> <span class='ocrx_word' id='word_1_497' title='bbox 1888 2571 1947 2596; x_wconf 78' lang='lat'>722.</span> <span class='ocrx_word' id='word_1_498' title='bbox 1966 2573 2052 2596; x_wconf 77' lang='lat' dir='ltr'>Editt.</span> <span class='ocrx_word' id='word_1_499' title='bbox 2075 2579 2120 2596; x_wconf 76' lang='lat' dir='ltr'>re-</span> 
     </span>
     <span class='ocr_line' id='line_1_117' title="bbox 1202 2605 2117 2637; baseline -0.002 -5"><span class='ocrx_word' id='word_1_500' title='bbox 1202 2610 1273 2633; x_wconf 84' lang='lat' dir='ltr'>cent.</span> <span class='ocrx_word' id='word_1_501' title='bbox 1301 2613 1388 2637; x_wconf 85' lang='lat' dir='ltr'>aeque</span> <span class='ocrx_word' id='word_1_502' title='bbox 1417 2611 1450 2630; x_wconf 89' lang='lat' dir='ltr'>ac</span> <span class='ocrx_word' id='word_1_503' title='bbox 1473 2606 1523 2631; x_wconf 80' lang='lat' dir='ltr'>Ed.</span> <span class='ocrx_word' id='word_1_504' title='bbox 1545 2605 1629 2629; x_wconf 84' lang='lat' dir='ltr'>Basil.</span> <span class='ocrx_word' id='word_1_505' title='bbox 1652 2606 1744 2636; x_wconf 79' lang='lat'>1551.;</span> <span class='ocrx_word' id='word_1_506' title='bbox 1777 2607 1827 2630; x_wconf 85' lang='lat' dir='ltr'>Ed.</span> <span class='ocrx_word' id='word_1_507' title='bbox 1850 2606 1923 2630; x_wconf 79' lang='lat'>1562.</span> <span class='ocrx_word' id='word_1_508' title='bbox 1956 2607 2036 2635; x_wconf 53' lang='lat' dir='ltr'>Lym:</span> <span class='ocrx_word' id='word_1_509' title='bbox 2068 2609 2117 2633; x_wconf 79' lang='lat' dir='ltr'>Ed.</span> 
     </span>
     <span class='ocr_line' id='line_1_118' title="bbox 1106 2639 1912 2672; baseline -0.001 -8"><span class='ocrx_word' id='word_1_510' title='bbox 1106 2643 1109 2664; x_wconf 85' lang='lat' dir='ltr'>i</span> <span class='ocrx_word' id='word_1_511' title='bbox 1206 2643 1281 2666; x_wconf 78' lang='lat'>1558.</span> <span class='ocrx_word' id='word_1_512' title='bbox 1301 2642 1352 2671; x_wconf 74' lang='lat' dir='ltr'>Ly.</span> <span class='ocrx_word' id='word_1_513' title='bbox 1373 2639 1464 2672; x_wconf 82' lang='lat' dir='ltr'>(cuius</span> <span class='ocrx_word' id='word_1_514' title='bbox 1482 2640 1543 2665; x_wconf 87' lang='lat' dir='ltr'>loco</span> <span class='ocrx_word' id='word_1_515' title='bbox 1562 2639 1684 2671; x_wconf 86' lang='lat' dir='ltr'>equidem</span> <span class='ocrx_word' id='word_1_516' title='bbox 1703 2640 1803 2671; x_wconf 81' lang='lat' dir='ltr'>scripsi</span> <span class='ocrx_word' id='word_1_517' title='bbox 1823 2639 1912 2671; x_wconf 59' lang='lat' dir='ltr'>Lyn).</span> 
     </span>
    </p>
   </div>
  </div>
 </body>
</html>
