2373 2980
101 88 177 127 485

154 175 408 213 osculabatur,
436 170 525 205 haec
539 173 675 208 dicens:
710 174 743 209 O
758 175 887 209 misera
905 177 977 210 filia
992 178 999 211 ἔ

155 227 244 273 Quis
263 225 421 258 Deorum
439 230 511 256 tam
530 225 683 269 turpiter
699 232 732 260 te
748 226 929 271 perdidit?
1124 223 1129 252 l

152 278 241 323 Quis
259 288 315 309 me
331 288 450 309 senem
468 275 686 310 silicernium
706 278 872 311 orbatum
890 285 923 312 te

106 330 205 382 lzlq
238 327 363 360 Facit?
407 325 464 360 'nei
497 325 607 367 mihi,
642 329 780 362 utinam
809 336 925 363 tecum
951 330 1099 371 moriar,

510 379 599 411 filia!

150 430 348 476 Postquam
364 429 467 463 desiit
485 429 674 462 lamentari
694 436 727 462 et
746 430 885 474 lugere,

150 481 284 514 Volens
302 478 484 515 retrahere
501 481 611 514 senile
629 492 778 524 corpus,

150 530 342 573 Adhaesit,
369 532 459 565 sicut
474 530 604 565 hedera
622 532 732 566 ramis
746 532 859 573 lauri,

152 584 314 616 Tenerae
334 583 438 616 vesti:
468 589 545 616 erat
561 580 744 617 horribilis
763 584 868 617 lucta.

103 633 201 671 1215
228 633 304 679 Ipse
324 635 467 667 volebat
483 632 668 668 retrahere
687 647 800 678 genu,

150 685 229 730 Ipsa
246 684 468 724 retrahebat;
498 687 596 731 quod
612 686 641 719 si
659 686 693 718 vi
711 683 894 725 trahebat,

150 736 348 770 Lacerabat
364 738 512 770 senilem
531 749 673 770 carnem
692 736 736 768 ab
755 737 904 770 ossibus.

150 788 314 822 Tandem
330 789 475 829 defecit,
504 794 538 820 et
555 788 677 820 infelix
692 787 831 821 dimisit

149 840 338 877 Animam;
380 852 453 872 non
485 845 628 884 poterat
658 839 753 872 enim
779 838 932 883 amplius
955 837 1099 871 vincere

514 890 663 924 malum.

99 942 197 977 1220
225 940 345 974 lacent
365 941 499 975 mortui
516 947 550 974 et
565 947 668 985 pater
683 953 789 975 senex
806 947 841 974 et
856 941 928 975 filia

149 993 281 1026 Simul:
311 993 492 1026 calamitas
510 993 696 1038 requirens
714 991 927 1038 lachrymas.

148 1043 228 1077 Tua
246 1045 435 1077 necessitas
453 1045 497 1077 sit
514 1043 603 1076 mihi
618 1051 715 1077 extra
736 1042 802 1078 hos
819 1042 1077 1088 sermones⁸⁵);

148 1095 208 1129 Tu
225 1095 300 1139 ipsa
321 1095 492 1139 cogitabis
511 1096 554 1128 de
574 1095 704 1139 effugio
725 1108 876 1140 poenae.

149 1146 264 1187 „Non
278 1159 374 1181 nunc
390 1147 547 1192 primum
570 1159 626 1181 res
642 1145 832 1180 hominum
851 1146 1008 1179 arbitror
1027 1157 1099 1179 esse

516 1198 684 1231 umbram
699 1197 746 1243 s⁶)
758 1224 768 1237 ,

102 1246 199 1284 1225
229 1248 384 1294 „Neque
402 1260 527 1281 vereor
544 1248 661 1281 dicere
680 1261 740 1282 eos
757 1246 939 1288 homines,
967 1247 1029 1293 qui
1046 1258 1100 1280 sa-

516 1299 654 1343 pientes

151 1349 359 1391 „Videntur
383 1362 477 1390 esse,
520 1357 554 1382 et
589 1362 675 1394 prae
709 1349 855 1384 caeteris
880 1349 1000 1383 valere
1028 1363 1101 1385 ser-

511 1401 678 1435 monibus
690 1427 698 1440 ,

148 1477 170 1492 ‚,
181 1451 254 1485 Hos
274 1451 430 1485 maxime
445 1452 572 1486 stultos
589 1464 663 1486 esse
679 1452 902 1486 iudicandos.

149 1502 297 1543 „Nemo
315 1504 410 1536 enim
429 1503 636 1549 mortalium
657 1509 709 1537 est
723 1503 916 1551 beatusffl).

150 1553 416 1593 „Afssuentibus
436 1562 554 1588 autem
572 1555 790 1595 commodis,
817 1555 1037 1589 fortunatior

100 1605 199 1641 1230
227 1605 357 1646 „Alius
376 1613 426 1640 est
445 1607 515 1639 alio
533 1608 702 1647 sortasse,
729 1607 792 1640 sed
808 1619 883 1640 non
898 1608 1036 1643 beatus.

150 1657 249 1691 Ghor.
276 1657 372 1692 Deus
389 1658 530 1691 videtur
547 1658 658 1691 multa
678 1656 746 1691 hoc
764 1658 820 1692 die

149 1707 245 1741 Mala
266 1716 497 1753 congestums
517 1710 605 1743 iuste
623 1709 659 1742 in
677 1709 851 1744 Iasonem.

148 1759 182 1792 Ο
203 1760 346 1800 misera,
374 1774 481 1806 quam
502 1761 715 1795 miseramur
732 1767 830 1794 tuam
848 1762 1101 1802 calamitatem,

147 1810 237 1843 Filia
256 1811 440 1852 Creontis,
469 1825 559 1858 quae
574 1813 723 1846 domum
741 1813 905 1847 Plutonis

101 1860 198 1897 1235
226 1862 336 1897 Vadis
354 1871 502 1908 propter
519 1864 663 1908 nuptias
680 1863 829 1898 Iasonis.

148 1915 242 1948 Med.
279 1913 446 1955 Amicae,
482 1916 663 1949 decretum
697 1921 749 1949 est
781 1913 872 1948 mihi
902 1915 1100 1959 negotium,

515 1979 624 2012 quam
648 1967 806 2011 primum

146 2014 361 2050 Inter-secero
380 2017 530 2058 liberos,
558 2019 737 2052 discedere
755 2030 797 2051 ex
817 2016 883 2052 hac
900 2025 993 2053 terra
1008 2045 1017 2059 ,

147 2067 272 2113 Neque
290 2070 490 2102 cunctando
510 2071 663 2114 prodere
679 2070 810 2104 liberos
822 2097 831 2110 ‚

150 2119 199 2152 Ut
216 2120 477 2155 interficiantur
493 2122 537 2154 ab
555 2122 622 2154 alia
642 2120 765 2156 hostili
781 2133 904 2155 manu.

102 2170 199 2206 1240
232 2171 393 2206 Omnino
430 2185 570 2206 necesse
606 2180 659 2207 est
693 2186 752 2207 eos
788 2173 898 2206 mori:
942 2173 976 2206 id
1015 2173 1099 2219 quia
1125 2152 1128 2208 l

515 2231 678 2269 oportet,
1125 2216 1128 2301 μ

150 2272 245 2316 Ego,
274 2287 363 2319 quae
383 2287 442 2309 eos
457 2276 601 2320 peperi,
630 2276 854 2310 interficiam.
1125 2303 1128 2323 Ι

151 2323 219 2356 Sed
237 2336 318 2368 age,
347 2338 367 2358 0
387 2339 468 2367 cor,
496 2328 662 2362 armeriS:
691 2328 779 2374 quid
797 2334 945 2361 cunctor
1125 2340 1128 2385 ξ

1125 2475 1128 2489 l

1126 2490 1128 2511 r

1125 2542 1128 2556 l

1125 2558 1127 2574 l

1125 2609 1127 2622 l

1125 2637 1127 2651 l

136 2454 184 2486 85)
205 2456 261 2479 Tua
280 2457 433 2481 necessitas
453 2459 490 2483 sit
508 2461 571 2484 mihi
591 2464 671 2487 extra
695 2464 743 2487 hos
768 2465 929 2493 sermones]
955 2464 996 2487 sie
1015 2463 1098 2487 Editt.

179 2490 268 2521 1558„
292 2492 383 2520 1562.;
402 2493 450 2517 Ed.
471 2495 529 2520 Fix.
550 2503 598 2525 pro
619 2498 660 2521 his
679 2499 760 2522 habet
779 2500 858 2522 haec:
879 2500 920 2522 Ac
933 2499 1007 2525 inihi,
1029 2499 1100 2528 quod

171 2527 218 2547 tua
243 2525 349 2554 quidem
376 2527 508 2560 interest,
546 2536 579 2554 ea
611 2534 691 2556 sunto
727 2535 806 2556 extra
831 2540 918 2557 meum
943 2539 1099 2557 sermonem

174 2558 282 2589 (Eun-ip.
303 2561 362 2583 Καί
376 2569 426 2592 μοι
446 2561 473 2585 ni
494 2560 548 2595 μὲν
566 2563 618 2588 σόν
636 2564 763 2591 ἐκποδών
781 2566 850 2591 ἔστω
870 2566 995 2600 λόγον’).

137 2608 185 2640 86)
206 2610 237 2633 H.
256 2610 274 2634 l.
294 2610 320 2634 iu
341 2612 424 2639 Editt.
442 2616 533 2645 1553..
561 2617 634 2642 ¹562.
654 2620 720 2643 nota
739 2626 841 2651 marg.:

173 2646 360 2672 humanarum.

873 2619 988 2643 Miseria
1008 2625 1099 2643 rerum

136 2695 184 2727 87)
206 2696 273 2721 Huic
293 2704 334 2722 νε.
353 2699 414 2724 ibid.
438 2700 463 2724 in
483 2706 568 2732 marg.
588 2703 730 2734 adscripta
749 2706 793 2729 est
812 2711 880 2730 vox:
908 2705 1045 2731 Felicitas.

583 86 704 123 LVIII.
757 87 1157 127 INTERPRETATIO
1191 93 1392 129 MEDEAE
1429 93 1679 131 EURIPIDIS.

2076 101 2152 136 486

1203 179 1299 213 Mala
1319 192 1447 225 magna
1466 188 1501 215 et
1516 182 1712 216 necessaria
1731 183 1873 217 facere?

1203 232 1297 273 Age,
1325 244 1345 264 o
1363 233 1490 266 misera
1509 246 1636 268 manus
1652 247 1730 268 mea
1743 261 1752 276 ‚
1779 236 1898 280 arripe
1915 237 2071 281 gladium
2083 265 2093 278 ‚

1156 280 1253 317 1245
1280 282 1410 326 Accipe
1423 310 1432 324 ,
1459 285 1548 318 vade
1568 286 1612 318 ad
1630 286 1766 320 tristem
1784 294 1916 320 metam
1934 288 2048 329 vitae,

1203 332 1249 365 Et
1272 345 1347 366 non
1371 334 1417 367 sis
1442 335 1591 379 ignava,
1632 349 1749 382 neque
1783 340 1988 374 memineris
2020 341 2152 375 libero-

1570 398 1650 420 rum
1667 388 1726 434 ⁸⁸).

1204 433 1312 467 Brevi
1337 435 1394 468 die
1421 436 1641 471 obliviscaris
1667 444 1700 471 te
1726 446 1877 474 matrem
1907 454 1980 476 esse
2006 449 2150 476 tuorum

1567 488 1778 524 liberorum.

1204 534 1333 570 Postea
1350 536 1449 581 luge;
1482 538 1545 572 etsi
1564 540 1659 572 enim
1678 541 1807 576 occidis
1823 554 1901 584 eos,
1928 551 2049 578 tamen

1157 584 1256 621 1250
1281 587 1444 622 Fuerunt
1459 587 1578 631 chari,
1612 593 1671 625 sed
1688 604 1753 636 ego
1772 593 1892 627 infelix
1911 596 2050 631 mulier.

1528 665 1782 717 [Stropke.]

1204 733 1302 767 Gkor.
1330 731 1367 766 lo
1386 740 1479 766 terra
1493 761 1504 774 ‚
1527 742 1561 768 et
1578 736 1698 769 omnia
1718 737 1899 773 illustrans
1918 740 2038 774 radius

1203 783 1314 824 Solis,
1344 785 1531 830 adspicite:
1569 787 1685 820 videte
1706 789 1802 822 illam

1205 833 1358 869 Noxiam
1377 837 1562 871 mulierem
1575 865 1584 878 ,
1611 839 1819 886 priusquam
1839 849 2022 876 cruentam

1205 885 1356 920 Manum
1376 890 1568 923 admoveat
1584 890 1705 925 liberis
1721 893 1998 936 parricidialem.

1157 935 1255 972 1255
1286 938 1377 973 Nam
1397 953 1438 974 ex
1456 947 1517 974 tuo
1540 953 1650 975 aureo

1205 990 1345 1023 Genere
1362 999 1439 1024 orta
1460 999 1527 1030 est;
1561 993 1721 1027 Deorum

1204 1040 1422 1085 Sanguinem
1439 1043 1625 1088 indignum
1644 1052 1695 1079 est
1710 1047 1836 1081 cadere
1854 1048 1898 1081 ab
1915 1046 2134 1084 hominibus.

1206 1092 1274 1125 Sed
1286 1120 1295 1133 ,
1319 1106 1339 1126 ο
1354 1094 1476 1128 lumen
1495 1108 1706 1139 generosum
1719 1124 1728 1136 ‚
1756 1106 1878 1134 coerce
1897 1112 1974 1133 eam
1987 1126 1997 1140 ,

1206 1143 1400 1188 Compesce
1413 1173 1421 1186 ‚
1450 1147 1584 1191 expelle
1603 1160 1644 1181 ex
1661 1148 1807 1184 aedibus
1825 1158 2008 1185 cruentam

1157 1194 1255 1230 1260
1279 1194 1327 1229 Et
1350 1198 1517 1231 miseram
1541 1199 1691 1240 suriam,
1735 1202 1818 1246 quia
1845 1201 1913 1238 hoc
1939 1210 2054 1238 totum
2078 1217 2153 1238 ma-

1567 1250 1640 1283 lum
1663 1252 1779 1285 oritur

1204 1299 1236 1330 A
1254 1300 1349 1332 malo
1368 1300 1555 1334 daemone.

1473 1375 1835 1428 [Anti-stropha]

1204 1441 1352 1476 Frustra
1368 1452 1520 1488 pereunt
1537 1446 1658 1480 miseri
1674 1448 1796 1491 pueri,

1204 1493 1251 1526 Et
1266 1495 1396 1528 frustra
1416 1497 1586 1541 peperisti
1607 1496 1755 1532 charum
1776 1511 1906 1543 genus,
1934 1512 1954 1533 o
1973 1507 2022 1543 tu,

1205 1545 1307 1590 Quae
1328 1546 1503 1592 reliquisti
1522 1550 1765 1583 caerulearum
1783 1551 2062 1596 Symplegadum

1205 1597 1351 1642 Scopuli
1361 1597 1407 1644 89)
1427 1597 1782 1645 inhospitalissimum
1800 1603 2009 1647 ingressum.

1156 1648 1254 1685 1265
1281 1648 1405 1683 Infelix
1424 1658 1480 1692 tu,
1507 1665 1619 1698 quare
1636 1654 1680 1686 ad
1699 1654 1860 1689 animum
1878 1662 1978 1689 tuum

1204 1701 1350 1734 Accedit
1366 1703 1483 1746 gravis
1502 1704 1723 1749 indignatio,

1204 1752 1251 1786 Et
1266 1753 1299 1786 ei
1314 1757 1508 1798 respondet
1524 1753 1663 1790 hostilis
1679 1757 1827 1791 caedes?

1206 1804 1353 1845 „Noxia
1372 1813 1455 1840 sunt
1473 1805 1681 1842 hominibus
1697 1809 1836 1853 piacula
1856 1817 2090 1855 cognatorum

1205 1856 1430 1895 „Parricidis
1449 1859 1486 1891 in
1510 1865 1617 1894 terra.
1670 1859 1751 1894 Scio

1155 1907 1256 1942 1270
1284 1907 1499 1948 „Divinitus
1516 1910 1663 1944 immitti
1678 1913 1772 1946 mala
1791 1914 1827 1946 in
1844 1914 2005 1949 domum.

1206 1961 1308 1994 Puer.
1336 1959 1435 2002 Heu,
1463 1962 1549 2007 quid
1565 1962 1720 1997 faciam?
1747 1966 1824 2011 fquo
1843 1966 2010 2011 effugiam
2027 1979 2155 2002 manus

1570 2014 1695 2049 matris
1706 2015 1722 2048 Ρ

1204 2061 1370 2109 Αῖίενθθ).
1398 2064 1545 2106 Nescio,
1581 2064 1787 2101 charissime
1805 2069 1932 2107 fratem
1968 2076 2085 2104 actum
2104 2077 2155 2105 est

1567 2119 1610 2151 de
1626 2119 1742 2154 nobis.

1151 2184 1155 2185 ν
1207 2166 1304 2199 Ghor.
1332 2167 1445 2201 Audis
1465 2168 1686 2204 clamorem?
1721 2171 1823 2205 audis
1843 2171 1999 2207 liberos}>

1205 2215 1238 2249 Ο
1256 2217 1382 2251 misera
1397 2245 1406 2259 ,
1434 2232 1455 2253 o
1473 2221 1602 2255 mulier
1617 2222 1754 2255 infelix!

1157 2265 1254 2303 1275
1281 2269 1457 2304 Accedam
1474 2273 1621 2306 domum
1633 2301 1642 2314 ,
1669 2274 1844 2318 depellere
1860 2285 1981 2308 necem

1204 2319 1343 2356 Liberis
1360 2335 1425 2367 ego
1445 2325 1624 2359 constitui.

1187 2463 1235 2495 88)
1256 2470 1343 2494 neque
1363 2465 1520 2488 memineris
1540 2465 1715 2494 liberorum]
1736 2466 1778 2489 liis
1798 2468 1891 2491 verbis
1914 2468 1941 2492 in
1961 2468 2043 2493 Editt.
2066 2470 2151 2496 1553.

1224 2499 1298 2524 1552.
1321 2499 1346 2521 in
1367 2505 1454 2529 marg.
1476 2500 1584 2524 adiecta
1605 2502 1649 2523 est
1668 2502 1827 2525 annotatio:
1854 2503 1884 2526 ld
1903 2504 1961 2535 est,
1979 2509 2035 2528 non
2054 2504 2150 2528 memi-

1222 2533 1297 2556 neris
1314 2535 1342 2556 te
1361 2536 1476 2557 matrem
1495 2541 1561 2558 esse
1578 2535 1674 2559 horum
1694 2537 1851 2562 liberorum.

1187 2585 1236 2612 89)
1256 2585 1381 2614 scopuli]
1401 2585 1441 2608 sic
1460 2586 1543 2609 Editt.
1566 2587 1656 2616 ¹558„
1681 2588 1772 2618 1562.;
1798 2589 1881 2613 Editt.
1902 2591 2005 2613 recent.
2026 2589 2073 2621 (=
2093 2591 2150 2613 Eu-

1222 2620 1273 2649 rip.
1293 2619 1411 2651 πετρᾶν)
1434 2621 1624 2650 scopulorum.

1186 2668 1234 2700 90)
1256 2670 1351 2700 Alter]
1372 2671 1412 2695 sic
1431 2671 1479 2703 (Ξ
1498 2673 1589 2703 Eurip.
1611 2673 1693 2699 Editt.
1716 2675 1800 2699 Basil.
1822 2676 1913 2706 1551„
1932 2676 2024 2706 Herm,
2041 2676 2148 2707 Musgr.

1216 2702 1339 2737 Ἕτερος)
1360 2707 1566 2776 ΕὐἰῑῐὲὶῑίεὶιζὶζιἾ
1584 2709 1706 2739 Musgr.;
1732 2710 1921 2739 Editt.1558.,
1942 2710 2017 2736 1562.
2036 2711 2130 2736 Alius.
