2373 2980
215 108 290 143 485
793 106 914 141 PHIL.

267 194 384 227 Verba
402 194 536 230 dicere;
564 195 623 226 sed
642 204 715 225 non
735 192 938 236 indignare,
966 194 1098 233 amice,

267 246 405 281 Dicito.
434 245 614 289 quomodo
638 243 832 287 perierunt.
884 244 976 278 Nam
996 245 1049 278 bis
1068 251 1206 279 tantum

220 296 317 330 1135
345 295 459 337 Mem)
477 294 723 334 delectaveris,
751 294 778 327 si
795 294 921 327 misere
939 295 1009 329 sint
1025 297 1170 331 mortui.

266 351 373 382 Num.
408 346 601 391 Postquam
628 345 768 389 gemina
793 346 932 380 soboles
955 353 1098 381 tuorum
1123 349 1208 381 libe-

623 408 745 429 rorum
765 403 863 430 venit

268 448 356 481 Cum
376 454 495 492 patre,
523 454 555 480 et
573 448 728 491 ingressa
748 454 798 481 est
815 449 961 481 domum
980 461 1150 494 sponsae,

267 499 387 533 Gavisi
405 511 545 538 sumus,
572 499 633 544 qni
650 498 829 533 doluimus
846 505 944 533 tuam
959 500 1070 533 vicem
1082 528 1092 541 ,

263 550 421 589 Famuli;
449 551 567 584 statim
587 562 671 583 vero
690 550 799 583 multa
817 553 1177 591 consusnrrabamus,

221 601 316 635 1140
350 601 402 634 Te
439 608 471 634 et
504 608 603 635 tuum
636 601 804 634 maritum
836 602 1018 636 diremisse
1051 603 1208 647 priorem

625 652 852 686 discordiam.

268 703 504 738 osculabatur
522 703 610 737 alius
628 715 772 736 manum
785 730 794 743 ,
820 703 910 738 alius
926 704 1057 737 ssavum
1074 711 1179 749 capnt

268 755 488 792 Puerorum;
517 767 581 798 ego
599 755 671 799 ipse
689 754 793 787 etiarn
813 767 898 799 prae
916 755 1049 788 laetitia

268 806 382 839 Simul
416 812 495 839 tuos
522 806 612 839 filios
647 806 844 838 comitabar
879 806 915 839 in
951 805 1209 840 habitationem

626 857 827 890 mulierum.

268 907 424 940 Domina
445 920 549 947 vero,
578 921 684 953 qnam
703 920 797 941 nunc
816 920 899 951 prae
918 914 950 940 te
971 908 1211 949 admiramur,

223 957 318 992 1145
348 959 559 1018 Priusquam
580 959 669 991 vidit
686 971 749 1002 par
770 947 912 991 tunium
934 959 1128 992 liberorum
1142 986 1152 999 ,

268 1010 430 1042 Habebat
446 1016 653 1053 promptum
674 1010 814 1042 oculum
836 1009 872 1041 in
888 1008 1048 1042 Iasonem
1063 1024 1071 1047 ;

268 1060 406 1093 Deinde
426 1060 512 1093 texit
532 1060 671 1098 oculos,

268 1112 313 1145 Et
329 1118 424 1144 retro
446 1111 573 1144 avertit
590 1110 760 1144 candidas
777 1122 902 1154 genas,

266 1163 490 1196 Abominans
525 1162 721 1206 ingressum
758 1174 972 1205 puerorum;
1015 1163 1075 1195 sed
1105 1162 1210 1196 mari-

626 1219 680 1246 tus
697 1219 778 1257 tuuls

222 1265 319 1299 1150
345 1265 500 1298 Abstulit
518 1264 606 1297 iram
627 1270 659 1297 et
678 1264 785 1296 bilem
814 1264 972 1308 puellae,

270 1316 366 1349 Haec
382 1316 518 1349 dicens:
546 1316 599 1350 Ne
616 1316 662 1349 sis
681 1315 823 1348 inimica
842 1315 964 1348 amicis
976 1342 985 1355 ,

268 1367 405 1401 Desiste
421 1368 464 1400 ab
482 1368 530 1400 ira
543 1393 552 1407 ‚
580 1373 614 1400 et
628 1366 726 1399 flecte
745 1366 873 1399 iterum
892 1373 1016 1410 caput,

270 1419 485 1453 Existimans
502 1418 634 1451 amicos
651 1418 813 1458 eosdem,
848 1431 937 1463 quos
953 1417 1102 1450 maritus
1121 1423 1211 1452 tuus.

268 1470 398 1514 Accipe
417 1482 585 1509 munera,
612 1475 646 1502 et
666 1481 751 1512 roga
773 1476 909 1513 patrem
922 1495 931 1508 ,

223 1519 320 1555 1155
356 1521 404 1554 Ut
424 1521 583 1554 remittat
607 1519 750 1552 exilium
777 1518 829 1553 bis
864 1520 950 1553 meis
984 1519 1103 1553 liberis
1132 1532 1211 1552 mea

635 1583 751 1604 causa.

267 1623 362 1655 Haec
378 1628 417 1655 nt
436 1622 595 1666 adspexit
612 1628 776 1655 ornatum
789 1648 798 1660 ‚
826 1633 900 1654 non
919 1621 1094 1654 continuit
1109 1633 1145 1654 se
1158 1648 1167 1661 ‚

271 1674 338 1707 Sed
370 1674 535 1718 promisit
560 1673 638 1706 viro
668 1673 800 1706 omnia.
869 1672 915 1705 Et
939 1674 1145 1718 priusquam
1172 1684 1214 1705 ex

626 1725 771 1757 aedibus
1237 1719 1241 1759 ἱ

271 1776 401 1809 Procul
419 1775 558 1808 abirent
577 1781 678 1820 pater
696 1781 729 1807 et
745 1773 846 1807 liberi
865 1773 934 1814 tui,
1238 1763 1241 1804 i

268 1827 456 1871 Acceptam
477 1827 611 1859 variam
630 1832 761 1860 vestem
780 1824 913 1865 induit,
1238 1823 1240 1851 ἱ

223 1879 321 1914 1160
348 1879 490 1911 Ponens
507 1890 650 1910 auream
669 1888 839 1909 coronam
858 1888 964 1920 supra
984 1875 1188 1914 cincinnos,
1237 1870 1240 1912 l

271 1932 416 1963 Ornans
433 1941 570 1962 comam
582 1955 591 1968 ,
620 1926 780 1961 adhibito
800 1927 894 1959 claro
911 1927 1053 1970 speculo
1067 1953 1076 1966 ,
1238 1962 1239 1968 ἵ

271 1982 443 2014 Arridens
459 1979 655 2012 exanimem
674 1978 864 2022 imaginem
883 1978 936 2011 sni
953 1976 1124 2021 corporis.
1237 2001 1240 2025 Υ

271 2033 408 2066 Deinde
427 2031 488 2064 ubi
508 2030 714 2064 surrexisset
731 2031 774 2062 de
791 2029 880 2062 solio
892 2056 901 2068 ‚
928 2029 1127 2062 inambulat
1237 2065 1239 2076 ‚

271 2083 310 2117 ln
335 2081 578 2121 habitatione,
606 2081 754 2114 delicate
778 2081 943 2113 incedens
970 2080 1130 2113 candidis
1154 2092 1212 2124 pe-
1238 2086 1239 2093 ¹

635 2133 756 2172 dibus,
1238 2132 1239 2141 ¹

225 2184 322 2220 1165
348 2185 515 2219 Gaudens
534 2190 680 2228 propter
698 2185 790 2216 dona
804 2208 813 2221 ,
842 2181 993 2214 multum
1014 2188 1045 2214 et
1061 2193 1165 2225 saepe
1236 2183 1239 2218 1

273 2237 399 2270 Erecto
418 2236 498 2269 colli
515 2235 658 2268 tendine
675 2232 972 2276 circumspiciens.

272 2288 355 2320 Inde
373 2293 488 2320 autem
508 2292 583 2319 erat
599 2285 799 2319 miserabile
823 2282 1062 2328 spectaculum
1082 2282 1213 2317 videre.

272 2339 363 2373 Nam
382 2344 519 2371 mutato
538 2338 655 2370 colore
678 2337 748 2369 iam
778 2336 962 2368 incurvata

272 2389 490 2433 Ingreditur,
518 2394 672 2421 tremens
690 2386 876 2426 membris,
904 2392 938 2418 et
954 2384 1011 2417 vix
1029 2384 1190 2429 pervenit
1239 2385 1241 2389 '

225 2441 322 2476 1170
348 2440 402 2473 Ad
421 2440 558 2478 sedem,
584 2451 628 2472 ne
647 2440 787 2472 caderet
802 2438 838 2470 in
857 2444 1003 2470 terram.
1238 2394 1242 2495 ι

273 2492 368 2525 Tum
386 2503 455 2524 una
475 2503 516 2523 ex
531 2490 672 2524 famulis
690 2502 798 2529 anus,
827 2501 904 2522 cnm
924 2487 1141 2521 existimaret

273 2542 445 2577 Panicum
464 2548 637 2574 terrorem
664 2547 725 2574 aut
743 2540 886 2574 alterius
902 2539 969 2572 Dei
987 2537 1128 2578 venire,

258 2676 307 2703 8¹)
326 2676 385 2703 Me]
404 2675 444 2698 sic
462 2674 546 2699 Editt.
569 2674 661 2705 1558„
689 2674 781 2703 1562.;

367 2709 377 2738 )
818 2674 901 2698 Editt.
926 2674 1028 2696 recent.
1056 2674 1104 2700 (=
1121 2671 1216 2702 Eutip.
1240 2668 1242 2688 ἴ

291 2707 363 2742 ᾖυιῐς
400 2710 464 2734 Nos.
1239 2713 1243 2721 .

950 107 1063 142 MEL.
1098 107 1299 142 SCRIPTA
1333 107 1669 142 PHILOLOGICA.

2173 111 2249 147 484

1308 193 1509 227 Vociferata
1527 200 1595 233 est,
1624 193 1831 238 priusquam
1849 193 1983 227 videret
2002 206 2062 238 per
2082 208 2120 230 os

1309 245 1414 290 Exire
1433 245 1621 277 candidam
1640 256 1800 288 spumam
1813 270 1821 284 ‚
1851 251 1885 277 et
1899 246 1942 278 ab
1961 246 2071 280 oculis

1265 294 1361 330 1175
1388 296 1592 329 vertentem
1612 295 1782 340 pupillas,
1811 301 1844 327 et
1860 307 1931 328 non
1949 298 2100 341 amplius
2119 296 2155 330 in
2174 309 2250 330 cor—

1673 359 1758 390 pore
1777 358 1850 379 esse
1868 349 2088 390 sangninem.

1312 397 1450 430 Deinde
1463 409 1529 441 pro
1551 397 1804 430 vociferatione
1818 397 1934 431 emisit
1947 410 2110 443 magnam

1310 448 1570 486 Eiulationem;
1598 449 1715 483 statim
1733 460 1816 482 vero
1837 463 1907 484 nna
1924 451 1961 483 in
1978 450 2124 485 domum
2141 452 2253 496 patris

1313 499 1497 539 Cucurrit,
1525 499 1593 532 alia
1611 501 1655 533 ad
1673 507 1849 534 recentem
1870 502 2036 535 maritum
2048 528 2057 542 ‚

1313 550 1460 583 Dictura
1482 551 1717 584 calamitatem
1735 565 1898 596 sponsae.
1952 553 2044 586 Tota

1266 602 1363 636 1180
1389 601 1527 635 Domus
1550 603 1741 636 resonabat
1762 604 2007 649 frequentibus
2029 602 2255 638 discursatio-

1673 653 1777 687 nibus

1313 702 1385 736 Iam
1405 709 1504 736 tanto
1523 710 1602 747 post
1620 704 1805 751 spatio⁸2)‚
1833 713 1969 751 quanto
1986 706 2113 740 tollens
2127 706 2254 750 pedem

1673 756 1821 789 celerem

1312 804 1435 850 Equus
1453 805 1554 838 velox
1572 813 1703 839 metam
1722 808 1910 851 attigisset;

1314 855 1376 888 llla
1398 869 1438 889 ex
1456 863 1551 890 muta
1565 883 1575 897 ,
1604 864 1637 890 et
1654 870 1745 903 quae
1760 860 1876 892 suerat
1893 870 1993 891 caeca
2006 884 2015 897 ‚

1315 907 1482 940 Graviter
1499 907 1732 952 ingemiscens
1746 910 1873 944 misera
1889 909 2119 942 excitabatur.

1267 957 1364 992 1185
1388 958 1480 992 Nam
1500 960 1628 1003 duplex
1645 961 1777 994 malum
1795 961 2050 995 adversabatur
2065 958 2115 991 ei:

1314 1011 1432 1042 Aurea
1451 1023 1582 1043 corona
1601 1012 1707 1055 capiti
1726 1012 1890 1056 imposita
1903 1038 1912 1052 ,

1312 1060 1508 1094 Emittebat
1524 1062 1724 1096 mirabilem
1743 1064 1914 1096 vorticem
1937 1061 2027 1107 ignis
2050 1060 2171 1093 omnia
2198 1060 2258 1092 de-

1678 1115 1854 1153 vorantis;

1314 1160 1363 1194 Et
1381 1162 1495 1196 tenuis
1513 1163 1630 1196 tunica
1644 1190 1653 1203 ,
1677 1166 1812 1198 donum
1831 1172 1974 1198 tuorum
1992 1160 2258 1207 liberorum⁸³),

1316 1212 1522 1247 Devorabat
1541 1215 1729 1248 candidam
1750 1228 1892 1248 carnem
1911 1214 2070 1247 infelicis.

1269 1263 1365 1298 1190
1392 1263 1469 1308 Ipsa
1490 1265 1709 1298 inflammata
1727 1266 1901 1310 fugiebat,
1928 1276 2075 1309 surgens
2093 1262 2135 1295 de
2149 1261 2258 1302 solio,

1316 1315 1531 1350 Concutiens
1547 1317 1661 1350 crines
1680 1324 1714 1350 et
1733 1324 1837 1362 caput
1853 1315 1922 1350 hnc
1938 1323 1973 1350 et
1986 1316 2089 1354 illuc,

1316 1366 1448 1401 Volens
1466 1368 1616 1401 abiicere
1633 1381 1823 1407 coronam;
1857 1369 1917 1402 sed
1935 1366 2084 1401 firmiter

1315 1418 1495 1451 Haerebat
1510 1431 1615 1452 aurea
1635 1431 1786 1457 corona;
1814 1419 1905 1462 ignis
1921 1429 2007 1450 vero
2024 1429 2042 1449 a
2060 1425 2161 1448 coma

1314 1468 1492 1503 concussa
1506 1497 1515 1509 ,
1542 1471 1594 1504 bis
1613 1476 1749 1503 tantum
1759 1469 1806 1516 84)
1823 1469 1964 1503 exarsit.

1269 1518 1366 1554 1195
1392 1519 1469 1564 Ipsa
1485 1522 1574 1554 victa
1595 1522 1689 1554 malo
1708 1521 1801 1553 cadit
1820 1520 1856 1552 in
1876 1527 2006 1553 terram
2020 1543 2029 1557 ‚

1314 1572 1361 1605 Et
1379 1585 1396 1604 a
1416 1572 1558 1605 nemine
1578 1572 1694 1616 potuit
1710 1570 1853 1615 agnosci
1872 1576 2014 1614 praeter
2029 1572 2180 1612 patrem·

1317 1623 1408 1657 Nam
1428 1635 1543 1667 neque
1563 1623 1655 1656 oculi
1673 1629 1774 1656 erant
1792 1622 2005 1659 incolumes,

1315 1674 1439 1719 Neque
1458 1674 1572 1706 forma
1591 1675 1682 1707 bona
1694 1700 1703 1714 ‚
1732 1681 1765 1706 et
1779 1673 1920 1717 sanguis
1936 1685 1976 1706 ex
1994 1679 2133 1706 summo

1319 1725 1443 1769 Capite
1459 1726 1615 1758 stillabat
1634 1725 1763 1758 mixtus
1778 1725 1871 1769 igni,

1270 1777 1368 1812 1200
1394 1776 1439 1809 Et
1456 1789 1538 1809 caro
1558 1790 1597 1810 cx
1615 1777 1750 1810 ossibus
1766 1776 1857 1810 sicut
1874 1775 1991 1819 piceae
2012 1768 2214 1813 lachrymae

1318 1828 1386 1861 Per
1405 1840 1512 1871 genas
1530 1829 1706 1861 defluebat
1723 1827 1860 1860 arcanis
1878 1826 1945 1860 illis
1963 1820 2150 1857 veneficiis.

1317 1879 1545 1913 Horrendum
1583 1879 1820 1923 spectaculum
1834 1904 1844 1917 ,
1894 1888 2017 1910 omnes
2054 1873 2260 1909 metuebant

1678 1929 1852 1973 attingere

1317 1981 1497 2020 Cadaver;
1524 1993 1607 2014 nam
1624 1992 1742 2014 casnm
1760 1978 1949 2013 habuimus
1964 1978 2186 2022 magistrum.

1316 2034 1383 2067 Sed
1402 2033 1521 2066 infelix
1539 2038 1641 2077 pater
1654 2031 1881 2076 ignoratione
1899 2029 2004 2071 mali,

1272 2082 1370 2121 1205
1404 2084 1529 2118 Statim
1558 2084 1734 2128 ingressus
1764 2084 1911 2116 domum
1924 2108 1933 2121 ‚
1975 2081 2081 2115 irruit
2111 2079 2148 2112 in
2178 2090 2257 2112 eam

1678 2135 1749 2167 iam
1767 2139 1945 2167 mortuam
1958 2159 1967 2172 ,

1316 2185 1362 2219 Et
1384 2185 1503 2219 statim
1524 2186 1641 2230 coepit
1667 2186 1820 2225 eiulare‚
1862 2190 1896 2217 et
1919 2183 2084 2216 manibus
2109 2182 2260 2216 circum-

1677 2238 1766 2270 dans
1783 2248 1860 2269 eam
1873 2261 1882 2275 ,

1301 2356 1348 2387 82)
1368 2356 1421 2379 tam
1441 2357 1517 2379 tanto
1537 2356 1598 2384 post
1617 2354 1740 2383 spatiosi
1759 2353 1825 2376 haec
1844 2352 1929 2375 verba
1943 2351 1969 2374 in
1982 2356 2066 2378 marg.
2078 2349 2258 2381 Editt.1558.‚

1339 2391 1414 2415 1562.
1431 2390 1471 2412 sic
1491 2389 1676 2419 explicantur:
1701 2388 1730 2411 ld
1745 2389 1803 2416 est,
1822 2389 1925 2410 tantum
1941 2387 2002 2409 erat
2016 2385 2191 2409 intervallum
2208 2390 2257 2408 re-

1336 2426 1405 2449 tenti
1423 2424 1548 2454 spiritns.

1302 2477 1350 2509 83)
1374 2477 1471 2500 donum
1491 2477 1598 2498 tuorum
1618 2474 1781 2501 liberorum]
1810 2473 1850 2496 his
1873 2471 1966 2496 verbis
1992 2471 2018 2494 in
2037 2476 2123 2501 marg.
2143 2469 2256 2508 eat-und..

1337 2512 1420 2536 Editt.
1439 2509 1579 2539 adscripta
1596 2510 1660 2532 sunt
1678 2510 1790 2532 haecce:
1816 2510 1903 2537 Quam
1920 2507 2091 2530 donaverant
2109 2504 2190 2529 liberi
2207 2505 2255 2527 tui.

1302 2564 1351 2591 8-1)
1372 2563 1412 2586 bis
1432 2560 1551 2586 tantum]
1571 2560 1610 2583 sic
1630 2559 1712 2583 Editt⁴
1725 2558 1816 2587 15:29..
1837 2557 1927 2585 155&
1960 2558 2057 2579 Bam:
2084 2554 2186 2586 magia,
2209 2555 2255 2578 at-

1338 2604 1389 2628 que
1408 2597 1478 2621 adeo
1499 2596 1539 2618 bis
1559 2597 1678 2622 tantumn
1703 2594 1823 2623 Musgr.:
1852 2593 1956 2621 magis,
1977 2593 2064 2621 atque
2078 2590 2118 2613 bis
2132 2590 2255 2617 tantnm3

1337 2633 1411 2657 Fix.:
1445 2630 1550 2657 inagis,
1587 2630 1667 2657 atque
1692 2629 1763 2651 aden
1789 2627 1827 2649 bis
1847 2628 1923 2649 tanto
1940 2624 2049 2655 (Eun-ip.
2068 2624 2152 2649 leuitt,
2171 2622 2254 2646 Basit.

1339 2667 1431 2694 1551..
1454 2666 1554 2693 Barn„
1577 2664 1680 2693 Musgr.
1695 2661 1806 2694 μᾶλλον
1823 2659 1864 2688 δὶς
1881 2657 2006 2689 niueum,
2036 2659 2083 2682 Edi
2104 2657 2161 2682 Fix.
2180 2655 2254 2689 μᾶλ-

1338 2700 1387 2724 λον
1405 2699 1445 2727 δὶς
1462 2697 1547 2726 τόσως
1564 2696 1616 2727 τ’).
