2373 2980
198 83 271 117 859
779 82 898 118 PHIL.
929 84 1040 119 MEL.
1069 85 1271 121 SCRIPTA
1299 88 1637 125 PHILOLOGICA.
2153 100 2228 134 840

244 168 341 213 Quid
356 168 466 201 dicis?

194 219 291 255 1240
325 222 405 254 Hec.
439 219 521 253 Non
548 224 597 251 est
627 219 722 262 apud
746 217 841 252 Deos
867 219 964 253 aliud
986 222 1054 256 nisi
1086 236 1184 258 meae

600 268 763 302 miseriae
775 296 784 309 ‚

239 321 284 354 Et
302 321 412 354 Troia
432 332 516 364 prae
536 320 702 353 omnibus
719 320 864 355 urbibus
881 321 1007 357 invisa.

239 372 385 405 Frustra
402 371 688 405 sacrificavimus.
741 372 778 405 Si
794 385 878 405 vero
896 386 961 407 nos
979 373 1075 408 Deus

238 422 451 462 Evenisset,
480 424 631 466 desuper
648 422 816 456 abiiciens
826 423 871 470 79)
887 425 951 458 sub
968 431 1101 459 terram
1113 453 1122 467 ‚

243 473 395 507 Obscuri
416 474 602 507 existentes
623 486 697 506 non
714 475 996 517 celebraremur,

194 524 289 559 1245
317 524 451 559 Dantes
472 525 630 557 carmina
649 525 759 559 Musis
775 527 820 559 ad
839 534 1011 571 posteros.

241 576 418 609 Discedite
432 603 440 615 ,
466 577 569 609 facite
585 577 762 610 tumulum
779 578 907 612 misero
925 579 1102 613 cadaveri.

242 627 355 661 Habet
389 627 482 661 enim
519 640 687 667 coronas,
730 631 1033 673 quemadmodum
1064 630 1185 664 inferis

601 686 779 713 convemt.

243 729 445 769 „Existimo
464 742 536 762 non
553 730 704 763 multum
722 732 852 763 referre
869 737 1108 772 mortuorum,

242 781 329 820 „An
347 781 474 826 aliquis
491 781 661 814 sortiatur
677 781 870 826 locupletes
888 783 1050 820 inferias;

195 831 292 868 1250
321 832 428 872 „Hoc
450 832 543 865 enim
569 839 708 865 tantum
741 839 792 866 est
822 833 939 867 inanis
971 846 1102 878 pompa
1134 833 1184 866 vi-

602 890 773 917 ventlum.

244 935 340 969 Ghor.
368 933 435 966 Hei
454 934 581 966 misera
602 940 735 973 mater,
763 946 853 979 quae
871 947 1017 979 magnas

243 985 329 1028 Spes
349 986 391 1017 de
410 991 467 1017 tua
485 991 698 1028 conceperat
714 984 785 1017 vita
797 1011 806 1024 ,

241 1036 312 1080 Qui
327 1037 443 1069 fueras
460 1036 584 1069 beatus
604 1048 644 1068 ex
661 1036 870 1079 parentibus

194 1085 288 1122 1255
316 1087 426 1120 Bonis
443 1093 547 1120 natus
559 1113 568 1126 ‚
595 1085 732 1131 *quam
754 1087 882 1120 misera
900 1093 1014 1120 morte
1031 1088 1181 1132 periisti!

240 1140 320 1172 Hee.
347 1137 457 1177 Hem,
483 1150 657 1183 quosnam
677 1137 713 1170 in
731 1136 785 1170 Ilii
804 1138 993 1172 verticibus

238 1189 350 1222 Video
367 1189 549 1223 flammeas
566 1201 692 1222 manus
711 1189 867 1222 torribus

240 1240 426 1284 Agitantes
436 1239 480 1286 S⁰)
490 1240 504 1273 ’.Ρ
559 1239 692 1273 Troiae

242 1291 386 1325 Novum
404 1292 551 1337 aliquod
566 1291 700 1324 malum
718 1290 843 1324 aderit.

195 1343 290 1378 1260
321 1344 432 1377 Tulih.
467 1342 577 1376 Edico
602 1342 905 1386 manipularibus,
941 1343 1001 1388 qui
1028 1341 1182 1375 ordinati

605 1393 685 1427 estis
706 1393 894 1426 incendere

241 1445 378 1479 Priami
394 1446 517 1478 urbem
530 1472 539 1485 ‚
566 1457 640 1478 non
660 1445 812 1489 amplius
830 1444 981 1478 otiosam
1000 1444 1182 1476 flammam

242 1497 355 1530 Manu
375 1503 509 1536 tenete,
537 1497 596 1530 sed
615 1496 732 1540 ignem
750 1495 904 1534 iniicite,

244 1548 291 1581 Ut
309 1554 504 1581 evertentes
526 1548 649 1581 urbem
662 1573 671 1586 ‚

241 1599 458 1642 Navigemus
477 1600 623 1632 domum
644 1598 788 1630 alacres.

197 1649 292 1686 1265
320 1650 392 1684 Vos
409 1656 526 1684 autem
553 1649 609 1695 (ut
628 1650 722 1681 idern
740 1659 856 1681 sermo
874 1653 1019 1691 peragat
1037 1647 1107 1680 duo
1124 1659 1184 1680 ue-

606 1698 721 1745 gotia)

245 1752 385 1792 Cedite,
410 1751 655 1785 Troianorum
673 1750 786 1791 filiae,
815 1749 958 1795 quando
976 1749 1128 1782 arduum

245 1803 457 1847 Clangorem
476 1803 582 1836 tubae
600 1803 764 1836 dederint
783 1803 888 1835 duces
904 1799 1086 1834 exercitus.

244 1854 300 1888 Ad
315 1867 423 1888 naves
441 1855 680 1893 Graecorum,
708 1859 747 1886 ut
764 1851 935 1896 navigetis
954 1863 994 1884 ex
1010 1857 1116 1886 terra.

247 1906 305 1939 Tu
322 1918 406 1938 vero
418 1932 427 1945 ,
455 1918 475 1938 o
494 1917 601 1945 anus,
628 1904 827 1937 miserrima
844 1902 990 1942 mulier,

200 1957 298 1995 1270
324 1957 497 2002 Sequere,
523 1957 710 1989 traducent
728 1961 761 1988 te
779 1956 822 1988 ab
840 1954 965 1998 Ulysse
983 1953 1078 1987 missi

246 2007 327 2049 Isti,
354 2008 410 2042 cui
427 2015 459 2041 te
476 2019 615 2042 servam
634 2019 710 2041 sors
726 2006 855 2039 emittit
873 2017 914 2039 ex
930 2004 1058 2049 patria.

249 2062 329 2094 Hec.
357 2059 416 2092 Me
433 2060 598 2093 miseram
612 2085 620 2099 ‚
648 2056 716 2091 hoc
733 2064 953 2102 postremum

247 2111 294 2145 Et
310 2111 388 2144 finis
404 2110 564 2144 omnium
581 2122 743 2143 meorum
764 2109 940 2142 malorum
957 2113 1018 2140 est.

251 2162 425 2206 Egredior
441 2174 481 2195 ex
498 2161 612 2206 patria
623 2187 632 2201 ‚
659 2160 782 2194 civitas
800 2160 880 2204 igne
895 2157 1130 2193 succenditur.

204 2212 300 2251 1275
326 2214 406 2254 Sed,
430 2226 450 2246 o
467 2213 585 2247 senilis
604 2224 677 2257 pes,
702 2212 870 2251 accelera,
896 2209 1057 2256 quamvis
1074 2220 1189 2252 aegre,

256 2266 303 2299 Ut
318 2263 433 2298 adhuc
450 2265 599 2298 salutem
614 2264 752 2297 urbem.

254 2316 287 2350 Ο
302 2328 471 2360 magnum
490 2315 683 2361 aliquando
701 2313 840 2359 spirans
858 2312 950 2344 inter
968 2311 1140 2344 barbaros

254 2367 386 2407 Troia,
412 2367 583 2412 inclytum
599 2373 698 2400 tuum
716 2376 850 2398 nomen
867 2375 951 2396 mox
968 2362 1119 2395 amittes.

256 2418 334 2452 Cito
353 2418 493 2452 incensa
512 2430 566 2458 es,
594 2424 627 2451 et
641 2430 706 2451 nos
724 2417 878 2450 educunt
895 2420 991 2448 extra
1008 2413 1161 2458 patriam

210 2470 308 2506 1280
336 2469 481 2510 servas,
509 2482 529 2502 o
549 2468 627 2507 Dii;
655 2470 716 2503 sed
732 2467 817 2514 quid
834 2466 928 2499 Deos
944 2464 1056 2498 voco?

240 2609 288 2637 79)
307 2607 425 2636 desuper
442 2603 590 2632 abiiciens]
609 2603 647 2626 sic
667 2602 713 2633 (=
727 2604 794 2626 text.
809 2603 866 2633 gr.)
884 2602 932 2625 Ed.
952 2601 1042 2630 155843
1062 2599 1193 2623 Ed.¹562.

276 2644 303 2666 et
321 2641 439 2670 desuper
457 2638 595 2663 abiiciens.

242 2694 289 2721 80)
309 2689 467 2724 agitantes]
487 2690 526 2713 sic
545 2689 594 2713 Ed.
617 2689 690 2713 1558.
711 2688 806 2712 mendo
827 2690 955 2718 typogr.:
984 2686 1140 2717 Agitentes.

1288 175 1393 210 Prius
1412 177 1505 209 enim
1525 188 1600 209 non
1615 176 1829 211 audiverunt
1844 191 1910 214 nos
1926 180 2096 217 invocati.

1288 226 1361 271 Age
1389 239 1572 261 curramus
1596 227 1634 260 in
1657 227 1878 269 incendium3
1912 244 1996 266 nam
2028 231 2230 270 honestissi-

1648 292 1746 312 mum
1770 279 1859 314 mihi

1290 328 1378 362 Cum
1400 329 1540 362 incensa
1558 330 1673 374 patria
1699 331 1803 366 mori.

1293 382 1403 414 Talth.
1430 379 1566 414 insanis
1584 387 1732 426 propter
1750 388 1810 416 tua
1828 384 1934 418 mala.

1242 430 1337 465 1285
1364 431 1537 464 Abducite
1556 444 1654 473 eam,
1680 445 1754 466 non
1772 434 1920 478 parcite;
1955 436 2073 481 Ulyssi
2089 444 2230 482 oportet

1288 480 1328 513 In
1346 494 1491 515 manum
1510 485 1614 523 dare,
1643 490 1675 517 et
1695 484 1727 517 ei
1743 483 1810 518 hoc
1828 499 1957 520 munus
1972 487 2124 522 mittere.

1288 535 1367 567 Ilec.
1395 531 1517 574 Eheu,
1546 532 1646 568 eheu.

1288 584 1320 616 Ο
1338 585 1502 618 Saturnio
1528 598 1588 618 rex
1600 612 1609 625 ‚
1635 587 1775 630 genitor
1792 586 1976 633 Phrygum

1287 635 1415 675 Pater,
1442 637 1586 680 indigna
1609 636 1771 671 Dardani

1241 686 1336 719 1290
1363 687 1575 721 Posteritate
1591 688 1688 723 vides
1706 689 1825 734 qualia
1842 687 1928 724 haec
1949 692 2118 735 patimur.

1290 739 1384 772 chor.
1412 738 1521 772 Vidit.
1575 739 1670 772 Haec
1684 753 1768 773 vero
1787 753 1916 785 magna
1935 742 2078 783 civitas,

1288 789 1370 822 Non
1387 790 1539 834 amplius
1555 791 1696 831 civitas,
1724 792 1850 836 periit,

1289 839 1347 873 Nil
1369 841 1520 885 amplius
1536 848 1586 874 est
1604 841 1728 876 Troia.

1240 890 1336 927 1295
1364 894 1447 926 Hec.
1473 892 1587 926 Fulsit
1601 892 1705 926 Ilium
1718 893 1764 940 ⁸¹)
1776 920 1785 934 ,

1284 943 1470 976 Moenium
1488 945 1614 977 ardent

1287 994 1451 1027 Culmina
1463 1021 1472 1034 ,
1501 1001 1534 1027 et
1551 995 1673 1028 civitas
1685 1021 1694 1035 ,
1718 1001 1752 1027 et
1770 995 1991 1029 summitates
2007 1007 2207 1032 murorum.

1287 1046 1383 1079 Chor.
1410 1044 1544 1079 Fumus
1561 1045 1663 1091 quasi
1683 1046 1746 1079 alis
1762 1046 2006 1087 circumdans,
2034 1047 2132 1080 velut
2151 1048 2194 1082 de

1287 1096 1395 1129 Coelo
1412 1096 1576 1130 decidens
1594 1097 1798 1129 incendium
1814 1097 1994 1131 civitatem
2014 1098 2168 1131 demittit
2190 1098 2228 1130 in

1645 1153 1790 1181 terram.

1240 1198 1335 1232 1500
1363 1197 1449 1231 Usta
1466 1203 1549 1230 sunt
1565 1197 1696 1241 palatia
1709 1224 1717 1237 ,
1746 1204 1883 1231 vastata
1902 1198 2002 1242 igne,

1283 1248 1330 1281 Et
1347 1247 1467 1281 hostili
1485 1246 1598 1282 hasta.

1285 1302 1366 1333 Hec.
1394 1299 1427 1332 Ο
1443 1300 1556 1344 patria
1573 1299 1678 1332 altrix
1694 1311 1856 1332 meorum
1872 1300 2080 1334 liberorum.
2129 1301 2227 1335 Ghor.

1642 1350 1732 1384 Heu.

1286 1404 1366 1435 Hec.
1402 1401 1434 1434 O
1465 1401 1588 1440 liberi,
1632 1401 1769 1440 audite,
1820 1401 2009 1443 agnoscitis
2024 1401 2069 1446 s²)
2105 1402 2228 1434 matris

1648 1463 1784 1484 vocem.

1288 1504 1383 1537 Ghor.
1411 1501 1527 1535 Vocas
1544 1508 1706 1535 mortuos
1721 1501 1864 1545 lugubri
1879 1513 1984 1540 voce,

1240 1552 1337 1587 1305
1365 1553 1495 1586 Senilia
1515 1565 1652 1596 ponens
1669 1553 1830 1585 membra
1846 1552 1883 1584 in
1901 1553 2014 1586 solum
2027 1579 2037 1592 ‚

1284 1604 1330 1637 Et
1347 1611 1497 1649 utraque
1515 1610 1648 1636 terram
1665 1609 1783 1647 tegens
1801 1615 1923 1637 manu.

1286 1656 1389 1689 Pono
1407 1655 1471 1688 tibi
1489 1667 1580 1698 genu
1598 1655 1806 1694 succedens,

1287 1707 1359 1740 Sub
1377 1713 1470 1739 terra
1488 1718 1586 1740 meos

1289 1757 1439 1791 Miseros
1457 1758 1627 1790 invocans
1643 1755 1803 1789 maritos.

1240 1809 1337 1843 1310
1371 1811 1451 1843 Hec.
1485 1809 1636 1852 Agimur
1647 1834 1655 1847 ‚
1690 1806 1851 1840 ferimur.

1652 1865 1739 1892 stem
1757 1868 1895 1891 narras.

1288 1915 1369 1947 Hee.
1395 1911 1451 1944 Ad
1470 1910 1594 1945 servile
1619 1909 1791 1955 palatium
1817 1907 1992 1942 ducimur.

1648 1972 1727 1993 mea
1744 1959 1873 2004 patria.

1289 2016 1370 2048 Hec.
1399 2013 1431 2047 Ο
1446 2013 1589 2046 Priame
1601 2039 1610 2052 ,
1638 2019 1676 2045 tu
1693 2011 1835 2057 quidem
1854 2016 2017 2044 mortuus

1290 2065 1510 2110 Insepultus,
1539 2069 1574 2098 et
1590 2064 1722 2108 absque
1739 2062 1880 2103 amicis,
1908 2074 1943 2096 es
1968 2060 2112 2105 ignarus
2131 2070 2229 2093 meae

1651 2126 1828 2148 mlser1ae.

1289 2170 1377 2203 Atra
1396 2168 1491 2200 enim
1509 2166 1629 2199 oculos
1647 2172 1727 2199 tuos
1744 2165 1831 2208 tegit
1937 2208 1940 2209 ⁷

1244 2217 1341 2254 1315
1368 2218 1486 2257 Mors,
1513 2217 1611 2261 pium
1632 2216 1740 2260 impia
1759 2216 1864 2248 caede
1881 2213 2117 2246 interfectum.

1292 2270 1372 2304 Heu
1388 2269 1547 2302 Deorum
1565 2267 1696 2311 templa
1708 2293 1718 2307 ‚
1745 2273 1780 2299 et
1794 2264 1900 2299 chara
1918 2264 2052 2298 civitas.

1295 2323 1393 2357 Char.
1418 2320 1497 2353 Heu
1514 2316 1673 2352 cohibete
1691 2318 1830 2351 letalem

1295 2373 1496 2406 Flammam
1508 2397 1517 2411 ‚
1545 2376 1579 2403 et
1594 2369 1677 2403 belli
1693 2367 1847 2403 hastam:

1921 1807 2016 1840 Chor.
2052 1805 2142 1839 Rem
2167 1806 2228 1839 tri-

2045 1909 2142 1942 Cltor.
2176 1906 2229 1941 Ex

1279 2495 1328 2522 81)
1346 2494 1413 2518 Hec.
1432 2491 1588 2519 Fulsit11.]
1614 2490 1653 2514 sic
1678 2490 1759 2513 Editt.
1780 2489 1870 2518 1558.‚
1893 2486 1984 2516 1562.;
2019 2485 2101 2509 Editt.
2127 2484 2229 2509 recent.

1314 2527 1429 2558 (=.Ed.
1450 2526 1535 2551 Basil.
1557 2524 1645 2555 1551.)
1665 2531 1713 2555 pro
1732 2524 1783 2548 hoc
1801 2529 1854 2547 uno
1873 2528 1914 2546 vs.
1935 2521 2032 2544 hahent
2051 2519 2135 2543 duos:

1349 2563 1416 2587 Hec.
1436 2561 1512 2589 Vae,
1532 2561 1598 2587 heu,
1617 2560 1675 2588 hei,
1696 2560 1745 2589 oh,
1767 2557 1816 2582 ah!

1351 2597 1416 2621 1295
1437 2595 1566 2625 Splendet
1585 2594 1679 2622 Ilium,

1279 2648 1326 2680 82)
1346 2646 1512 2679 agnoscitis]
1531 2646 1571 2669 sic
1584 2646 1666 2670 Editt.
1683 2645 1767 2674 1558„
1787 2643 1878 2673 1562.;
1897 2641 1980 2666 Editt.
1995 2639 2096 2664 recent.
2117 2636 2163 2669 (=
2173 2637 2230 2661 Eu-

1315 2683 1364 2713 rip.
1383 2680 1501 2714 μάθετε)
1520 2680 1673 2712 agnoscite.

2357 1439 2365 1535 *rx-:³7
2358 1413 2365 1432 ς.
2357 1370 2366 1405 -7-
