2373 2980
212 97 284 129 :387

265 181 322 213 Tu
342 178 534 223 aliquando
553 177 622 208 dux
641 173 848 207 exercitibus
867 174 1086 208 Graecorum

214 230 287 267 325
315 229 464 263 Troiam
491 225 662 260 abstulisti
688 237 705 257 a
730 224 895 265 Priamo,
939 226 1028 259 adeo
1052 226 1200 270 ignavus
1224 227 1228 264 2

627 274 802 309 existens?

263 331 333 375 Qui
350 341 414 373 pro
435 328 505 361 filia
522 339 564 360 ex
581 325 695 359 verbis
718 326 868 371 filiae·²³)

265 384 364 415 Adeo
381 392 415 413 cs
431 380 550 417 ferox,
577 384 611 410 et
628 389 706 409 cum
726 377 854 410 misera
872 377 1019 411 muliere

266 435 344 465 §ers
356 444 373 463 a
408 429 506 463 venis
539 429 576 461 in
613 428 895 466 contentionem;
948 440 1021 461 non
1056 428 1199 473 dignum

632 479 722 511 duco
732 478 779 523 ⁴³)

268 535 390 578 Neque
408 537 441 564 te
460 529 590 569 Troia,
619 541 734 574 neque
751 529 900 562 Troiam
927 536 972 563 te.

216 587 290 620 330
318 581 422 627 „Qui
436 581 601 614 videntur
616 580 890 624 praestantiores
907 592 978 614 esse
990 606 999 620 ‚
1022 579 1108 612 soris
1124 586 1205 613 sunt

268 633 501 678 „Splendidi‚
527 631 620 664 intus
636 631 800 665 omnibus
815 629 1019 668 hominibus
1036 630 1179 668 similes,

270 686 554 729 „Praeterquam
572 681 721 715 divitiis:
750 679 817 714 hoc
841 694 1009 725 magnum
1035 680 1204 726 quiddam

628 739 753 777 potest.

270 786 450 823 Menelao,
477 795 540 828 age
558 783 782 816 absolvamus
799 793 991 815 sermones,

271 840 343 871 Sim
363 835 542 869 interfecta
563 846 582 866 a
601 840 661 867 tua
682 834 773 872 filia,
801 839 834 865 et
851 844 907 865 me
922 832 1133 876 perdiderit:

222 890 295 926 335
323 889 404 922 Nou
420 885 551 930 poterit
567 885 718 928 effugere
736 889 873 916 reatum
891 881 1151 916 homicidialem
1165 909 1174 922 ,

273 941 316 973 lit
334 939 426 971 inter
444 936 574 970 multos
592 941 625 968 et
641 942 678 967 tu
697 933 880 967 adiuvabis
895 931 986 967 banc

275 991 425 1023 Caedem
438 1014 446 1027 ‚
473 987 574 1030 culpa
592 986 763 1018 adiuvans
781 990 881 1027 coget
898 990 943 1017 te.

273 1043 336 1073 Sin
355 1052 418 1083 ego
436 1037 611 1080 effugero,
639 1048 682 1068 ne
698 1034 851 1073 moriar,

275 1096 330 1125 An
348 1089 512 1123 occidetis
525 1099 674 1132 puerum
686 1086 702 1118 ’Β
728 1085 909 1130 quomodo
926 1089 1026 1127 pater

225 1145 296 1178 540
324 1141 415 1175 Filio
433 1145 576 1173 mortuo
594 1136 661 1170 boc
675 1148 789 1181 aequo
807 1135 927 1168 animo
945 1133 1058 1167 feret?

274 1195 357 1229 Bon
372 1193 421 1225 ita
435 1191 603 1235 ignavum
623 1201 702 1221 eum
720 1187 831 1220 Troia
852 1191 966 1218 vocat.

277 1246 344 1278 Sed
362 1242 477 1281 vadit,
505 1253 576 1286 quo
594 1244 746 1283 oportet.
799 1237 906 1269 Peleo
926 1235 1049 1278 dignas

278 1297 349 1329 Res
367 1300 400 1327 et
418 1291 553 1326 Achille
570 1296 669 1335 patre
682 1288 860 1322 videbitur
872 1288 999 1319 facere.

278 1346 437 1390 Expellet
454 1350 552 1377 tuam
568 1341 676 1375 filiam
693 1353 734 1373 ex
750 1339 912 1376 aedibus;
941 1343 976 1370 et
989 1343 1028 1369 tu
1045 1336 1132 1370 dans
1141 1335 1187 1381 4⁵)

230 1398 302 1432 345
333 1395 465 1435 Alteri,
514 1393 599 1439 quid
632 1391 746 1431 dices,
793 1396 913 1424 utrum
949 1388 1046 1434 quod
1080 1387 1212 1421 malum

635 1455 752 1475 virum

276 1499 404 1544 Fugiat
419 1495 522 1530 huius
541 1491 738 1527 modestia?
765 1492 825 1525 sed
842 1489 967 1523 falsum
987 1488 1064 1521 erit.

281 1551 370 1596 Quis
386 1550 488 1582 ducet
505 1557 582 1579 eam
591 1544 606 1576 ’.Ρ
636 1556 681 1577 an
698 1543 810 1587 ipsam
826 1540 899 1574 sine
915 1539 993 1571 viro
1012 1539 1110 1571 domi

282 1599 437 1636 Tenebis
454 1598 598 1631 viduam
616 1593 765 1627 canam?
794 1605 814 1625 o
830 1591 936 1624 miser
950 1589 1004 1622 vir
1015 1615 1024 1628 ‚

282 1654 365 1688 Non
384 1650 481 1683 vides
497 1647 643 1681 afssuxus
661 1651 842 1678 tantorum
860 1641 1037 1674 malorum
1047 1639 1062 1671 ⁴?

233 1703 306 1738 350
333 1703 430 1747 Quot
446 1697 612 1734 thalamis
627 1696 736 1729 filiam
754 1694 844 1727 male
862 1697 1049 1725 tractatam

282 1754 398 1787 Velles
422 1750 580 1785 invenire
606 1747 743 1792 potius,
781 1756 887 1789 quam
913 1741 1090 1786 patiatur,
1122 1740 1218 1785 quod

642 1809 705 1841 ego
722 1794 826 1828 dico?

285 1857 397 1895 „Non
416 1857 556 1897 oportet
574 1860 701 1892 magna
719 1847 810 1879 mala
829 1844 947 1888 parvis
970 1842 1118 1878 addere3

286 1908 438 1950 „Neque
450 1930 458 1943 ‚
485 1902 513 1936 si
530 1913 595 1934 nos
612 1899 777 1932 mulieres
792 1907 911 1929 sumus
926 1904 1057 1926 nocens
1074 1891 1220 1929 malum,

288 1957 422 1997 „Viros
440 1953 516 1987 fieri
533 1951 663 1986 similes
679 1947 888 1981 mulieribus
904 1951 1045 1977 natura.

237 2008 310 2044 355
339 2008 412 2042 Nos
429 2005 457 2038 si
472 2001 652 2037 maleficiis
667 2000 840 2032 laedimus
857 2003 953 2030 tuam
970 1994 1078 2027 filiam
1092 2019 1100 2032 ,

286 2059 333 2093 Et
350 2057 574 2091 debilitamus
590 2057 748 2085 ventrem
760 2076 769 2089 ,
796 2055 835 2081 ut
852 2048 927 2092 ipsa
947 2045 1050 2084 dicit,

286 2110 472 2147 Volentes,
522 2116 597 2138 non
631 2102 788 2134 volentes
804 2098 850 2145 46)
871 2124 880 2138 ,
922 2109 966 2129 ne
1001 2094 1145 2141 quidem
1178 2090 1221 2124 ad
1268 2101 1274 2104 ’

654 2164 751 2186 aram
761 2150 808 2195 4⁷)

275 2278 321 2303 43)
343 2280 391 2304 pro
410 2272 465 2297 filia
479 2277 511 2294 ex
522 2267 613 2292 verbis
627 2266 712 2293 filiae]
732 2265 771 2287 sit·
784 2262 866 2287 Editt.
879 2262 964 2285 1553..
987 2260 1078 2289 1562.;
1100 2259 1222 2287 Musgr.:

305 2310 378 2333 filiae
396 2305 555 2331 iuvenculae
572 2309 605 2326 ex
623 2301 724 2325 verbis,

276 2354 323 2381 44)
343 2350 450 2380 dignum
474 2346 556 2374 duco]
580 2343 620 2367 sic
643 2340 743 2370 scripsi
769 2342 815 2368 (z
834 2337 927 2366 Eut-ip.
954 2333 1034 2363 (Ξξιῶ;
1072 2333 1155 2357 Editt.
1181 2337 1227 2355 re-

311 2386 396 2408 cent.:
415 2381 502 2405 iudico
516 2376 656 2409 dignum):
690 2373 875 2401 Editt.1558.,
895 2370 966 2395 1562.
988 2374 1083 2392 errore
1103 2371 1226 2396 typogra

310 2419 422 2449 dignum
441 2417 515 2438 duce.

277 2469 324 2499 45)
345 2467 428 2493 dans]
454 2465 493 2488 sic
512 2462 594 2486 Editt.
617 2460 707 2490 1558„

312 2503 379 2525 daus
399 2498 503 2531 (Eurip.
522 2493 664 2525 ἐκδιδούς).

277 2546 325 2572 46)
344 2549 395 2567 non
422 2540 562 2567 volentes]
595 2538 635 2560 sic
663 2536 745 2560 Editt.
766 2534 855 2564 1558„
888 2530 980 2560 1562.;
1015 2528 1098 2552 Editt.
1124 2527 1225 2549 recent.

314 2581 361 2607 (z
378 2576 470 2605 Eurip.
492 2572 538 2597 οὐκ
556 2570 679 2601 ἄκοντες)
699 2575 752 2593 non
771 2567 848 2592 inviti
867 2566 956 2595 [Fix.:
984 2563 1093 2590 invitaJ.

277 2620 324 2650 47)
344 2625 378 2642 ne
402 2617 507 2648 quidem
531 2614 565 2638 ad
590 2613 680 2640 aram]
708 2611 748 2634 sic
771 2608 886 2639 scripsi;
923 2606 1006 2629 Editt.
1029 2604 1119 2630 1558,

311 2654 397 2677 male:
422 2658 455 2675 ne
474 2649 578 2680 quidam
598 2647 631 2670 ad
649 2651 741 2673 aram3
767 2645 862 2674 Barn.‚
880 2643 1000 2672 Musgr.:

315 2687 421 2718 quidem
439 2683 547 2714 (Eurip.
569 2678 631 2707 οὐδὲ
649 2677 768 2711 βώμιοι).

741 2457 832 2485 1562.;
867 2455 950 2479 Editt.
976 2454 1094 2477 recent.:
1133 2448 1227 2479 nuptui

1152 2601 1225 2625 1562-

781 90 901 123 I’lllL.
936 90 1047 124 MEL.
1081 90 1278 125 sttRu‘TA

1030 2645 1080 2662 nec
1097 2637 1131 2661 ad
1149 2641 1225 2660 aram
1250 2654 1251 2659 ,

1320 91 1652 126 PHILOLOGICA.
2159 94 2232 130 588

1302 177 1547 215 procidentes,
1578 188 1643 210 nos
1670 187 1820 220 poenam
1835 177 2084 212 sustinebimus

1302 230 1418 273 Quam
1436 229 1504 262 tuis
1521 226 1730 272 generis‘ss),
1758 227 1885 272 quibus
1900 240 1974 261 non
1995 229 2169 262 minorem

1224 265 1229 344 ¹}
1253 279 1326 313 360
1352 279 1508 312 Poenam
1527 278 1656 317 debeo,
1684 278 1816 311 addens
1832 279 2032 313 orbitatem.

1305 330 1377 364 Nos
1394 342 1513 362 sumus
1532 330 1635 368 tales,
1663 329 1723 361 sed
1741 329 1783 361 de
1801 335 1861 361 tuo
1880 329 1999 362 animo

1305 381 1424 414 Unum
1443 385 1562 412 metuo
1573 406 1582 419 ‚
1610 385 1756 423 propter
1770 379 1977 412 muliebrem
1993 380 2137 426 iram⁴⁹)

1305 431 1375 475 Qui
1396 430 1578 475 perdidisti
1593 435 1627 462 et
1644 429 1808 463 miseram
1824 427 2005 474 Phrygum
2021 432 2157 466 urbem.

1308 484 1404 516 Cltor.
1432 481 1588 514 Fortiter
1601 480 1720 514 dixisti
1734 486 1773 514 ut
1792 481 1919 513 mulier
1934 481 2102 515 adversus
2116 483 2224 521 viros,

1257 532 1329 567 365
1356 532 1398 564 Et
1416 531 1626 575 sapientiam
1645 537 1727 564 tuae
1746 531 1873 565 mentis
1891 531 2061 564 eiaculata
2080 544 2127 566 es.

1307 585 1402 618 Men.
1433 583 1580 621 Mulier,
1606 582 1669 616 ista
1688 589 1769 615 sunt
1784 594 1894 625 parva
1915 588 1948 615 et
1965 582 2116 626 imperio

1311 634 1391 666 Meo
1401 634 1446 678 ⁵⁰)
1463 645 1536 685 non
1553 633 1678 677 digna,
1705 639 1744 665 ut
1762 633 1832 672 ais,
1857 645 1972 678 neque
1987 633 2149 668 Graecia.

1310 711 1330 724 „
1342 684 1406 716 Sed
1426 686 1513 717 bene
1530 684 1637 723 scias,
1666 695 1736 728 quo
1755 683 1832 728 quis
1851 695 1939 728 opus
1954 681 2078 724 habet,

1310 762 1330 772 ,,
1342 735 1414 767 Hoc
1444 735 1586 768 cuilibet
1617 733 1728 778 pluris
1762 740 1832 774 est,
1872 745 1978 779 quam
2007 734 2155 767 Troiam
2188 745 2243 766 ca-

1666 795 1749 828 pere
1758 784 1817 830 ⁵¹).

1260 837 1333 870 370
1360 835 1405 869 Et
1421 848 1484 879 ego
1500 836 1611 875 filiae,
1638 835 1756 869 iudico
1775 835 1869 868 enim
1885 835 1949 868 ista
1970 847 2042 869 esse
2060 847 2208 879 magna,

1310 888 1362 921 Ne
1382 887 1538 931 privetur
1553 886 1751 926 connubio,
1777 899 1852 919 snm
1870 885 2023 919 adiutor.

1311 938 1420 978 „Alia
1438 937 1581 982 quidem
1599 936 1767 970 inferiora
1785 942 1966 980 pateretur
1982 935 2127 975 mulier,

1312 989 1410 1028 „Sed
1429 988 1590 1021 excidens
1605 987 1702 1027 viro,
1729 987 1856 1020 excidit
1879 986 1962 1019 vita.

1311 1039 1486 1072 Convenit
1507 1039 1607 1071 illum
1623 1039 1799 1082 imperare
1816 1037 1903 1071 meis
1922 1036 2030 1070 servis
2042 1061 2052 1075 ‚

1263 1088 1336 1124 575
1363 1089 1409 1122 Et
1425 1101 1523 1123 meos
1539 1100 1666 1133 meque
1682 1088 1792 1126 illius;

1315 1140 1551 1180 „Amicorum
1570 1138 1664 1172 enim
1679 1136 1769 1171 nihil
1784 1144 1834 1171 est
1851 1137 2048 1181 proprium,
2066 1135 2129 1181 qui
2144 1135 2248 1169 amici

1316 1191 1437 1230 „Vere
1456 1196 1554 1228 sunt;
1579 1190 1638 1223 sed
1655 1201 1710 1223 res
1725 1195 1807 1222 sunt
1821 1186 2090 1231 communesffi).

1316 1242 1510 1285 Expectans
1527 1241 1686 1274 absentes
1697 1266 1706 1280 ‚
1732 1239 1760 1273 si
1776 1251 1847 1272 non
1866 1237 2013 1271 efficiam

1317 1293 1394 1325 Mea
1413 1304 1518 1337 quam
1541 1291 1673 1335 optime
1685 1317 1694 1330 ‚
1721 1288 1811 1322 nihil
1827 1289 1911 1328 sim,
1940 1294 1974 1321 et
1990 1299 2063 1320 non
2079 1286 2230 1331 sapiens.

1266 1344 1341 1378 380
1367 1344 1433 1376 Sed
1453 1344 1534 1375 cede
1553 1354 1594 1375 ex
1610 1339 1678 1374 hoc
1695 1340 1826 1384 templo
1844 1339 1960 1378 Deae,

1316 1394 1429 1438 Quia,
1473 1393 1501 1425 si
1535 1399 1573 1425 tu
1603 1390 1824 1424 interficiaris
1841 1416 1850 1429 ‚
1896 1400 1984 1433 puer
2015 1388 2078 1421 iste
2110 1388 2252 1431 effugiet

1682 1447 1844 1473 mortem.

1319 1495 1370 1527 Te
1387 1505 1458 1526 non
1476 1493 1614 1525 volente
1632 1492 1741 1531 mori,
1766 1489 1859 1524 hunc
1876 1488 2101 1522 interficiam:

1318 1545 1466 1579 Necesse
1485 1550 1534 1576 cst
1549 1556 1589 1576 ex
1604 1544 1740 1576 duobus
1755 1542 1903 1573 alterum
1918 1539 2118 1583 relinquere
2131 1537 2254 1571 vitam.

1320 1597 1429 1629 Andr.
1457 1594 1534 1627 Heu
1554 1592 1659 1631 mihi,
1693 1592 1855 1624 acerbam
1883 1589 2106 1623 sortitionem
2131 1595 2165 1621 et
2187 1588 2255 1620 ele-

1685 1642 1839 1675 ctionem

1271 1694 1344 1730 385
1368 1695 1470 1727 Vitae
1485 1693 1674 1739 proponis;
1704 1699 1737 1726 et
1754 1692 1884 1736 eligens
1902 1690 2048 1728 misera,

1322 1747 1403 1780 Nm
1421 1746 1551 1789 eligens
1566 1743 1687 1777 infelix
1702 1756 1792 1777 sum.

1324 1799 1355 1828 ()
1373 1809 1498 1840 inagna
1515 1796 1645 1828 faciens
1661 1796 1704 1827 de
1721 1805 1829 1838 parva
1850 1803 1951 1825 causa
1964 1817 1972 1829 ,

1323 1848 1427 1886 Audi,
1451 1848 1535 1892 quid
1552 1859 1607 1879 me
1624 1843 1815 1878 interficis?
1844 1841 1977 1888 quare?
2006 1850 2111 1885 quam
2132 1837 2255 1871 urbem

1324 1898 1494 1931 prodidi?
1523 1910 1626 1943 quem
1645 1903 1787 1929 tuorum
1804 1894 1998 1926 liberorum
2015 1886 2199 1923 interfeci?
2226 1890 2246 1903 ⁶

1274 1950 1347 1984 390
1376 1950 1492 1994 Quam
1510 1950 1654 1981 domum
1673 1944 1838 1978 incendi?
1866 1949 1982 1976 coacta
2004 1938 2157 1974 dormi-vi

1327 2000 1415 2034 Cum
1433 1999 1592 2038 domino,
1620 2004 1654 2030 et
1669 1997 1739 2029 iam
1756 2008 1824 2035 me,
1851 2006 1924 2027 non
1944 1993 2042 2025 illum
2059 1988 2259 2027 interficies,

1326 2051 1394 2096 Qui
1413 2057 1463 2084 est
1475 2062 1576 2083 causa
1590 2047 1732 2082 horum.
1763 2047 1830 2080 Sed
1848 2043 2062 2090 principium
2081 2038 2259 2078 omittens,

1326 2102 1433 2135 Venis
1449 2102 1492 2133 ad
1511 2101 1615 2133 finem
1627 2126 1636 2140 ‚
1664 2098 1725 2144 qui
1740 2103 1790 2131 est
1807 2093 2007 2141 posterior?

1327 2153 1403 2186 Heu
1431 2149 1519 2184 mihi
1546 2156 1692 2195 propter
1724 2148 1789 2182 ista
1820 2147 1910 2180 mala
1923 2173 1931 2184 ,
1973 2157 1993 2176 o
2027 2143 2153 2176 misera
2182 2152 2265 2173 mea

1684 2205 1819 2243 patna,

1312 2360 1358 2392 45)
1380 2361 1464 2389 Quam
1483 2358 1537 2381 tuis
1557 2356 1683 2388 generis]
1708 2356 1749 2379 sic
1767 2355 1849 2379 Editt.
1871 2353 1959 2382 155S.‚
1982 2352 2071 2381 1562.;
2111 2350 2192 2375 Editt.
2215 2356 2261 2373 re-

1346 2396 1414 2419 cent.
1433 2392 1480 2423 (--·
1497 2391 1590 2421 Eut-ip.
1605 2387 1652 2414 Ἐν
1670 2390 1742 2414 σοῖσι
1760 2388 1909 2420 γαμβροῖς)
1927 2387 2086 2429 Αμιιιίιὶιιοε
2104 2389 2231 2415 generos,

1313 2446 1359 2477 49)
1379 2447 1489 2475 propter
1509 2443 1664 2466 muliebrem
1685 2441 1768 2469 iram]
1789 2440 1828 2463 sic
1847 2439 1929 2463 Editt.
1948 2438 2039 2463 1558,
2060 2436 2150 2460 1562.·.
2178 2435 2260 2459 Editt.

1349 2481 1464 2504 recent.:
1484 2480 1593 2506 propter
1613 2476 1812 2499 contentionem
1829 2480 1861 2497 ex
1876 2473 1989 2496 mulier-2
2003 2473 2090 2497 ortam
2110 2469 2200 2498 [1-·ix.;
2220 2475 2260 2498 pr.

1346 2523 1368 2538 c.
1389 2514 1420 2536 dc
1441 2512 1564 2539 unuln-re]
1589 2510 1695 2540 (Eun-ip.
1716 2507 1757 2532 δαὶ
1778 2509 1938 2540 γυναικείαν
1955 2504 2035 2536 ἔριν).

1311 2564 1358 2595 50]
1378 2563 1453 2589 Meo]
1474 2562 1513 2584 sic
1530 2560 1614 2584 Editt.
1633 2562 1751 2587 recent.;
1776 2557 1860 2582 Editt.
1876 2556 1968 2581 1558..
1990 2555 2062 2579 1562.
2081 2554 2167 2578 male:
2193 2554 2262 2576 Mea.

1311 2614 1358 2645 51)
1380 2614 1412 2637 Η.
1432 2612 1448 2635 Ι.
1468 2611 1494 2634 in
1512 2610 1595 2634 Eunt.
1612 2609 1701 2632 1558..
1723 2608 1798 2632 1562.
1818 2608 1881 2630 nota
1900 2611 2001 2636 marg:
2027 2602 2176 2633 copiditas.

1311 2666 1359 2692 52)
1382 2665 1412 2688 Η.
1425 2663 1442 2686 Ι.
1462 2662 1523 2685 iisd.
1539 2660 1623 2685 Editt.
1643 2662 1708 2684 nota
1726 2665 1831 2689 marg:
1857 2658 1954 2682 Omnia
1971 2655 2066 2680 amicis
2085 2653 2245 2679 communia.
