2373 2980
122 68 213 102 1061
630 66 750 102 LXXI.

117 151 217 187 1545
244 151 304 185 Ille
320 156 353 185 te
370 149 544 186 adiuvans
561 153 663 186 alteri
680 153 775 197 patri
792 154 963 187 attribuit.

164 207 238 238 Ion.
266 203 349 237 Non
365 203 413 235 ita
431 204 585 247 segniter
602 205 776 238 assentior
793 205 875 246 tihi,

162 255 232 288 Sed
249 255 471 299 compellabo
489 253 676 288 Phoebum
695 256 867 301 templum
883 256 1058 301 ingressus
1070 282 1079 296 ‚

162 307 218 339 An
234 306 300 339 sim
319 305 410 340 filius
427 304 583 340 hominis
601 307 674 340 sive
692 305 840 342 Phoebi.

158 355 293 397 Ehem,
321 357 399 402 quis
416 358 575 391 eminens
592 370 700 402 supra
718 359 892 404 templum

112 405 210 442 1550
236 407 394 442 Deorum
414 409 568 442 ostendit
582 410 707 442 faciem
724 409 942 455 fulgentem?

158 459 371 504 Fugiamus,
400 472 420 493 o
437 466 571 500 mater,
597 473 640 493 ne
658 460 753 495 Deos

155 510 370 551 Videamus,
396 511 465 545 nisi
482 524 560 544 cum
581 524 669 556 opus
686 519 737 546 est
756 512 875 546 videre
888 513 946 559 ⁴⁷).

156 563 249 596 Min.
277 562 329 596 Ne
345 562 473 606 fugite;
500 575 574 596 non
591 563 686 596 enim
704 561 842 597 hostem
861 577 917 597 me
936 563 1074 607 fugitis,

155 612 222 646 Sed
242 613 393 647 amicam
411 614 511 648 vobis
524 641 533 654 ‚
561 620 595 647 et
609 613 758 649 Athenis
776 622 808 648 et
825 613 894 649 hic.

105 661 203 698 1555
231 664 323 697 Veni
339 671 420 698 tuae
438 672 553 698 terrae
572 667 794 710 cognominis

153 715 271 749 Pallas
286 716 456 750 festinans
475 729 580 750 cursu
598 718 642 750 ab
659 718 844 761 Apolline,

813 66 1210 103 [NTERPRETATIO
1245 66 1368 102 10le
1400 68 1648 106 EURIPIDIS.

152 766 225 811 Qui
243 767 281 799 in
298 774 526 812 conspectum
543 774 698 801 vestrum
718 768 840 801 venire
859 767 994 807 noluit,

150 818 204 851 Ne
221 818 343 851 veniat
361 819 398 851 in
417 817 731 863 reprehensionem
754 819 923 863 priorem.
1121 822 1124 853 Ι

150 868 225 903 Nos
240 881 326 902 vero
343 870 453 903 mittit
467 868 531 903 hos
546 882 728 904 sermones
742 870 843 903 vobis
862 870 978 903 dicere
990 896 999 909 ,

103 917 202 955 1560
230 920 337 966 Quod
353 919 442 954 haec
460 921 599 966 peperit
615 927 648 954 te
669 934 710 955 ex
726 922 892 966 Apolline
910 927 1022 966 patre.

148 971 221 1005 Dat
246 978 364 1006 aulem
390 979 445 1013 te,
489 972 618 1017 quibus
645 973 763 1013 dedit,
806 973 904 1006 cuius
940 973 1031 1005 dicet
1061 978 1094 1005 te

514 1036 586 1057 esse
596 1023 660 1070 ⁴⁸),
808 1022 821 1033 ”

150 1073 198 1106 Ut
216 1074 413 1115 existimas,
440 1074 478 1107 in
495 1076 642 1108 domum
660 1075 918 1109 nobilissimam
933 1074 991 1121 ¹²⁹).

150 1124 345 1171 Postquam
364 1132 482 1159 autem
507 1127 722 1170 patefactum
743 1134 794 1161 est
819 1125 886 1160 hoc
909 1125 1090 1170 negotium

505 1178 651 1217 indicio,

147 1225 193 1259 Et
207 1234 368 1262 metuens
388 1234 420 1261 te
437 1229 531 1261 mori
547 1229 671 1262 matris
691 1228 838 1262 consilio
851 1255 860 1268 ‚
1117 1262 1120 1265 Δ

99 1275 197 1311 1565
223 1277 270 1312 Et
294 1279 471 1326 illam492)
503 1291 521 1311 a
557 1286 609 1319 te,
650 1280 816 1313 liberavit
845 1292 907 1313 vos
936 1277 1090 1311 mirabili

512 1331 632 1363 niodo.

129 1412 177 1440 47)
204 1413 265 1437 Iun.
293 1413 434 1442 Quomodo
453 1425 486 1430 —
505 1414 609 1439 videre.
635 1414 688 1444 (VS.
712 1412 778 1436 1532
793 1411 948 1442 —1552.)]
974 1411 1014 1434 sic
1040 1410 1088 1434 Ed.

162 1447 255 1476 1562.;
280 1447 329 1470 Ed.
346 1448 437 1471 1553:

199 1481 260 1505 Ion.
281 1482 420 1510 Quomodo
440 1482 525 1513 igitur
543 1490 621 1506 sunm
640 1482 727 1512 ipsius
745 1481 828 1505 filium
845 1479 918 1502 dedit
933 1479 980 1502 alii
997 1476 1089 1509 patri?

197 1516 237 1539 Ex
258 1515 350 1538 Xutho
370 1522 437 1539 vero
460 1517 524 1540 dicit
543 1518 627 1540 filium
647 1523 688 1539 me
707 1518 801 1539 natum
820 1511 906 1538 esse?

200 1549 261 1573 Fre.
282 1550 379 1572 Natum
398 1551 504 1580 quidem
523 1557 592 1581 non,
617 1552 700 1574 donat
718 1556 784 1574 vero
803 1552 848 1579 te,

199 1584 239 1606 Ex
257 1590 287 1607 se
305 1586 409 1610 natum.
445 1586 540 1616 „Nam
558 1586 662 1609 amicus
680 1585 767 1608 amico

199 1618 301 1642 ..Dare
320 1621 401 1647 queat
419 1625 495 1642 suum
514 1620 616 1648 filium,
642 1619 785 1642 haeredem
805 1618 909 1641 domus.

200 1653 258 1675 lon.
281 1653 328 1675 Hie
351 1654 420 1676 Deus
442 1660 524 1677 verns
544 1658 603 1682 est,
628 1658 674 1676 ant
693 1654 799 1676 frustra
817 1654 993 1676 vaticinatur.

198 1688 286 1709 >lenm
306 1688 452 1716 perturbas
465 1705 472 1714 ,
498 1690 602 1714 mater,
629 1689 726 1710 merito
746 1687 871 1710 animum.

198 1720 260 1744 Cre.
282 1721 349 1744 Audi
368 1722 420 1745 iam
441 1729 528 1749 nunc,
550 1723 628 1745 modo
647 1722 673 1745 in
692 1721 810 1745 animum
830 1720 921 1751 venit,
948 1720 1001 1750 fili,

197 1755 342 1778 Beneficiis
363 1757 390 1779 te
408 1757 532 1779 afficiens
552 1757 651 1786 Apollo
671 1757 696 1778 in
717 1760 880 1785 generosam

196 1789 311 1812 Domum
330 1790 456 1814 collocat.
495 1791 545 1814 Dei
564 1791 634 1813 enim
654 1790 757 1817 dictus,

196 1823 289 1852 Neque
306 1823 423 1853 adeptus
443 1831 520 1847 esses
536 1830 652 1854 unquam
672 1829 759 1853 neque
773 1824 857 1845 totam
872 1821 1077 1851 haereditatem,
1112 1827 1113 1830 ¹

195 1857 287 1886 Neque
306 1863 404 1881 nomen
423 1859 526 1887 patris:
546 1859 638 1888 aliquo
660 1859 731 1882 enim
750 1857 846 1883 modo,
868 1857 944 1880 cuius
963 1862 1013 1886 ego
1034 1862 1086 1879 nu·
1111 1874 1113 1878 .

503 1894 574 1922 ptias

195 1925 338 1948 occultavi
358 1927 435 1955 ipsa,
462 1930 488 1950 et
506 1930 533 1950 te
554 1927 680 1950 interfeci
698 1927 767 1949 clam
779 1942 785 1954 .,

194 1959 245 1981 Hic
263 1960 391 1983 adiutans
412 1963 455 1988 te,
484 1961 584 1984 addicit
602 1961 684 1984 alteri
703 1960 782 1989 patri.

194 1992 256 2016 Ιοη.
275 1994 334 2016 Non
355 1994 395 2017 sic
414 2001 558 2024 perperam
578 1995 671 2018 eadem
691 2000 742 2024 ego
761 1993 896 2021 intelligo.

194 2027 247 2050 Sed
267 2027 445 2058 interrogabo
465 2029 600 2052 Phoebum
620 2030 765 2058 ingressus
785 2028 931 2057 templum,

194 2061 235 2084 An
254 2061 306 2085 sim
325 2063 452 2086 mortalis
472 2064 575 2093 patris,
595 2063 656 2086 sive
674 2063 821 2092 Apollinis.
1109 2059 1110 2083 i

194 2096 295 2126 Ehem,
320 2097 381 2127 quis
401 2097 495 2120 domos
516 2103 601 2126 supra
620 2103 716 2121 sacras
737 2096 860 2119 eminens
1107 2097 1110 2127 j

192 2130 284 2153 solem
304 2132 471 2155 referentem
492 2133 597 2155 vultum
616 2133 721 2162 profert
742 2131 858 2153 Deorum
868 2128 881 2154 ’.ἒ
1109 2131 1110 2134 ’

192 2165 360 2196 [rugi-amus,
388 2172 404 2189 o
423 2169 527 2195 mater,
555 2173 588 2189 ne
608 2173 654 2189 res
674 2160 793 2189 Deorum

191 2199 341 2223 Videamus
353 2217 361 2231 ,
386 2201 411 2224 si
430 2207 482 2224 non
503 2202 610 2230 tempus
631 2202 675 2224 est
693 2206 744 2223 nos
763 2199 867 2222 videre.

124 2241 171 2269 48)
190 2242 268 2265 cuius
287 2242 358 2266 dicet
376 2244 404 2266 te
423 2245 499 2272 esse]
519 2244 558 2267 sic
578 2244 626 2267 Ed.
645 2243 737 2272 15623
763 2242 812 2266 Ed.
828 2242 903 2266 ¹558.
924 2241 999 2264 mlius
1019 2241 1083 2265 dicit
1106 2256 1109 2262 Α

159 2278 187 2299 te
212 2279 262 2304 (=
279 2277 328 2300 Ed.
347 2278 431 2301 Basil.
454 2279 527 2301 1551.
553 2272 587 2301 οὗ
605 2279 680 2309 φασί
696 2278 757 2305 0·ka
795 2276 879 2300 Editt.
900 2278 1018 2299 recent.:
1050 2272 1081 2299 οὗ

159 2307 271 2342 φύσασί
289 2317 320 2335 σε
333 2324 366 2329 -
379 2312 424 2342 qui
443 2314 470 2336 te
488 2318 542 2336 non
561 2314 715 2344 genuerunt
734 2312 868 2342 [Musgr.:
893 2316 946 2335 non
967 2310 1036 2340 quod
1054 2312 1082 2334 te

157 2344 334 2377 genueruntj.

123 2387 170 2418 49)
190 2389 226 2412 Ut
244 2388 404 2420 existimas,
429 2389 456 2412 in
476 2389 546 2413 dom.
565 2391 643 2419 noh]
661 2389 703 2413 sic
721 2388 839 2419 scripsi;
866 2389 916 2413 Ed.
935 2389 1026 2412 1562:
1046 2389 1081 2412 Ut
1106 2386 1107 2418 ᾖ

159 2423 322 2447 existimans
341 2423 368 2446 in
388 2424 458 2449 dom.
478 2425 554 2453 noh.;
580 2425 628 2449 Ed.
646 2425 738 2449 1558.:
766 2424 863 2448 sedut
876 2423 1028 2457 existimas,
1046 2424 1081 2446 ad
1106 2425 1107 2431 ¹

157 2457 229 2481 dom.
247 2459 307 2482 noh.
329 2457 375 2489 (=
388 2458 438 2481 Ed.
459 2459 543 2483 Basil.
565 2459 639 2484 1551.
656 2455 736 2481 ’All'
753 2456 788 2484 ὥς
807 2458 923 2487 νομίζεις
941 2458 1017 2480 οἰκον
1035 2454 1080 2481 εὐ-
1106 2455 1107 2487 l

155 2490 245 2523 γεν.);
282 2494 363 2517 Barn.
386 2489 459 2515 Ἀλλ’
478 2490 514 2520 ὥς
532 2493 654 2524 κομίζοις
672 2488 751 2516 οἷκον
768 2490 856 2523 εὖγεν.
877 2504 910 2508 -
958 2492 1010 2514 sed
1029 2492 1082 2516 Ιιοι·
1106 2499 1107 2502 ’

155 2526 248 2557 facit,
272 2529 301 2550 ut
320 2527 440 2556 accipias
460 2527 620 2557 habeasque
638 2527 745 2551 domum
764 2529 844 2555 nob.3
883 2527 988 2556 Musgr.
1006 2523 1080 2550 Ἀλλ’

157 2558 195 2587 ὦς
211 2561 328 2593 κομίζεις
347 2569 370 2584 ο.
388 2568 409 2585 ε.
429 2574 462 2579 —
481 2561 536 2585 Sed
562 2563 590 2595 te
615 2561 641 2584 in
667 2561 776 2585 domum
802 2562 863 2584 nob.
888 2561 1080 2589 introducens;

155 2595 214 2619 Fix.
230 2592 311 2619 ‘AM’
329 2593 364 2623 ὥς
383 2596 477 2628 κομίζῃ
496 2590 526 2619 ‹r'
546 2596 624 2619 οἰκον
645 2601 664 2619 ε.
685 2609 719 2613 -
738 2596 792 2619 Sed
811 2597 841 2618 ut
865 2598 891 2618 te
917 2595 1031 2618 duceret
1054 2595 1080 2618 in

157 2629 227 2653 dom.
246 2631 308 2654 nob.
589 2635 601 2645 ‘

122 2670 192 2703 49³)
211 2672 302 2702 illam]
328 2672 368 2697 sie
388 2672 485 2702 scripsi
505 2671 552 2703 (=
571 2671 665 2701 Eurip.
685 2669 797 2701 τῆι’δε);
818 2673 866 2696 Ed.
884 2672 957 2696 1562.
979 2672 1063 2697 illum.
1105 2679 1108 2702 g

2062 78 2156 112 1062

1211 154 1299 188 Erat
1315 152 1402 188 haec
1419 156 1588 190 taciturus
1605 157 1735 201 Apollo
1747 185 1755 198 ‚

1209 206 1254 239 Et
1279 204 1428 241 Athenis
1453 209 1633 252 cognitum
1658 209 1815 244 facturus
1839 209 1930 245 hanc
1956 225 2027 246 esse
2053 220 2149 248 tuam

1572 266 1722 293 matrem
1736 288 1744 300 ,

1203 306 1252 340 Et
1267 314 1314 348 te,
1332 311 1428 354 quod
1444 316 1549 344 natus
1563 310 1609 344 sis
1625 324 1666 344 ex
1679 309 1745 345 hac
1761 312 1969 357 etApolline
1984 322 2084 359 patre
2093 317 2149 362 ⁵⁰).

1207 358 1274 390 Sed
1294 366 1331 392 nt
1348 361 1469 393 finiam
1490 373 1565 394 rem
1585 368 1618 394 et
1633 362 1700 396 Dei
1719 365 1882 403 oracula,

1128 414 1130 420 ’
1160 406 1255 442 1570
1283 408 1323 442 ln
1341 411 1468 455 quibus
1487 414 1667 446 coniuncti
1686 415 1766 448 estis
1783 416 1963 456 curribus,
1991 418 2127 455 audite,

1205 460 1392 504 Accipiens
1409 461 1503 496 hunc
1523 465 1632 497 filiuni
1647 491 1655 504 ‚
1683 466 1727 498 ad
1747 466 1955 510 Cecropiam
1973 475 2104 502 terrain

1204 510 1303 544 Vade
1315 538 1323 551 ,
1352 512 1483 547 Creusa
1496 541 1505 553 ,
1534 522 1567 547 et
1584 516 1620 547 in
1636 517 1755 549 sedem
1775 517 1908 561 regiam

1203 561 1294 595 Eum
1314 564 1467 604 colloca,
1497 577 1537 598 ex
1551 564 1742 600 Erechthei
1761 569 1910 612 posteris
1927 577 2063 606 natum.

1202 611 1338 647 Iustum
1359 622 1409 648 est
1426 616 1601 659 imperare
1618 614 1701 651 huic
1718 631 1818 652 meae
1836 626 1970 660 terrae,

1155 662 1252 698 1575
1271 664 1420 711 Eritque
1438 666 1475 698 in
1491 673 1563 699 tota
1575 667 1723 702 Graecia
1742 671 1867 705 clarus.
1896 671 2009 706 Huius
2026 679 2143 706 autem

1200 715 1282 748 Filii
1301 723 1456 762 quatuor
1473 730 1514 751 ex
1531 730 1600 751 una
1622 720 1740 753 radice
1756 722 1830 753 nati

1202 766 1523 811 Cognominatores
1541 776 1655 803 terrae
1668 796 1677 810 ‚
1712 772 1962 818 distributiqne
1978 774 2013 807 in
2031 775 2142 809 tribus

1199 818 1332 863 Populi
1349 826 1471 860 erunt,
1500 821 1561 866 qui
1581 819 1739 855 Athenas
1757 820 1930 857 habitant.

1200 869 1338 903 Teleon
1358 871 1425 904 erit
1442 872 1578 916 primus
1593 900 1600 911 ,
1628 873 1756 906 deinde
1775 876 1948 908 secundus

1152 918 1248 954 1580
1276 921 1396 966 Oples,
1425 929 1459 955 et
1475 923 1624 967 Argoles
1634 923 1693 969 δ’),
1721 931 1754 958 et
1770 938 1861 970 quae
1879 938 1898 958 a
1915 938 1992 959 mea
2009 927 2141 972 Aegide

1198 972 1348 1005 Familia
1369 986 1500 1007 nornen
1520 972 1627 1007 habet
1640 975 1847 1019 Aegicores;
1874 974 2002 1011 horum
2023 986 2139 1013 autem

1198 1023 1317 1056 Liberi
1336 1037 1414 1058 cnm
1432 1031 1593 1069 tempore
1614 1026 1714 1058 fatali

1196 1074 1236 1107 In
1253 1076 1376 1109 insulis
1396 1076 1606 1121 Cycladibus
1626 1077 1827 1111 fundabunt
1843 1079 1949 1112 urbes
1962 1105 1970 1119 ‚

1196 1125 1242 1159 Et
1259 1127 1295 1159 in
1312 1133 1405 1160 terra
1426 1128 1604 1161 maritima
1616 1154 1624 1167 ‚
1654 1140 1744 1173 quae
1760 1130 1871 1163 robur
1887 1142 1987 1163 meae
2006 1130 2139 1165 civitati

1148 1175 1245 1211 1585
1279 1177 1366 1217 Dat;
1403 1179 1565 1223 opposita
1590 1192 1673 1212 vcro
1698 1179 1819 1213 littora
1847 1182 2000 1214 duorum
2029 1183 2138 1216 conti-

1559 1230 1719 1264 nentium

1194 1277 1469 1321 Iuhabitabunt,
1498 1287 1531 1314 et
1551 1294 1694 1326 campos
1711 1281 1887 1315 Asiaticae
1909 1289 2025 1317 terrae

1194 1330 1239 1363 Et
1255 1331 1434 1376 Europae.
1486 1332 1541 1365 Ab
1556 1331 1651 1366 Ionis
1666 1345 1751 1366 vero
1769 1333 1915 1366 nomine

1193 1380 1295 1416 Iones
1313 1383 1492 1416 nominati
1509 1382 1689 1418 habebunt
1705 1384 1857 1429 gloriam
1867 1384 1923 1431 ⁵²).

1175 1527 1222 1553 50)
1243 1526 1316 1550 Min.
1341 1525 1380 1547 Ne
1404 1524 1491 1550 fugite
1512 1537 1543 1542 —-
1564 1526 1652 1554 patre.
1680 1527 1738 1553 (vs.
1761 1525 1873 1548 1553—
1888 1525 1993 1557 1568.)]
2023 1527 2063 1550 sic
2088 1527 2136 1551 Ed.

1212 1560 1306 1589 1562.-,
1329 1559 1379 1584 Ed.
1397 1559 1487 1582 1558:

1244 1595 1317 1618 Min.
1338 1594 1378 1616 Ne
1397 1594 1499 1623 fugite3
1526 1599 1578 1617 non
1600 1593 1671 1617 enim
1690 1593 1816 1618 hostilem
1837 1601 1878 1618 me
1897 1594 2008 1625 fugitis,

1245 1629 1299 1651 sed
1319 1630 1346 1651 et
1364 1628 1497 1658 Athenis,
1527 1630 1553 1651 et
1573 1628 1614 1651 hic
1633 1628 1797 1652 existentem
1819 1630 1988 1652 benevolam.

1242 1662 1381 1686 Tutelaris
1405 1667 1470 1685 vero
1491 1663 1554 1686 veni
1571 1665 1636 1685 tuae
1658 1665 1754 1686 terrae

1243 1697 1353 1727 Pallas,
1373 1702 1457 1719 cursu
1476 1697 1614 1720 festinans
1634 1698 1667 1720 ab
1686 1697 1828 1726 Apolline,

1244 1731 1296 1760 Qui
1314 1731 1342 1754 in
1361 1734 1535 1760 conspectum
1556 1734 1679 1754 vesti-nm
1698 1732 1786 1754 voluit
1805 1734 1884 1762 [l‘¹‘⁰³
1905 1732 2006 1761 noluit]
2029 1732 2132 1760 venire,

1242 1766 1282 1788 Ne
1300 1767 1488 1788 anteactorum
1508 1766 1535 1788 in
1554 1766 1796 1794 reprehensionem
1816 1767 1959 1792 incideret.

1242 1800 1297 1823 Nos
1317 1805 1384 1822 vero
1404 1799 1501 1825 mittit.
1529 1800 1578 1823 lios
1598 1806 1742 1822 sermones
1762 1801 1839 1823 vohis
1859 1801 1966 1832 dicere,

1243 1834 1319 1862 Quod
1339 1834 1407 1856 haec
1427 1834 1532 1863 peperit
1551 1836 1579 1857 te
1597 1840 1630 1857 ex
1648 1834 1776 1863 Apolline
1794 1836 1879 1864 patre.

1242 1868 1294 1890 Dat
1313 1873 1398 1895 vero,
1427 1868 1523 1897 quilius
1543 1868 1633 1897 dedit,
1659 1869 1734 1891 cuius
1755 1869 1818 1892 dicit
1837 1872 1879 1899 te;

1242 1902 1313 1931 sed,
1332 1903 1360 1924 ut
1380 1902 1539 1926 existimas.
1557 1903 1591 1925 ad
1611 1903 1716 1926 domum
1737 1903 1943 1927 nobilissimam.

1242 1937 1389 1965 Postquain
1409 1942 1475 1959 vero
1495 1937 1619 1959 revelata
1639 1938 1683 1960 est
1702 1937 1800 1960 indicio
1819 1938 1891 1961 facto
1911 1939 1978 1961 haec
1997 1943 2060 1965 τες,

1239 1971 1309 1993 Mori
1328 1973 1355 1993 te
1375 1972 1497 1993 metuens
1519 1972 1614 1994 matris
1634 1977 1667 1994 ex
1686 1971 1830 2001 consiliis,

1240 2006 1274 2029 Et
1294 2005 1362 2028 hanc
1381 2010 1397 2028 a
1415 2006 1443 2028 te
1462 2005 1594 2028 machinis
1613 2005 1749 2029 liberavit.

1239 2039 1336 2062 Voluit
1355 2045 1437 2066 vero,
1464 2041 1507 2069 qui
1525 2040 1592 2062 haec
1609 2039 1756 2069 conticuit,
1775 2046 1826 2063 rex

1238 2073 1354 2096 Athenis
1373 2075 1514 2099 cognitum
1534 2074 1625 2096 facere
1644 2074 1765 2104 hancque
1786 2078 1858 2097 tuam
1870 2091 1878 2103 ,

1238 2109 1273 2131 Et
1293 2110 1333 2137 te,
1355 2108 1425 2137 quod
1446 2110 1527 2130 natus
1547 2108 1587 2130 sis
1608 2114 1641 2130 ex
1660 2109 1725 2137 hac,
1752 2111 1778 2131 et
1797 2109 1922 2138 Apolline
1941 2112 2027 2138 patre.

1168 2151 1217 2178 51)
1237 2150 1338 2179 Oples,
1367 2152 1395 2172 et
1418 2151 1555 2179 Argoles]
1581 2150 1622 2173 sic
1646 2151 1695 2174 Ed.
1718 2151 1791 2173 1562.
1817 2152 1880 2178 (Ed.
1908 2152 1989 2175 Basil.
2016 2152 2089 2175 1551.
2119 2148 2133 2173 ὅ

1202 2182 1305 2211 πάντες
1333 2181 1452 2215 ἅργολῆς
1483 2181 1542 2213 r')·,
1581 2185 1663 2208 Edltt.
1692 2188 1797 2210 recent.
1822 2183 1968 2215 ‘'Ostra-²5,
1996 2183 2132 2217 Ἀργαδῆς

1204 2220 1301 2248 [Baro.
1319 2215 1473 2250 Ἀργαδεῖς,
1498 2220 1605 2249 Musgr.
1621 2215 1777 2250 Ἐργαδεῐς]
1796 2216 1825 2243 τ’
1845 2232 1878 2236 -
1901 2221 2047 2251 nemetes,
2074 2222 2130 2243 Ar-

1204 2254 1354 2284 gadesque.

1166 2295 1216 2323 52)
1236 2295 1290 2319 Sed
1312 2296 1341 2317 ut
1362 2306 1389 2311 -
1411 2294 1537 2325 gloriam.
1562 2297 1619 2323 (vs.
1642 2295 1709 2319 1569
1723 2296 1875 2324 -1588.)]
1901 2296 1942 2319 sic
1968 2296 2015 2320 Ed.
2037 2295 2129 2323 1562.;

1202 2330 1251 2354 Ed.
1273 2330 1362 2352 ¹553:

1237 2364 1290 2387 Sed
1309 2364 1337 2385 nt
1357 2369 1413 2385 rem
1432 2362 1575 2386 conficiam
1598 2365 1625 2386 et
1645 2364 1758 2386 oracula
1778 2364 1851 2390 Deo.

1236 2399 1266 2421 ln
1283 2398 1381 2427 qulbus
1400 2397 1519 2426 copulati
1537 2397 1607 2420 estis
1626 2397 1766 2424 curribus,
1792 2398 1893 2421 audite.

1236 2431 1382 2460 Accipiens
1401 2431 1470 2454 hunc
1488 2437 1601 2460 puerum
1620 2431 1654 2454 ad
1673 2432 1830 2461 Cecropiam
1850 2434 1951 2456 terram

1236 2466 1303 2495 Abi,
1329 2466 1449 2495 Creusa,
1476 2467 1502 2489 et
1520 2466 1555 2488 ad
1575 2466 1657 2488 sedes
1676 2467 1768 2496 regias

1236 2500 1388 2524 Collocato.
1425 2501 1465 2523 Ex
1485 2500 1627 2523 Erechthei
1646 2500 1717 2524 enim
1735 2501 1829 2524 liberis
1848 2502 1946 2532 natus,

1234 2534 1341 2564 Dignus
1359 2535 1403 2557 est
1420 2534 1557 2563 imperare
1575 2534 1654 2557 huius
1674 2536 1758 2566 [pr-o:
1778 2536 1851 2564 huic]
1866 2541 1941 2559 meae
1958 2536 2052 2558 terrae
2070 2534 2123 2565 hic,

1234 2569 1348 2599 Eritque
1366 2575 1416 2598 per
1435 2569 1579 2592 Graeciam
1596 2569 1745 2599 gloriosus.
1782 2570 1869 2593 Huius
1888 2569 1989 2593 etenim

1234 2603 1300 2626 Filii
1317 2603 1374 2625 nati
1393 2605 1508 2632 quatuor
1527 2603 1614 2632 stirpe
1632 2610 1666 2627 ex
1684 2609 1739 2627 una

1235 2636 1484 2668 Cognominatores
1503 2640 1613 2667 terrae,
1631 2639 1660 2661 et
1678 2638 1840 2662 distributae
1859 2638 1886 2661 in
1907 2637 1996 2661 tribus
2015 2638 2107 2661 terrae

1235 2671 1397 2702 populorum
1417 2673 1514 2700 erunt,
1537 2672 1678 2700 scopulum
1697 2673 1741 2703 qui
1760 2673 1883 2696 habitant
1902 2678 1999 2697 meum.

1530 2704 1617 2740 67*
