2373 2980
195 114 268 150 419
770 114 891 150 PHIL.
928 117 1040 153 MEL.
1075 116 1276 153 SCRIPTA
1310 119 1646 155 PHILOLOGICA.
2151 124 2229 162 420

196 202 269 236 720
305 203 375 235 Cre.
410 199 515 245 Quo?
546 211 631 231 uum
657 199 858 233 iuveniliter
883 202 1075 243 ferociens,
1107 218 1180 239 non
1207 229 1213 261 ¹
1288 207 1362 240 Cre.
1404 206 1572 240 Praeesse
1597 204 1699 238 certis
1727 202 1951 248 cohortibus,
1991 214 2030 241 ut
2054 208 2226 244 invadant

526 250 643 288 vides,
669 262 759 294 quae
775 253 965 295 oportebat
986 260 1018 287 te
1037 256 1183 291 videre?
1648 262 1780 299 septem
1804 263 1936 300 portas.

245 303 336 336 Eleo.
381 301 487 334 Extra
511 301 640 333 fossam
669 297 779 341 lianc,
814 309 986 349 tanquam
1017 306 1085 340 cito
1118 321 1179 353 pu-
1293 309 1382 341 Eteo.
1415 307 1511 352 Quid
1533 307 1640 350 igitur
1657 306 1851 340 faciemus?
1875 321 1948 341 non
1966 310 2059 343 enirn
2079 317 2224 355 expecto

606 352 760 393 guaturi.
1651 358 1923 394 dubitationem.

246 404 318 436 Cre.
352 400 485 444 Exigua
514 401 705 435 multitudo
732 410 875 445 nostra,
910 405 1052 440 illorum
1078 410 1179 443 multi
1287 409 1359 442 Cre.
1394 408 1440 441 Et
1472 415 1511 442 tu
1536 410 1579 441 ad
1612 415 1733 452 portas
1763 415 1896 453 septem
1927 410 2023 444 viros
2054 413 2222 446 adversus

608 460 702 486 sunt.
1645 472 1704 493 eos
1729 460 1828 503 elige.

244 505 332 536 Eteo.
361 501 440 535 Scio
465 502 543 535 illos
568 503 702 537 seroces
724 517 796 538 esse
821 507 948 541 verbis.
1285 510 1376 543 Eteo.
1413 509 1462 542 Ut
1493 516 1526 542 et
1555 510 1605 542 illi
1639 511 1797 555 praesint
1831 511 1961 555 copiis,
1995 518 2055 545 aut
2083 518 2123 546 ut
2152 513 2223 548 sint

242 554 314 587 Cre.
348 552 463 586 Habet
486 554 622 598 aliquas
647 555 739 589 vires
767 558 860 599 apud
882 558 1038 593 Graecos
1053 560 1178 603 Argos.
1645 560 1736 595 soli?

193 602 266 638 725
297 607 387 638 Eieo.
415 604 581 645 confide,
606 605 675 638 cito
701 606 856 650 implebo
885 621 1028 653 campos
1055 623 1176 645 eorum

607 658 722 690 caede.

242 707 315 740 Cre.
351 705 466 739 Velim
502 707 685 752 equiden1;
721 709 780 741 sed
819 707 885 742 boc
920 712 1023 745 video
1058 714 1178 757 magni

602 759 745 792 laboris.

241 809 332 840 Eteo.
381 807 484 840 Certe
527 820 599 841 non
646 810 806 843 retinebo
849 813 1040 847 exercitum
1084 814 1175 847 intra

603 860 757 894 moenia.

243 910 315 942 Cre.
341 908 449 953 Atqui
477 915 547 941 tota
576 910 723 943 victoria
752 913 882 955 pendet
906 926 924 946 a
950 915 1164 962 consilio⁶⁷).

241 960 329 993 Eleo.
356 959 417 992 Vis
445 967 634 993 convertar
655 963 699 994 ad
723 962 809 995 alias
835 966 1005 1007 quasdam
1032 966 1131 1000 vias?

191 1008 264 1042 730
294 1012 367 1043 Cre.
391 1010 445 1042 Ad
473 1023 595 1044 omnes
620 1012 758 1055 potius,
782 1013 989 1060 priusquam
1016 1018 1060 1049 ad
1085 1017 1177 1061 peri-

607 1063 724 1096 culum
750 1064 857 1096 semel
881 1067 1013 1100 venias.

240 1112 330 1145 Eteo.
362 1110 457 1155 Quid
487 1111 571 1157 si⁵⁸)
601 1120 708 1147 noctu
742 1115 914 1159 impetum
940 1118 1112 1151 faciamus
1140 1118 1175 1150 in

600 1177 660 1199 eos
682 1177 722 1198 ex
747 1166 909 1201 insidiis?

240 1214 313 1246 Cre.
339 1213 375 1245 Si
401 1213 655 1262 impege1·is⁵⁹),
680 1214 748 1250 huc
774 1217 902 1251 iterum
928 1219 1085 1253 redibis?

238 1265 328 1296 Eteo.
373 1264 482 1303 „Nox
512 1266 646 1309 pariter
677 1270 864 1301 commoda
897 1270 1078 1316 utrisque,
1115 1272 1173 1304 sed

597 1320 742 1352 audenti
772 1320 895 1364 magis.

237 1366 309 1399 Cre.
329 1365 397 1399 Res
415 1372 517 1400 atrox
535 1374 597 1408 est,
618 1369 653 1402 in
672 1371 869 1414 periculum
888 1372 1044 1405 incidere
1061 1373 1175 1406 noctis

595 1420 632 1453 in
654 1422 820 1456 tenebris.

188 1465 260 1501 735
288 1470 377 1502 Eteo.
404 1468 536 1502 Verum
556 1471 640 1504 dum
668 1473 891 1513 coenabunt,
916 1474 953 1506 in
977 1486 1036 1507 eos
1063 1474 1172 1518 impe-

595 1528 669 1555 tum
693 1523 832 1557 faciam.

239 1570 310 1603 Cre.
343 1569 536 1604 Terrorem
570 1578 709 1606 tantum
739 1575 844 1612 feres;
879 1581 1020 1618 oportet
1052 1582 1170 1609 autem

597 1624 751 1658 vincere.

235 1673 324 1705 Eteo.
353 1671 492 1705 Vadum
516 1685 580 1717 per
604 1674 737 1708 Dircen
760 1676 979 1720 profundum
1006 1682 1068 1710 est.

237 1724 309 1757 Cre.
341 1721 472 1756 Omnia
507 1731 589 1758 sunt
620 1726 820 1767 deteriora,
852 1739 959 1772 quam
994 1727 1171 1760 custodire

599 1777 789 1812 civitatem.

234 1826 324 1858 Eieo.
352 1825 447 1869 Quid
466 1827 494 1859 si
511 1828 664 1872 equestri
683 1829 820 1873 proelio
846 1829 1053 1863 adoriamur
1075 1841 1170 1863 exer-

595 1879 702 1913 citum
731 1880 974 1924 Argivorum?

184 1926 259 1961 740
299 1929 370 1961 Cre.
413 1927 459 1961 Et
495 1929 543 1961 ibi
594 1931 766 1965 exercitus
810 1932 972 1965 curribus
1011 1931 1169 1977 undique

603 1989 722 2027 septus
752 1989 813 2017 est.

234 2032 324 2064 Eteo.
361 2030 456 2075 Quid
489 2031 596 2075 igitur
618 2033 771 2066 faciam}=
808 2045 852 2065 an
883 2034 1008 2066 dedam
1043 2033 1168 2066 urbem

590 2081 708 2117 hosti?

235 2135 308 2166 Cre.
335 2133 593 2180 Nequaquani;
619 2137 677 2168 sed
703 2135 878 2175 delibera,
906 2135 931 2168 si
958 2147 992 2168 es
1018 2134 1169 2179 sapiens.

234 2185 323 2218 Eteo.
349 2185 455 2229 Quod
479 2186 585 2230 igitur
610 2187 795 2220 consilium
823 2187 890 2219 erit
912 2185 1133 2230 sapientius?

235 2237 307 2269 Cre.
337 2237 447 2269 Aiunt
473 2239 567 2282 apud
594 2235 712 2272 hostes
737 2244 871 2282 septem
898 2238 1014 2277 viros,
1037 2244 1075 2270 ut
1105 2250 1169 2281 ego

587 2289 719 2323 audivi.

184 2336 258 2372 745
283 2338 371 2371 Eleo.
396 2338 491 2383 Quid
519 2347 569 2374 est
592 2342 821 2380 mandatum,
844 2347 882 2373 ut
902 2338 1058 2372 saciant?
1084 2338 1170 2372 istae

591 2393 685 2424 enim
715 2391 860 2435 exiguae
885 2397 966 2423 sunt
990 2390 1093 2423 vires.

217 2520 265 2551 57)
295 2521 326 2544 u.
346 2521 364 2546 1.
394 2521 421 2544 iu
452 2522 536 2547 Editt.
567 2524 656 2553 ¹5:³⁴².7
691 2525 763 2549 1562.
795 2527 862 2549 nota
892 2531 995 2555 marga:
1030 2523 1171 2548 Victoriae

253 2561 345 2580 causa.

218 2598 265 2628 58)
293 2599 361 2627 Quid
389 2599 427 2627 si]
454 2599 494 2622 sit:
519 2600 601 2623 Editt.
623 2601 714 2631 1558„
740 2603 839 2632 Baria,
865 2603 987 2634 Musgr.,
1011 2602 1088 2631 Fix.;
1121 2601 1170 2626 Ed.
1195 2619 1200 2647 ι

255 2633 331 2656 1562.
350 2633 426 2663 Quod
445 2634 468 2656 si
488 2633 594 2665 (Eurip.
616 2634 662 2665 εἰ).

218 2675 264 2714 59)
291 2675 448 2715 impegeris]
478 2677 519 2700 sic
543 2677 591 2701 Ed.
618 2677 708 2707 1562,;
733 2677 783 2701 Ed.
811 2679 884 2704 1555.
912 2684 1010 2703 errore
1038 2680 1169 2709 typogrA

253 2717 392 2741 inpigeris.

1235 607 1310 643 750
1334 612 1426 644 Eteo.
1451 610 1499 644 Ut
1524 611 1702 656 imperent
1720 610 1946 652 cohortibus,
1969 619 2003 645 et
2019 613 2132 657 delige
2150 613 2222 646 for-

1646 663 1802 697 tissimos
1828 676 1869 696 ex
1896 663 2042 698 civibus.

1285 714 1376 746 Eteo.
1402 711 1584 757 Intelligo,
1608 720 1648 747 ut
1673 715 1784 747 feram
1807 726 1910 758 opem
1928 714 2062 747 civitati
2085 715 2129 748 ad
2147 714 2222 747 adi-

1641 771 1697 798 tus
1723 777 1922 798 murorum.

1287 814 1359 847 Cre.
1393 814 1468 853 „Et
1499 815 1647 848 ducibus
1681 815 1795 849 socios
1829 816 1958 853 addas;
1998 827 2090 849 unus
2126 816 2223 849 enim

1648 866 1757 912 vir‘ffl)
1775 879 1848 899 non
1865 866 1984 899 omnia
2006 866 2112 900 videt.

1285 915 1376 948 Eteo.
1402 915 1629 955 „Secundum
1648 918 1833 950 audaciam
1851 918 1981 960 eligens
1994 943 2002 957 ,
2021 923 2081 951 aut
2099 929 2222 951 secun-

1644 968 1726 1000 dum
1753 967 2008 1012 prudentiam?

1285 1017 1358 1050 Cre.
1384 1017 1586 1063 Utrumque
1610 1019 1801 1062 spectabis;
1826 1032 1908 1052 nam
1935 1019 2146 1052 alterutrum
2166 1028 2223 1053 so-

1641 1070 1713 1102 lum
1739 1068 1828 1103 nihil
1852 1071 1957 1103 valet.

1232 1116 1306 1151 755
1344 1120 1442 1161 Brea}
1467 1119 1522 1152 Sic
1557 1119 1642 1152 erIt:
1676 1121 1822 1154 veniens
1857 1121 1893 1153 iu
1924 1121 2048 1153 urbem
2085 1126 2219 1164 septem

1648 1177 1833 1214 portarum

1282 1218 1469 1252 Ordinabo
1496 1221 1601 1253 duces
1624 1222 1665 1252 ad
1691 1228 1832 1264 portas,
1857 1228 1896 1254 ut
1918 1221 2016 1261 dicis,

1280 1269 1477 1314 Opponens
1501 1283 1603 1315 pares
1632 1272 1778 1315 paribus
1799 1271 1970 1306 hostibus.

1279 1321 1434 1354 Nomina
1453 1335 1562 1366 porro
1574 1322 1794 1366 singulorum
1811 1335 1991 1356 recensere
2006 1321 2151 1364 longum
2162 1320 2218 1361 sit,

1281 1372 1369 1405 Cum
1398 1374 1462 1406 sub
1486 1374 1570 1417 ipsis
1596 1374 1706 1406 muris
1732 1374 1956 1407 consederint
1980 1371 2109 1406 hostes.

1230 1424 1303 1457 760
1325 1424 1392 1457 Sed
1418 1426 1529 1464 vado,
1554 1436 1598 1456 ne
1622 1424 1731 1457 simus
1760 1425 1863 1458 otiosi
1889 1436 2016 1457 manu:

1279 1475 1426 1508 Utinam
1454 1474 1542 1509 mihi
1568 1475 1750 1518 contingat
1781 1476 1927 1508 fratrem
1949 1474 2081 1508 habere
2105 1484 2218 1516 oppo-

1639 1526 1759 1565 situm,

1278 1576 1432 1621 Quicum
1459 1577 1688 1620 congrediar,
1713 1582 1751 1609 ut
1776 1575 1915 1608 vincam
1938 1574 2073 1608 eumin
2097 1584 2215 1618 pugna

1645 1624 1759 1665 hasta,

1278 1677 1322 1710 Et
1347 1677 1504 1710 occidam
1538 1689 1637 1717 eum,
1670 1677 1731 1722 qui
1763 1675 1860 1709 venit
1891 1688 2076 1710 eversurus
2099 1686 2215 1709 meam

1637 1728 1805 1772 patriam,

1275 1778 1321 1812 Et
1347 1779 1490 1824 nuptias
1516 1779 1718 1823 Antigonae
1744 1790 1841 1812 meae
1867 1777 2000 1811 sororis
2024 1783 2058 1811 et
2084 1776 2147 1810 filii
2162 1775 2215 1809 tui

1226 1828 1300 1865 765
1328 1830 1534 1864 Haemonis.
1571 1830 1607 1864 Si
1631 1843 1695 1874 ego
1722 1831 1864 1863 fortuna
1889 1831 2078 1863 frustratus
2099 1829 2216 1867 fuero,

1277 1882 1360 1915 Tibi
1390 1894 1530 1916 necesse
1563 1888 1614 1915 est
1644 1893 1749 1915 curae
1785 1893 1856 1915 esse
1869 1907 1878 1920 ,
1912 1880 2214 1926 sponsionemque

1638 1934 1793 1972 firmam,

1275 1983 1330 2016 De
1346 1996 1414 2028 qua
1435 1989 1517 2016 ante
1535 1983 1719 2019 convenit;
1736 1994 1830 2015 nunc
1845 1982 1937 2014 facio
1954 1981 1992 2013 in
2011 1981 2106 2014 exitu
2121 1991 2214 2014 meo.

1275 2033 1322 2067 Es
1358 2034 1468 2069 frater
1500 2033 1626 2066 matris
1657 2045 1775 2071 meae;
1819 2033 1904 2078 quid
1942 2031 2063 2066 multis
2098 2029 2214 2064 verbis

1634 2096 1722 2128 opus
1747 2083 1823 2118 est?

1275 2135 1421 2170 Nutrias
1447 2147 1523 2167 eam
1552 2135 1677 2178 digne,
1705 2142 1738 2168 et
1758 2146 1835 2168 mea
1861 2140 1894 2166 et
1920 2139 1979 2166 tua
2003 2145 2119 2168 causa.

1226 2187 1300 2221 770
1327 2187 1436 2220 Pater
1469 2198 1554 2219 vero
1588 2199 1671 2220 suae
1707 2186 1781 2230 ipse
1808 2184 1978 2219 stultitiae
2012 2185 2080 2218 fert
2111 2196 2214 2229 prae·

1636 2237 1763 2277 mium,

1276 2287 1476 2321 Excaecans
1500 2300 1555 2328 se,
1580 2301 1653 2322 non
1679 2288 1781 2321 valde
1807 2299 1886 2321 eum
1913 2287 2039 2325 laudo;

1275 2339 1321 2372 Et
1350 2351 1415 2372 nos
1449 2339 1552 2372 sinml
1586 2339 1901 2384 imprecationibus
1924 2338 2016 2378 suis,
2049 2337 2080 2372 si
2107 2348 2211 2370 exau-

1631 2391 1770 2430 diatur,
1794 2389 1945 2423 occidet:

1275 2440 1396 2474 Unum
1425 2440 1628 2481 omisimus,
1651 2442 1678 2474 si
1704 2442 1799 2486 quod
1826 2440 2010 2474 oraculum

1277 2490 1432 2525 Tiresias
1455 2498 1551 2525 vates
1573 2493 1676 2526 nobis
1704 2493 1820 2526 dicere
1844 2497 1973 2536 posset,

1225 2540 1299 2576 775
1330 2541 1369 2575 Id
1394 2543 1437 2575 ab
1464 2555 1505 2576 eo
1529 2543 1663 2578 audire.
1716 2543 1792 2588 Ego
1816 2555 1901 2576 vero
1925 2542 2035 2575 filium
2058 2547 2158 2574 tuum

1259 2675 1308 2708 60}
1326 2683 1397 2700 nutis
1418 2675 1487 2699 enim
1507 2675 1563 2704 vir]
1583 2674 1623 2699 sic
1640 2675 1723 2699 Editt.
1746 2675 1837 2705 1558..
1862 2675 1961 2705 Bam„
1988 2674 2092 2705 Musgr.
2105 2688 2113 2703 ,
2131 2671 2208 2703 rim

1294 2711 1343 2735 Ed.
1364 2711 1437 2734 1562.
1457 2717 1527 2733 unus
1547 2710 1590 2733 vir
1609 2709 1679 2733 enim
