2373 2980
190 126 262 161 975

244 211 371 246 Theocl.
409 207 503 252 Quid
528 212 578 239 est
600 203 780 248 sepultura
806 201 1031 236 absentium?
1064 214 1109 235 an
1134 213 1184 236 se-

603 254 712 299 pelies
730 252 924 286 umbram?

245 315 317 348 Hel.
344 310 423 344 Mos
442 315 492 342 est
511 307 605 350 apud
623 305 798 345 Graecos,
827 304 886 350 qui
912 304 949 337 in
975 304 1065 337 mari
1091 316 1185 337 mor-

605 363 685 390 tuus
702 356 828 395 fuerit,
855 376 904 381 --

247 414 373 448 Tlteocl.
403 409 499 455 Quid
517 407 655 441 facere?
709 407 836 440 Graeci
851 413 933 440 sunt
950 406 1129 450 sapientes
1149 406 1184 439 in
1212 441 1213 447 ἵ

304 463 307 468 ’
604 458 732 491 talibus
750 458 865 491 rebus.
1212 449 1213 460 ¹

246 517 317 550 nel.
343 512 499 557 Sepelire
519 511 555 543 in
574 509 693 543 vacuis
709 509 811 543 textis
827 509 967 543 tunicis.

197 568 291 602 1260
332 565 460 599 Theocl.
494 562 564 595 Fac
586 562 715 600 funus,
757 560 866 593 excita
893 560 1091 596 tumulum,
1126 558 1185 591 ubi
1212 579 1213 585 η

607 611 658 645 vis
678 612 714 643 in
736 617 839 645 terra.

246 670 318 703 Hel.
347 667 429 700 §on
447 665 495 698 sic
511 663 700 708 sepelimus
719 663 923 705 naufragos.
1213 696 1214 699 Ἰ

249 719 376 754 Theocl.
412 716 605 761 Quomodo
629 713 760 757 igitur?
803 713 930 757 ignoro
958 711 1049 753 leges
1077 709 1186 743 Grae-

608 777 743 798 corum.
1214 800 1216 809 y

246 823 317 857 Hel.
346 819 586 864 Exportamus
602 816 639 848 in
655 827 772 854 mare,
801 826 891 860 quae
911 811 1078 846 convenit
1094 824 1188 844 mor-
1214 816 1215 839 I

605 873 685 900 tuis.

251 924 378 958 Theocl.
407 920 503 965 Quid
520 916 692 951 exhibebo
714 922 857 948 mortuo
876 921 910 947 et
927 914 1015 946 tibi?

202 974 296 1011 1265
323 973 398 1008 Hel.
425 970 570 1005 Nescim
598 980 662 1011 ego
679 980 755 1000 sum
777 965 941 1009 imperita
967 965 1114 997 istarum
1137 976 1189 996 rv-
1217 963 1218 998 J

371 1035 471 1061 rum,
500 1033 578 1053 cum
598 1019 696 1063 prius
713 1015 801 1049 nihil
819 1017 888 1049 tale
907 1013 997 1048 mihi
1014 1015 1189 1048 acciderit.

254 1075 383 1110 Theocl.
412 1073 444 1106 O
463 1071 610 1115 hospes,
639 1075 778 1113 gratum
796 1067 963 1101 nuntium
981 1066 1139 1100 attulisti.

249 1129 343 1162 Men.
372 1124 454 1159 Non
472 1121 581 1161 mihi,
607 1132 723 1165 neque
739 1125 895 1152 mortuo.
1218 1129 1220 1154 ς

254 1178 381 1212 Theocl.
423 1174 614 1220 Quomodo
646 1170 800 1215 sepelitis
833 1176 1013 1208 mortuos,
1063 1169 1125 1214 qui
1157 1169 1192 1200 in
1218 1159 1221 1208 l

615 1222 705 1256 mari
723 1220 931 1266 perierunt?

252 1282 345 1314 Men.
376 1278 488 1310 Prout
506 1282 588 1309 sunt
604 1274 880 1317 uniuscuiusque
896 1272 1093 1305 facultates.
1220 1301 1222 1319 ξ

205 1333 300 1367 1270
333 1330 461 1364 Theocl.
481 1327 558 1367 Dic,
586 1327 682 1371 quod
704 1326 747 1357 ad
766 1330 927 1368 sumptus
943 1323 1081 1363 attinet,
1099 1323 1194 1368 quic-

514 1378 599 1423 quid
619 1377 714 1409 voles
726 1403 735 1415 ‚
763 1382 909 1420 propter
926 1373 1018 1407 hanc
1034 1374 1194 1419 accipies.

254 1437 349 1470 fileto.
377 1431 540 1466 Primum
561 1434 736 1461 mactatur
752 1426 894 1470 sanguis
914 1424 1076 1458 mortuis.

257 1486 386 1521 Theocl.
415 1480 547 1516 Cuius?
576 1487 613 1513 tu
631 1478 746 1512 indica
766 1476 874 1517 mihi,
903 1490 966 1521 ego
984 1477 1130 1521 parebo,

254 1539 350 1572 DIen.
377 1535 436 1568 Tu
453 1534 525 1578 ipse
544 1531 707 1568 statuito;
736 1530 920 1569 sufficient,
940 1539 1029 1573 quae
1047 1526 1194 1560 dederis.
1222 1534 1224 1547 ¹

259 1588 387 1623 Theocl.
423 1584 528 1629 Apud
551 1583 725 1616 barbaros
751 1593 826 1614 mos
851 1587 919 1619 est,
970 1591 1101 1624 equum
1138 1585 1196 1611 aut

616 1640 769 1666 taurum.

210 1688 305 1727 1275
333 1690 429 1724 IlIen.
459 1687 495 1721 Si
521 1685 572 1718 vis
598 1684 733 1729 aliquid
757 1683 863 1721 dare,
898 1678 988 1713 nihil
1012 1681 1072 1714 des
1096 1692 1198 1724 gene-
1224 1691 1225 1706 2

611 1748 693 1768 roso
712 1734 911 1777 indignum.

263 1793 391 1829 Theocl.
419 1790 501 1824 Non
521 1799 681 1821 caremus
698 1786 766 1819 illis
784 1786 819 1817 in
837 1782 968 1817 nostris
984 1782 1158 1826 gregibus.

257 1846 352 1879 DIen.
379 1842 425 1876 Et
442 1841 563 1873 afferte
582 1839 710 1871 lectum
729 1843 878 1870 stratum
896 1834 970 1868 sine
987 1845 1148 1878 corpore.

264 1896 391 1930 Tkeocl.
418 1892 515 1929 Fiet;
545 1890 630 1935 quid
649 1894 832 1933 praeterea
850 1886 976 1918 afferre
993 1897 1071 1918 mos
1086 1884 1160 1918 est‘?

259 1949 355 1981 DIen.
383 1944 493 1977 Arma
512 1953 618 1974 aenea
634 1954 641 1978 ;
669 1952 750 1972 nam
769 1939 835 1971 suit
851 1937 1013 1970 bellator.

214 1999 310 2034 1280
347 1996 475 2031 Theocl.
519 1993 635 2036 Digna
661 1997 765 2023 erunt
794 1988 880 2022 haec
904 1987 1070 2026 Graecis,
1112 1999 1201 2031 quae

619 2042 794 2075 dabimus.

262 2100 357 2133 Men.
394 2097 582 2130 Praeterea
609 2093 729 2126 omnia
754 2089 901 2136 pulchra
929 2088 1088 2132 germina
1121 2093 1201 2120 nata

630 2157 646 2177 e
675 2151 779 2177 terra.

267 2201 394 2235 Theocl.
422 2198 614 2244 Quomodo
632 2196 669 2228 in
683 2195 810 2228 fluctus
827 2193 884 2225 illa
904 2189 1084 2224 demittis?

263 2253 357 2286 JIen.
390 2248 548 2294 Nuncsss)
577 2245 772 2292 (φοι-18169)
807 2251 840 2277 et
869 2243 1124 2287 gubernatores
1152 2251 1205 2272 re-

627 2310 780 2330 morum.

270 2354 397 2387 Theocl.
426 2353 609 2397 Quantum
627 2348 733 2393 spatii
752 2352 846 2380 arcet
863 2345 1006 2378 classem
1025 2356 1042 2375 a
1063 2341 1180 2375 terra?

220 2403 315 2440 1285
343 2406 437 2438 Men.
466 2402 515 2436 Ut
541 2401 598 2434 vix
621 2398 777 2444 conspici
799 2396 936 2441 possint
959 2408 977 2427 a
1000 2394 1119 2427 littore
1143 2393 1206 2425 flu-

621 2458 695 2485 ctus
712 2461 803 2483 elrca
821 2459 961 2481 navem.

776 115 898 151 I‘HIL.
928 116 1039 151 Mffl..
1068 114 1269 151 SCRIPTA
1296 113 1632 150 PHILOLOGICA.

273 2507 400 2540 Theocl.
428 2505 547 2550 Quare
562 2501 657 2536 liunc
674 2512 812 2535 morem
832 2499 915 2532 colit
931 2495 1105 2531 Graecia?

250 2613 297 2645 68)
316 2614 407 2642 Nunc]
426 2612 466 2635 sic
484 2611 571 2649 E‘fflt:
586 2611 678 2640 1558..
699 2610 775 2634 1562.
795 2611 842 2638 (=
856 2609 905 2633 Ed.
920 2607 1002 2632 Basil.
1020 2606 1096 2630 1551.
1115 2603 1208 2636 Νῦν);

286 2648 369 2672 Editt.
388 2648 490 2671 recent.
508 2646 588 2669 Νιιυν
606 2658 641 2662 -
659 2645 769 2669 Navem.

252 2692 300 2719 69)
319 2690 441 2720 oportet]
460 2689 501 2712 sic
516 2688 599 2713 Editt.
614 2687 700 2718 ¹558..
720 2687 811 2715 1562.;
836 2685 919 2709 Editt.
936 2685 1038 2709 recent.
1059 2682 1106 2715 (z
1116 2681 1208 2713 Eut-ip.

288 2723 330 2749 δεῖ
346 2722 488 2756 παρεῖναι)
507 2723 616 2753 oportet
633 2722 740 2746 adesse.

1233 2582 1235 2606 l

1234 2637 1236 2651 ι

1234 2666 1237 2722 ὲ

2154 113 2228 148 976

1288 203 1385 236 Men.
1412 202 1466 236 Ne
1486 201 1611 234 fluctus
1627 198 1770 231 eiiciant
1787 197 1920 234 hostias
1937 201 1980 233 ad
1999 201 2106 235 littus.

1293 254 1421 286 Theocl.
1451 251 1560 286 Navis
1576 248 1771 284 Phoenissa
1789 250 1890 284 velox
1910 251 2035 286 aderit.

1290 306 1388 338 Men.
1418 303 1526 335 Recte
1544 308 1577 335 et
1595 301 1759 334 Menelao
1781 302 2008 336 benefeceris.

1241 354 1338 389 1290
1378 355 1506 388 Theocl.
1541 353 1670 387 Nonne
1699 358 1736 384 tu
1770 358 1870 396 potes
1897 353 1971 386 sine
1995 352 2061 387 hac
2088 351 2155 385 hoc
2180 352 2232 385 fa-

1653 402 1755 435 cere?

1290 457 1389 488 Men.
1417 455 1546 489 Matris
1561 453 1628 488 hoc
1645 466 1734 498 opus
1750 460 1819 494 est,
1856 460 1916 487 aut
1932 455 2072 493 uxoris,
2107 460 2168 488 aut
2192 453 2233 486 li-

1647 505 1828 538 berorum.

1294 558 1421 590 Theocl.
1451 555 1564 590 Huius
1582 556 1763 601 negotium
1782 562 1852 596 est,
1880 563 1920 589 ut
1945 555 2050 596 dicis,
2085 555 2233 600 sepelire

1657 607 1839 641 maritum.

1292 659 1386 691 Men.
1412 658 1481 692 Res
1498 658 1554 703 pia
1572 664 1634 699 est,
1662 671 1735 691 non
1751 659 1962 692 defraudare
1983 665 2147 692 mortuos
2162 657 2235 691 suis

1657 709 1770 744 iustis.

1296 761 1424 794 Theocl.
1466 760 1516 793 Sit
1543 773 1661 793 meum
1694 759 1826 794 habere
1852 761 2039 805 coniugem
2060 753 2137 793 ¹non
2159 758 2236 804 pol-

1652 812 1776 846 lutam.

1244 860 1341 896 1295
1370 861 1524 896 Veniens
1540 863 1576 894 in
1596 864 1743 896 domum
1762 864 1918 896 adferam
1938 867 2150 907 apparatum
2170 871 2235 904 pro

1656 921 1798 948 mortuo
1810 941 1818 955 ‚

1295 963 1339 996 Et
1357 963 1498 997 dimitto
1519 970 1552 997 te
1571 976 1612 998 ex
1626 971 1719 998 terra
1737 978 1809 998 non
1831 965 1950 999 vacuis
1964 963 2130 997 manibus

1294 1014 1513 1047 Servientem
1530 1013 1624 1049 huic.
1679 1016 1767 1050 Cum
1789 1015 1874 1049 milii
1895 1017 2027 1049 famam
2045 1016 2179 1048 bonam

1296 1064 1484 1105 Attuleris‚
1512 1078 1577 1109 pro
1595 1067 1759 1101 sordibus
1776 1067 1850 1102 istis

1296 1116 1456 1159 Accipies
1474 1123 1605 1150 vestem
1628 1124 1661 1150 et
1679 1118 1794 1151 cibum
1808 1146 1816 1157 ‚
1843 1125 1881 1152 ut
1897 1118 1933 1150 in
1950 1117 2103 1162 patriam

1251 1167 1346 1201 1300
1373 1166 1524 1207 Venias,
1551 1170 1695 1213 quando
1716 1169 1817 1201 video
1838 1176 1870 1201 te
1894 1169 2062 1201 miserum
2081 1177 2166 1200 esse.

1298 1218 1355 1251 Tu
1372 1230 1456 1251 vero
1468 1245 1476 1257 ,
1506 1230 1526 1251 o
1543 1218 1669 1252 misera
1683 1246 1691 1259 ,
1719 1231 1792 1251 non
1814 1220 1848 1252 in
1866 1231 1903 1251 re
1924 1218 2042 1252 inutili

1297 1269 1440 1303 Crucies
1456 1276 1490 1302 te
1508 1269 1633 1314 ipsam.
1689 1270 1871 1304 Menelaus
1887 1270 2028 1303 functus
2047 1275 2098 1302 est
2116 1268 2209 1306 fato,

1299 1321 1421 1366 Neque
1439 1327 1554 1365 potest
1572 1321 1692 1354 vivere
1710 1322 1860 1355 maritus
1877 1328 1957 1355 tuus
1973 1327 2149 1354 mortuus.

1299 1374 1395 1407 Men.
1437 1372 1556 1406 Tuum
1594 1373 1748 1406 officium
1787 1379 1836 1406 est
1848 1400 1856 1411 ,
1909 1385 1929 1406 o
1966 1370 2242 1411 adolescentula,

1659 1431 1882 1468 praesentem

1252 1472 1348 1508 1305
1376 1474 1546 1508 Maritum
1571 1481 1712 1519 oportet
1733 1487 1874 1515 amare,
1908 1480 1942 1507 et
1966 1485 2065 1513 eum,
2099 1472 2160 1518 qui
2182 1484 2242 1517 pe-

1659 1526 1738 1565 riit,
1768 1526 1949 1558 omittere:

1301 1576 1377 1609 Hoc
1396 1576 1460 1610 tibi
1479 1576 1653 1620 optimum
1672 1583 1722 1609 est
1743 1578 1784 1609 ad
1807 1581 2027 1621 praesentem
2046 1586 2178 1608 casum.

1302 1628 1409 1672 Quod
1428 1628 1455 1661 si
1473 1640 1604 1660 venero
1621 1627 1659 1660 in
1675 1627 1861 1661 Graeciam
1873 1654 1881 1667 ,
1910 1633 1944 1660 et
1962 1627 2063 1660 suero
2083 1625 2218 1665 salvus,

1302 1679 1452 1724 Qualem
1475 1679 1573 1712 decet
1591 1691 1663 1713 esse
1679 1685 1712 1711 te
1730 1685 1791 1712 tuo
1812 1678 1942 1711 marito
1955 1705 1964 1719 ‚

1303 1731 1338 1764 Si
1356 1731 1434 1764 talis
1461 1730 1589 1763 mulier
1613 1730 1740 1769 fueris,
1776 1742 1840 1774 ego
1863 1740 2087 1774 compescam
2108 1726 2245 1773 priores

1659 1782 1702 1814 de
1721 1788 1754 1814 te
1768 1793 1950 1815 sermones
1961 1780 2019 1827 ⁷⁰).

1226 1824 1228 1827 V
1258 1833 1354 1867 1310
1382 1834 1456 1867 Hel.
1484 1832 1587 1866 Fient
1602 1830 1706 1866 haec:
1735 1831 1976 1879 nunquam'fl)
2001 1830 2150 1865 maritus
2175 1828 2247 1862 cul-

1666 1884 1764 1929 pabit

1305 1934 1383 1973 Me;
1412 1941 1468 1975 tu,
1496 1935 1556 1981 qui
1578 1947 1689 1980 prope
1707 1937 1809 1975 ades,
1837 1934 1922 1968 scies
1941 1934 2018 1968 ista.

1304 1985 1437 2019 Verum
1452 2014 1460 2026 ‚
1490 1999 1509 2018 o
1526 1987 1653 2027 miser,
1681 1987 1773 2019 intra
1792 1992 1826 2019 et
1843 1986 1922 2018 lava
1934 2012 1943 2025 ,

1306 2036 1352 2070 Et
1366 2044 1464 2071 muta
1482 2044 1612 2071 vestem
1624 2065 1632 2078 ‚
1660 2050 1733 2071 non
1752 2039 1795 2070 ad
1813 2049 1952 2070 moram

1306 2088 1533 2122 Benefaciam
1552 2089 1635 2128 tibi3
1663 2089 1830 2122 libentius
1847 2088 1940 2121 enim

1260 2138 1357 2174 1315
1385 2139 1601 2174 Charissimo
1619 2153 1698 2173 meo
1714 2140 1879 2173 Menelao
1897 2135 2143 2172 convenientia

1307 2191 1458 2231 Feceris,
1477 2191 1504 2225 si
1522 2192 1750 2237 consequaris
1766 2203 1784 2224 a
1803 2191 1917 2229 nobis,
1939 2200 2030 2235 quae
2045 2194 2078 2220 te
2096 2190 2247 2230 oportet.

1599 2267 1814 2316 [Strophe
1845 2265 1905 2314 1.]

1311 2337 1407 2370 Cher.
1437 2335 1556 2368 Veloci
1574 2337 1662 2380 pede
1681 2342 1849 2368 montana

1310 2387 1426 2420 Mater
1442 2387 1599 2420 Deorum
1617 2387 1797 2420 festinavit

1294 2531 1340 2562 70)
1362 2530 1700 2560 Qualem—sermones]
1719 2530 1761 2554 hic
1780 2530 1872 2554 horum
1892 2529 2003 2552 duorum
2024 2530 2152 2549 versuum
2171 2524 2249 2552 ordo,

1329 2572 1407 2596 quem
1425 2564 1508 2588 Editt.
1530 2565 1619 2594 1556.‚
1641 2565 1714 2589 1562.
1735 2566 1860 2592 exhibet,
1885 2561 2010 2593 congruit
2030 2566 2090 2584 cum
2104 2559 2152 2582 Ed.
2165 2557 2248 2582 Basil.

1332 2600 1425 2630 1551.;
1453 2599 1480 2622 in
1494 2599 1575 2622 Editt.
1597 2601 1698 2624 recent.
1712 2600 1738 2622 in
1754 2600 1830 2622 textu
1849 2604 1890 2628 gr.
1912 2599 1937 2620 et
1957 2596 2072 2624 interpr.
2092 2593 2188 2617 ordine
2205 2592 2248 2615 in-

1328 2640 1411 2658 verso
1430 2640 1530 2657 versus
1552 2634 1625 2659 1309.
1646 2634 1739 2657 versui
1760 2633 1833 2658 1308.
1853 2631 1998 2663 praecedit.

1295 2674 1342 2707 71)
1363 2675 1442 2699 Fient
1460 2676 1538 2699 haec:
1568 2681 1704 2705 nunquam
1724 2694 1730 2700 .
1751 2694 1757 2700 .
1779 2676 1799 2703 ,J
1819 2675 1859 2698 sic
1875 2675 1953 2697 Barn.
1966 2689 1973 2699 ,
1993 2672 2097 2701 Musgr.
2121 2668 2165 2699 (z
2181 2668 2249 2692 text.

1331 2712 1404 2741 ειυς
1427 2710 1511 2735 Editt.
1529 2710 1619 2740 ¹558,
1640 2710 1715 2736 1562.
1734 2709 1814 2733 Fient
1833 2709 1899 2733 hacc
1917 2712 2061 2736 nunquam.
