2373 2980
241 125 264 161 Φ

268 123 291 158 01

251 202 1230 246 Y28-62832785b4

246 244 1231 288 3ῼ5ἔ72ι7ῒ>484

249 286 1232 327 Πςε7ᾈ7ῼ7τ)4ςῑ5

249 328 1232 370 Θ36ᾈ7Ξὲ7ῼῒῆ3

248 370 1232 412 ΩΒθέ7ῼθ2ι-685

242 413 1233 456 ιη»ᾔ7ῼ621»5ῒ>68“6

243 455 1234 496 ὲῇθῼῡιμεὲῡᾶθ

243 496 1234 540 ηῑ66ᾈ8ῼ7ξξ6ῦ3

249 538 1235 624 {mimmii}

248 621 1235 665 2:5626282535

255 665 1245 709 itszszisssisffessm

351 729 522 765 Nonnulli
548 729 653 761 etiam
680 729 802 762 exilius
827 728 952 772 partiti
978 732 1061 760 sunt
1085 725 1246 757 domina-

250 783 389 815 tionum
419 782 516 816 lura,
548 786 795 824 vocariiiitque
823 780 919 812 locos
944 784 977 810 et
1005 783 1134 821 partes.
1195 776 1246 808 Ac

252 833 367 866 locum
401 832 627 865 tradiderunt
651 843 723 863 esse
752 829 1031 873 uniuscuiusque
1052 827 1142 870 signi
1165 839 1247 870 por-

251 885 385 917 tionem
407 882 673 921 duodecimam,
709 881 741 913 id
770 888 839 920 est,
873 881 1002 924 gradus
1022 881 1111 912 duos
1139 885 1172 910 et
1196 878 1247 910 di-

251 936 415 968 niidiimi.
470 933 558 967 Cum
584 932 677 965 enim
705 932 878 976 incipiant
906 944 924 963 a
952 931 1074 974 signo,
1112 929 1148 961 in
1175 940 1246 973 quo

254 993 303 1019 est
333 986 450 1023 stella,
493 985 655 1017 tribuunt
680 983 751 1015 viiii
776 983 825 1015 illi
852 983 930 1015 loco
960 982 994 1013 iii
1019 979 1248 1025 sequentibus

254 1037 374 1081 signis.
416 1036 486 1068 Alii
505 1035 751 1078 excogitarunt
767 1034 853 1067 alias
875 1032 1155 1070 distributiones,
1173 1030 1247 1063 sine

254 1089 404 1122 ratione.
459 1087 582 1119 Partes
608 1098 692 1117 vero
716 1085 877 1118 tribuunt
903 1085 938 1116 iii
965 1083 1123 1128 quolibet
1147 1081 1247 1124 signo

258 1141 302 1172 ab
318 1139 419 1171 initio
439 1138 579 1170 cuilibet
600 1137 783 1181 planetae,
812 1136 905 1169 iuxta
935 1135 1097 1167 ordinem
1123 1133 1247 1164 finium

260 1191 400 1224 tabulae
417 1187 640 1222 Chaldaicae.

360 1241 426 1273 Sed
458 1239 543 1273 baec
577 1241 620 1272 ad
652 1237 926 1271 ostentationem
959 1234 1175 1278 excogitata,
1217 1238 1250 1265 et

258 1291 493 1336 plausibiliter
512 1289 715 1334 proposita,
743 1289 818 1321 sine
844 1286 986 1332 physica
1011 1286 1170 1324 ratione,
1196 1295 1250 1316 re-

258 1343 473 1388 linquamus.
526 1341 615 1374 lllud
641 1352 745 1379 veru,
784 1341 878 1384 quod
904 1338 992 1371 scire
1016 1337 1162 1380 dignum
1188 1341 1250 1374 est,

258 1406 332 1426 non
364 1393 570 1433 omittatur,
613 1397 888 1425 consentaneum
915 1401 987 1422 esse
1012 1387 1166 1426 rationi,
1207 1385 1251 1418 si-

259 1457 410 1490 gnorum
435 1444 536 1477 initia
563 1445 606 1476 ab
629 1441 937 1487 aequinoctiorum
961 1446 994 1472 et
1015 1437 1250 1472 solstitiorum

259 1496 399 1542 punctis
433 1493 622 1534 inchoare,
658 1493 764 1538 idque
789 1492 978 1535 scriptores
1007 1490 1250 1523 ostenderunt.

259 1547 306 1581 Et
325 1547 485 1580 videmus
502 1553 667 1584 naturas,
695 1544 788 1577 vires
805 1550 837 1576 et
855 1541 1114 1575 familiaritates
1136 1538 1251 1573 stella-

260 1611 339 1632 runi
353 1611 492 1631 causam
512 1609 650 1631 sumere
670 1609 686 1628 a
706 1595 938 1629 solstitiorum
958 1599 991 1626 et
1010 1589 1252 1637 aequinoctio-

259 1663 338 1683 rum
360 1649 489 1689 initiis,
523 1655 557 1681 et
574 1660 646 1681 non
666 1647 820 1680 aliunde.
874 1645 980 1689 Quod
1005 1643 1033 1677 si
1061 1642 1127 1675 alia
1152 1640 1251 1673 initia

262 1700 570 1739 constituerimus,
600 1705 661 1732 aut
684 1698 781 1742 signa
806 1710 823 1729 a
852 1696 991 1729 iudiciis
1016 1688 1253 1731 excludemus,

262 1759 322 1785 aut
338 1752 365 1786 si
389 1752 684 1795 complectemur,
721 1748 938 1786 errabimus,
976 1759 1054 1779 cuni
1080 1745 1149 1776 iani
1175 1754 1253 1786 spa-

262 1803 329 1843 tia,
357 1815 376 1835 a
396 1803 523 1847 quibus
539 1803 635 1845 signa
660 1801 752 1833 vires
767 1805 931 1837 suniunt,
965 1803 1061 1829 retro
1078 1801 1152 1828 acta
1172 1794 1253 1827 sint.

295 1908 349 1940 De
363 1917 425 1939 sica
440 1907 596 1949 cuiusque
613 1903 725 1936 stellae
737 1901 827 1945 facie
834 1926 845 1941 ‚
874 1900 1051 1943 'carpentis
1068 1910 1108 1931 ac
1123 1898 1230 1931 soliis.

363 1979 640 2014 Fainiliaritates
657 1977 836 2011 stellarum
858 1983 892 2009 et
908 1976 1090 2019 signorum
1108 1973 1182 2005 fere
1206 1977 1257 2003 ta—

263 2033 313 2067 les
343 2039 445 2071 sunt,
483 2038 521 2064 ut
552 2029 709 2073 exposui.
771 2028 949 2061 Dicuntur
983 2032 1099 2058 autem
1129 2023 1255 2056 faciem

264 2097 362 2119 suam
382 2081 532 2120 habere,
561 2082 705 2126 quando
725 2086 863 2112 tantum
882 2084 933 2112 est
951 2075 1178 2110 intervallum
1204 2073 1257 2105 in-

265 2142 318 2169 ter
333 2135 512 2180 planetam
532 2139 565 2165 et
582 2132 700 2165 Solem
727 2137 788 2163 aut
804 2129 943 2163 Lunam
956 2156 965 2169 ,
1007 2132 1180 2172 quantum
1206 2125 1258 2157 di-

265 2194 333 2222 stat
349 2188 476 2220 domus
492 2185 656 2229 planetae
675 2194 694 2215 a
711 2183 818 2214 domo
838 2181 929 2214 Solis
946 2185 1007 2213 aut
1021 2178 1158 2212 Lunae.
1209 2175 1260 2208 Ut

266 2239 363 2272 verbi
383 2250 484 2270 causa
498 2263 506 2276 ,
535 2248 613 2268 cum
634 2234 753 2267 Venus
770 2233 958 2276 sexangula
977 2227 1257 2272 configuratione

267 2291 374 2323 distat
395 2300 414 2320 a
441 2287 653 2325 luminibus,
681 2286 739 2318 sed
765 2284 810 2318 sit
836 2296 913 2317 cuni
941 2282 1021 2315 Sole
1045 2278 1260 2324 vespertina,

269 2353 346 2374 cum
365 2338 466 2372 Luna
487 2350 572 2371 vero
597 2336 771 2370 matutina
785 2362 794 2376 ,
820 2342 861 2368 ut
885 2333 1049 2378 congruit
1070 2329 1260 2364 domiciliis

269 2403 405 2426 eorum.

371 2440 549 2474 Dicuntur
565 2444 682 2471 autern
700 2438 737 2470 in
754 2437 825 2471 suis
847 2434 1022 2479 carpentis
1046 2430 1126 2465 vehi
1150 2437 1183 2463 et
1205 2443 1261 2464 so-

268 2494 342 2535 liis,
369 2492 514 2539 quando
532 2490 586 2524 ius
602 2488 853 2522 familiaritatis
868 2488 904 2519 in
923 2487 964 2519 iis
986 2485 1091 2525 locis,
1122 2483 1159 2515 in
1183 2482 1259 2527 qui-

825 120 947 155 PHIL.
979 118 1092 154 MEL.
1126 116 1329 153 SCRIPTA
1361 117 1695 154 PHILOLOGICA.

1295 255 1381 288 Cimi
1395 255 1488 287 enim
1507 262 1589 288 tune
1606 255 1758 289 maxime
1778 257 1932 290 efficaces
1949 258 2019 291 sint
2035 264 2183 302 propter
2201 269 2284 289 con-

1296 306 1531 346 venientiam,
1567 307 1736 339 auxilium
1760 313 1793 339 et
1815 309 2060 351 cognationem
2087 309 2284 352 signorum,

1295 357 1461 390 dicuntur
1479 357 1512 389 in
1529 358 1599 391 suis
1618 357 1713 391 soliis
1739 358 1905 391 collocari
1930 371 1970 391 ac
1992 360 2135 404 fulgere.
2188 360 2284 393 Gau-

1296 409 1378 441 dere
1409 408 1514 441 etiam
1546 409 1680 442 stellam
1713 409 1852 449 dicunt,
1886 422 1964 442 cum
1995 411 2110 452 locus,
2146 410 2285 444 etiamsi

1296 459 1362 502 ipsi
1382 471 1453 491 iion
1474 466 1523 492 est
1544 460 1726 503 proprius,
1751 467 1870 493 tamen
1891 460 1991 493 alteri
2009 468 2159 505 cognato
2182 461 2286 494 fami-

1297 510 1394 543 liaris
1411 516 1471 544 est.
1527 510 1627 554 Quae
1647 511 1892 544 convenientia
1920 512 2058 546 etiamsi
2084 524 2124 545 ex
2146 512 2287 556 longin-

1298 561 1376 605 quis
1393 561 1554 601 ducitur,
1580 568 1697 594 tamen
1716 569 1863 606 propter
1887 563 2154 597 similitudinem
2180 575 2288 609 qnae-

1299 613 1380 644 dam
1401 619 1451 644 est
1468 613 1755 646 communicatio.
1791 613 1923 646 Contra
1941 627 2025 647 vero
2045 614 2082 648 in
2099 614 2288 648 contrariis

1299 663 1404 702 locis,
1439 664 1625 706 peculiaris
1644 676 1765 697 earum
1785 665 1836 698 vis
1853 666 1890 697 fit
1914 665 2078 706 dilutior,
2113 665 2195 711 quia
2219 665 2289 699 dis-
2330 688 2332 690 -

1299 713 1430 747 similes
1462 721 1611 747 naturae.
1645 715 1888 748 confusionem
1923 722 2287 760 temperamentorum

1301 764 1490 798 infaustam
1509 767 1675 798 efficiunt.

1487 869 1541 900 De
1558 867 1836 910 applicationibus
1849 873 1881 901 et
1894 867 2096 910 deflet-ribus.

1402 943 1442 976 ln
1458 944 1664 977 universum
1691 943 1919 987 intelligimus
1947 944 2118 988 applicari
2142 956 2291 990 sequen-
2338 958 2345 979 .’

1302 995 1394 1028 tibus
1420 996 1688 1039 praecedentes,
1715 995 1868 1028 defluere
1895 1008 1980 1028 vero
2005 1008 2023 1028 a
2048 996 2292 1040 praecedenti-
2336 990 2345 1018 ·'

1300 1047 1365 1079 bus
1381 1052 1582 1091 sequeiites;
1606 1047 1665 1079 sed
1684 1046 1751 1085 ita,
1770 1059 1813 1078 ne
1829 1046 1874 1079 sit
1888 1046 2033 1089 longum
2052 1047 2292 1081 intervallum.

1302 1097 1409 1141 Quod
1434 1097 1640 1139 intelligitur
1671 1103 1703 1129 et
1726 1096 1763 1129 in
1786 1097 1965 1140 corporeis
1990 1098 2234 1141 congressibus
2258 1103 2293 1130 et

1303 1198 1477 1243 gressibus
1495 1198 1601 1230 etiam
1620 1198 1825 1231 latitudines
1843 1199 1961 1231 notari
1980 1199 2157 1234 convenit.
2210 1199 2295 1234 Non

1304 1249 1397 1282 enim
1419 1249 1657 1288 admittimus,
1685 1248 1751 1282 nisi
1773 1261 1832 1282 eos
1857 1261 2085 1292 congressus,
2121 1250 2181 1294 qui
2205 1251 2297 1284 fiunt

1303 1313 1366 1345 per
1398 1300 1550 1333 inediam
1584 1300 1734 1339 lineam,
1769 1301 1866 1344 quod
1893 1301 1931 1332 in
1954 1300 2296 1343 configurationibus

1305 1353 1492 1385 observare
1509 1363 1768 1394 supervacuum
1787 1356 1856 1390 est,
1884 1363 1962 1384 cuni
1978 1351 2070 1383 radii
2092 1352 2137 1384 ad
2162 1357 2295 1384 terram

1305 1403 1360 1435 vel
1378 1403 1421 1434 ad
1440 1408 1599 1435 centrum
1622 1402 1824 1442 tendentes,
1852 1401 1901 1434 ibi
1924 1408 2160 1442 concurrant,
2184 1403 2296 1437 unde-

1307 1465 1446 1499 cunque
1464 1453 1561 1486 missi
1579 1459 1672 1487 sunt.

1631 1554 1976 1598 Epilogus.

1408 1631 1460 1664 Ex
1476 1629 1530 1664 liis
1555 1630 1720 1663 omnibus
1743 1631 1969 1674 perspicuum
1995 1636 2065 1670 est,
2102 1630 2194 1664 vires
2218 1631 2298 1664 stel-

1307 1684 1423 1716 larum
1449 1683 1638 1715 sumendas
1663 1694 1754 1721 esse,
1791 1694 1868 1714 cuin
1895 1693 1912 1713 a
1941 1681 2087 1726 propria
2115 1681 2298 1727 qualitate,

1308 1741 1382 1767 tum
1402 1747 1419 1766 a
1436 1733 1563 1776 signis,
1596 1739 1670 1765 tum
1696 1745 1713 1764 a
1740 1732 1857 1777 positu
1885 1733 1927 1765 ad
1952 1732 2068 1766 Solem
2089 1731 2142 1780 ⁹),
2175 1739 2251 1766 turn
2277 1745 2298 1766 a

1308 1785 1528 1824 cai-dinibus,
1566 1796 1606 1816 eo
1630 1784 1759 1823 modo,
1793 1790 1829 1817 ut
1855 1783 1938 1817 dixi.
1998 1784 2067 1817 Sed
2090 1783 2183 1818 vires
2204 1796 2301 1819 assu-

1310 1843 1431 1875 munt,
1465 1835 1494 1869 si
1517 1835 1587 1868 sint
1612 1835 1800 1868 orientales
1826 1846 1887 1867 seu
1912 1835 2053 1873 directi;
2090 1841 2174 1868 tunc
2203 1836 2298 1869 enim

1311 1888 1502 1920 validiores
1533 1893 1633 1926 sunt,
1669 1898 1775 1931 quain
1801 1898 1879 1918 cuni
1905 1892 1987 1920 sunt
2010 1886 2243 1920 occidentales
2265 1892 2300 1919 et

1311 1937 1530 1982 retrogradi;
1558 1944 1641 1970 tnnc
1659 1937 1751 1970 enim
1772 1937 2031 1980 languidiorem
2058 1937 2129 1969 viin
2154 1935 2300 1971 hahent.

1312 1991 1449 2023 Deinde
1469 2001 1535 2033 pro
1553 1989 1671 2033 positu
1688 1989 1730 2020 ad
1756 1985 1993 2022 horizontem.
2045 1987 2137 2022 Nam
2164 1988 2201 2021 in
2226 2000 2300 2021 me-

2231 120 2281 155 36
2326 103 2329 175 J

1292 205 1357 237 biis
1375 211 1474 244 sunt,
1511 212 1693 244 exercent,
1725 205 1862 239 duobus
1886 212 1945 239 ant
1968 207 2127 250 pluribus
2152 206 2281 239 modis.
2329 240 2330 243 ,

2316 1058 2346 1156 t

1303 1149 1341 1180 in
1358 1148 1717 1190 configurationibus,
1744 1148 1812 1181 nisi
1829 1149 1924 1192 quod
1942 1148 1978 1180 in
2004 1148 2185 1192 corporeis
2209 1159 2294 1181 con·
2342 1167 2345 1173 ·

2333 1032 2347 1055 'i

1312 2042 1371 2075 dio
1404 2041 1512 2080 coeli,
1543 2046 1605 2073 aut
1633 2040 1711 2072 loco
1737 2040 1943 2073 succedente
1966 2039 2178 2072 efficaciores
2199 2045 2300 2077 sunt;
2345 2035 2352 2041 ⁴

1312 2099 1432 2137 postea
1451 2103 1536 2125 vero
1551 2103 1678 2134 magna
1699 2097 1749 2124 est
1767 2090 1917 2123 efficacia
1930 2118 1939 2131 ,
1966 2103 2044 2124 cuin
2063 2096 2154 2123 'sunt
2175 2089 2212 2122 in
2235 2087 2301 2122 ho-

1312 2145 1449 2177 rizonte
1461 2170 1470 2183 ‚
1498 2148 1559 2175 aut
1576 2143 1782 2175 succedente
1801 2142 1891 2175 loco.

1415 2193 1615 2228 Plurimum
1634 2205 1718 2225 vero
1737 2193 1857 2225 valent
1873 2193 1907 2225 in
1930 2191 2091 2226 finitione
2119 2194 2304 2233 orientali3

1313 2247 1430 2280 minus
1455 2251 1571 2279 autem
1596 2245 1632 2276 in
1659 2245 1731 2277 imo
1757 2244 1863 2283 coeli,
1902 2249 1963 2277 aut
1985 2243 2056 2276 alio
2081 2245 2158 2278 ioco
2186 2245 2302 2289 adspi-

1313 2298 1426 2331 ciente
1459 2309 1551 2330 eum.

1314 2349 1461 2383 omnino
1478 2347 1637 2392 languidi
1651 2353 1733 2381 sunt
1751 2353 1785 2380 et
1801 2346 2001 2380 imbecilles.

1347 2486 1379 2512 9)
1399 2486 1507 2514 Solem]
1526 2485 1575 2510 Ed.
1598 2484 1672 2511 155³.
1690 2490 1740 2515 pro
1759 2485 1810 2508 hac
1828 2489 1895 2507 voce
1913 2483 1937 2507 h.
1957 2482 1975 2507 1.
1994 2482 2075 2506 habet
2092 2482 2200 2513 signum
2218 2480 2271 2520 Θ.

1611 2295 1677 2329 Sed
1710 2308 1787 2329 cum
1818 2307 1962 2339 prorsus
1990 2306 2064 2328 non
2089 2296 2306 2341 adspiciunt,
2352 2322 2356 2323 γ
