2373 2980
108 99 183 133 337
613 96 703 132 LVI.

108 195 201 230 quae
224 183 414 221 accedunt,
442 181 703 226 interrogantes
727 183 770 215 de
796 181 996 215 calamitate
1014 181 1103 215 Ore-

108 236 182 269 stis.
220 233 353 266 Fabula
380 231 486 266 habet
513 234 645 267 exitum
665 234 778 277 magis
804 233 991 266 comicum.
1030 232 1102 276 Ap-

107 291 253 331 paratus
289 284 428 317 fabulae
455 291 506 318 est
530 286 620 318 talis.
682 284 779 318 quta
806 285 923 318 aulam
950 283 1102 327 Agamess

107 335 250 370 mnonis
274 336 419 379 fingitur
438 336 581 369 Orestes
608 337 797 375 laborans,
824 342 857 368 et
881 336 997 368 iacens
1016 347 1101 378 prae

106 386 244 421 insania
270 386 307 418 in
331 387 481 426 lectulo,
514 387 569 420 cui
595 389 724 420 assidet
749 389 793 420 ad
818 388 924 431 pedes
948 386 1100 419 Electra.

105 437 300 471 Dubitatur
317 450 401 470 vero
415 464 423 478 ‚
451 450 560 483 quare
582 449 654 470 non
676 440 718 471 ad
737 445 843 482 caput
861 438 1029 477 assideat,
1053 437 1101 470 sic

754 95 1154 131 INTERPRETATIO
1180 96 1380 131 ORESTIS
1406 95 1658 132 EURIPIDIS.

2076 97 2150 133 538

1157 182 1307 216 finxisse.
1361 182 1543 217 Excitatus
1561 183 1654 216 enim
1672 182 1794 216 suisset
1810 183 1971 222 Orestes,
1988 182 2058 215 iam
2078 183 2150 227 pri-

1157 246 1255 266 mum
1287 240 1320 266 et
1352 235 1408 267 vix
1439 235 1594 278 sopitus,
1628 235 1655 268 si
1692 247 1802 278 prope
1836 235 1951 278 ipsum
1985 234 2150 268 mulieres

1156 281 1257 316 chori
1280 284 1468 318 stetissent.
1522 286 1715 318 Possumus
1741 284 1808 318 hoc
1834 285 2004 329 suspicari
2029 298 2070 318 ex
2094 298 2149 325 (ἑο,

1155 336 1252 379 quod
1270 335 1356 367 dicit
1372 335 1511 367 Electra
1535 337 1577 368 ad
1597 335 1763 369 chorum:
1793 337 1907 375 Tace,
1933 343 2025 375 tace,
2043 343 2149 369 tenue

1155 385 1341 429 vestigium
1370 386 1506 419 soleae!
1561 387 1790 419 Prolmldlem
1817 400 1890 421 esse
1922 387 2022 420 aiunt
2045 399 2149 432 prae-

1155 443 1289 469 textum
1314 434 1419 470 huius
1444 437 1699 480 dispositionis.
1760 438 1894 471 Fabula
1921 445 1971 471 est
1995 451 2034 471 ex
2061 439 2149 471 cele—

103 489 217 532 magis
234 488 422 521 videbatur
441 501 566 521 curare
584 490 752 529 fratrem,
777 490 823 522 ita
845 490 1000 523 assidens
1017 500 1100 532 pro-
1155 487 1321 520 berrimis
1344 488 1381 519 in
1409 499 1533 527 scena,
1557 490 1614 521 sed
1639 488 1788 532 pessima
1816 490 1987 523 moribus.
2054 490 2148 523 Nam

103 540 195 584 pius.
257 539 407 572 Videtur
438 539 546 583 igitur
569 547 718 584 propter
742 539 890 574 chorum
913 546 1017 584 poeta
1051 539 1097 571 ita
1153 545 1296 582 praeter
1319 539 1480 583 Pyladen
1503 551 1627 573 omnes
1654 545 1757 572 erant
1779 539 1945 583 improbi.

896 675 1127 708 Personae
1164 674 1359 708 fabulae.

270 749 408 782 Electra
1071 749 1207 782 Helena
1826 750 1978 794 Pylades

274 800 428 834 Nuntius
1069 798 1209 834 Chorus
1824 800 2020 832 Hermione.

274 852 416 885 Orestes
1070 849 1192 896 Phryx
1824 851 2009 884 Menelaus

631 900 761 944 Apollo

1426 901 1630 946 Tyndarus.

297 961 484 994 Praefatur
511 967 629 993 autem
659 960 820 1000 Electra,
852 967 1024 1006 tanquam
1052 973 1154 994 soror
1178 961 1334 1000 Orestis,
1357 961 1549 1004 deplorans
1575 967 1722 1004 propter
1747 960 1954 994 Tantalum.

970 1088 1288 1118 ORESTES.

507 1156 697 1189 Electra.

156 1239 292 1280 „Nulla
321 1245 372 1271 est
397 1238 511 1270 oratio
540 1238 589 1271 sic
614 1239 766 1272 dicendo
796 1247 911 1279 atrox,

156 1290 312 1336 „Neque
345 1289 546 1328 calamitas,
587 1292 703 1334 neque
745 1291 889 1324 afflictio
927 1290 1098 1324 divinitus

517 1352 674 1380 veniens,

155 1391 295 1433 „Cuius
330 1391 470 1435 pondus
507 1402 578 1423 non
620 1391 794 1424 sustineat
830 1403 940 1435 genus
970 1389 1098 1425 hunia—

513 1454 600 1475 num
615 1442 659 1488 3).

154 1492 247 1528 Nam
274 1492 333 1526 ille
361 1493 505 1534 beatus,
529 1505 603 1525 non
628 1493 806 1538 exprobro
834 1493 866 1526 ei
889 1493 1086 1534 fortunam,

102 1544 126 1580 5
155 1544 207 1578 Ex
229 1543 312 1577 Iove
337 1550 460 1585 natus,
488 1550 527 1577 ut
553 1544 695 1585 dicunt,
722 1545 909 1585 Tantalus,

155 1596 303 1629 Timens
335 1608 478 1635 sanun,
519 1597 614 1640 quod
651 1609 757 1640 supra
793 1603 900 1640 caput
930 1596 1004 1630 eius
1034 1597 1098 1629 im-

519 1653 644 1686 minet,

151 1697 289 1731 Pendet
317 1697 353 1730 in
378 1710 479 1737 aere,
502 1704 535 1730 et
558 1698 625 1730 luit
648 1695 741 1730 hanc
766 1710 933 1741 poenam,

154 1748 253 1782 Sicut
269 1748 408 1781 dicunt:
437 1750 532 1794 quod
545 1775 554 1789 ,
572 1762 650 1781 cum
669 1755 758 1782 esset
776 1748 905 1790 homo,
922 1763 1000 1783 cum
1022 1750 1098 1785 Diis

154 1800 298 1832 Habens
313 1800 499 1845 aequalem
511 1800 720 1844 dignitatem
732 1802 1098 1843 communismensae,

105 1852 152 1885 10
194 1850 329 1884 Habuit
370 1851 540 1884 effrenem
580 1852 739 1895 linguam
757 1852 808 1898 4),
851 1853 1097 1897 turpissimum

517 1903 698 1936 morbum.

155 1951 222 1986 Iste
246 1953 369 1996 genuit
384 1953 575 1998 Pelopem,
600 1967 641 1986 ex
667 1952 734 1987 hoc
750 1955 879 1988 Atreus
904 1961 1008 1988 natus
1031 1962 1098 1988 est:

155 2004 221 2037 Cui
248 2005 336 2037 dans
361 2017 552 2045 coronam,
578 2006 767 2039 destinavit
790 2006 865 2039 Dea

153 2054 402 2096 Discordiam,
445 2062 484 2089 ut
528 2056 660 2089 bellum
710 2058 879 2091 adversus
916 2055 1099 2102 Thyesten

520 2108 668 2140 fratrem

153 2156 352 2196 Excitaret;
376 2158 461 2203 quid
486 2170 575 2202 opus
600 2165 652 2192 est
676 2170 887 2194 enumerare
915 2160 1061 2193 infanda
1073 2160 1087 2193 ἰ’

105 2205 152 2242 15
181 2207 289 2242 Cuius
306 2209 438 2243 liberos
454 2209 670 2243 interficiens
687 2211 815 2244 Atreus
827 2237 836 2251 ,
863 2212 999 2256 excepit
1018 2224 1098 2244 eum

518 2274 695 2295 convwm.

155 2310 252 2342 Atrei
271 2317 387 2344 autem
400 2337 408 2351 ‚
423 2310 522 2356 (nam
550 2312 782 2346 intermedias
802 2314 962 2347 fortunas
980 2314 1096 2359 taceo)

157 2358 216 2392 Ille
233 2361 383 2406 inclytus
401 2363 491 2396 silius
508 2364 757 2407 Agamemnon
770 2391 777 2404 ,
805 2364 832 2398 si
855 2365 999 2410 quidem
1021 2370 1097 2397 erat

515 2415 679 2460 inclytus,

143 2543 174 2571 3)
194 2543 260 2567 nuic
281 2545 339 2568 loco
360 2545 385 2568 in
404 2545 488 2570 Editt.
511 2547 596 2575 1553„
618 2547 692 2571 ¹562.
712 2547 851 2577 adscripta
874 2548 919 2571 est
939 2550 1002 2571 nota
1023 2553 1097 2571 mar-

177 2578 247 2607 gur:
269 2579 424 2607 „luisci-iae
444 2581 584 2604 humanae.
604 2582 693 2606 Cicer.
710 2584 734 2606 4.
756 2583 838 2605 Tusc.
853 2583 967 2612 Quaest.
984 2581 1097 2605 vertit.''

177 2612 274 2670 Cilpe?
292 2613 370 2638 Tusa.
390 2614 501 2642 Quaest.
520 2615 569 2645 IV,
588 2616 632 2647 29,
651 2617 693 2642 63.
714 2618 764 2640 lios
785 2617 888 2646 primos
918 2618 977 2640 tres
997 2623 1096 2640 versus

177 2652 193 2669 a
217 2653 246 2670 er
262 2664 268 2670 .

142 2691 172 2717 4)
194 2690 267 2712 Haec
286 2695 339 2712 vox
358 2689 385 2712 tn
404 2696 491 2721 marg.
511 2691 594 2717 Editt.
618 2693 708 2725 1558„
732 2694 806 2718 ¹562.
826 2694 941 2724 repetita
963 2696 1014 2718 est.

107 2730 290 2762 Mamm-u.
317 2731 422 2760 Ornn.
447 2731 530 2761 Vor.
555 2733 676 2763 xvffl.

1200 1154 1248 1187 Et
1274 1154 1458 1187 Menelaus
1485 1166 1526 1187 ex
1547 1153 1688 1197 Aeli-ope
1715 1153 1876 1187 Cretensi
1900 1160 2024 1187 matre.

1202 1206 1311 1239 Ducit
1335 1211 1453 1238 autem
1482 1205 1634 1239 invisam
1658 1204 1736 1239 Diis

1149 1257 1199 1291 20
1234 1257 1408 1290 Helenam
1426 1256 1457 1302 5)
1493 1256 1696 1294 Menelaum
1749 1257 1814 1288 iste
1850 1262 1969 1289 autem
2009 1256 2149 1301 Clytae-

1565 1306 1787 1353 1nnestrae⁶)
1810 1307 2030 1351 coniugium,

1203 1358 1349 1391 Clarum
1376 1359 1471 1401 apud
1494 1358 1670 1399 Graecos,
1692 1357 1942 1402 Agamemnon
1967 1371 2044 1392 rex:

1202 1408 1269 1442 Cui
1296 1421 1337 1441 ex
1362 1421 1432 1441 una
1459 1422 1498 1442 ea
1530 1416 1600 1443 tres
1624 1410 1763 1454 puellae
1786 1416 1891 1442 natae
1914 1422 2048 1450 sumus,

1203 1457 1495 1504 Chrysothemis‚
1520 1458 1726 1504 Iphigenia,
1752 1467 1786 1493 et
1810 1473 1873 1504 ego
1898 1460 2051 1500 Electra,

1201 1510 1247 1543 Et
1272 1511 1449 1545 masculus
1475 1511 1620 1545 Orestes
1646 1523 1687 1544 ex
1709 1518 1823 1544 matre
1852 1511 2134 1552 sceleratissima,

1150 1559 1200 1596 25
1229 1562 1331 1607 Quae
1350 1563 1520 1596 maritum
1539 1563 1764 1597 circumdans
1782 1563 2018 1597 inextricabili
2044 1563 2148 1598 vesti-

1574 1618 1696 1647 ment‘o

1201 1663 1399 1697 interfecit:
1428 1671 1576 1710 propter
1601 1678 1713 1711 quae,
1738 1666 1773 1698 id
1798 1665 1971 1709 virginem
1997 1666 2112 1699 dicere

1202 1715 1285 1749 Non
1304 1722 1355 1749 est
1372 1714 1582 1756 honestum,
1608 1717 1736 1750 omitto
1754 1714 1822 1749 hoc
1844 1718 2032 1750 obscurum
2051 1730 2147 1750 com-

1574 1768 1732 1801 muniter
1758 1768 2110 1815 considerandum7).

1203 1816 1271 1849 Sed
1288 1815 1426 1851 Phoebi
1446 1818 1657 1852 iniustitiam
1679 1819 1765 1865 quid
1782 1832 1871 1864 opus
1889 1826 1940 1854 est
1957 1818 2147 1854 accusare?

1202 1868 1401 1902 Persuadet
1425 1869 1565 1910 Oresti,
1587 1877 1760 1911 matrem,
1785 1884 1877 1917 quae
1906 1884 1985 1904 eum
2012 1871 2147 1915 genuit,

1152 1920 1200 1953 30
1229 1919 1423 1961 Occidere,
1447 1933 1520 1954 non
1547 1923 1642 1966 apud
1667 1935 1790 1956 omnes
1813 1923 1976 1957 adserens
1991 1923 2147 1956 laudem.

1203 1970 1343 2004 Tamen
1368 1972 1397 2005 is
1423 1984 1501 2005 eam
1527 1973 1675 2014 occidit,
1700 1986 1775 2006 non
1802 1975 2012 2008 inobediens
2037 1974 2132 2008 Deo:

1202 2021 1249 2054 Et
1269 2035 1333 2066 ego
1350 2035 1447 2056 eram
1465 2024 1642 2069 particeps
1658 2025 1792 2065 caedis,
1817 2033 1856 2059 ut
1871 2032 1989 2070 potest
2005 2026 2145 2060 mulier.

1203 2072 1249 2105 Et
1271 2073 1423 2118 Pylades
1447 2087 1514 2109 nos
1535 2075 1571 2108 in
1595 2074 1649 2110 his
1676 2076 1826 2110 adiuvit.

1202 2122 1290 2157 Inde
1313 2126 1496 2160 tabescens
1523 2139 1629 2160 saevo
1652 2129 1779 2160 morbo
1808 2128 1952 2171 languet

1123 2182 1128 2211 Ι
1151 2173 1200 2208 35
1229 2175 1390 2210 Asssictus
1416 2177 1580 2218 Orestes,
1606 2180 1735 2212 cadens
1762 2179 1799 2211 in
1823 2179 1913 2211 lecto

1201 2225 1314 2267 lacet,
1341 2229 1485 2272 sanguis
1508 2235 1692 2263 maternus
1717 2230 1870 2273 exagitat
1895 2242 1977 2263 eum

1202 2277 1418 2318 Furoribus;
1443 2281 1587 2324 (vereor
1612 2281 1705 2313 enim
1730 2280 1920 2314 nominare
1945 2282 2028 2314 deas

1200 2328 1439 2371 Eumenidas,
1464 2344 1556 2376 qnae
1582 2344 1662 2364 eum
1681 2331 1841 2364 certatim
1861 2333 2093 2377 perterreut‚)

1200 2380 1324 2414 Sextus
1348 2379 1404 2414 hie
1427 2382 1523 2421 dies,
1549 2395 1590 2415 ex
1616 2395 1688 2428 quo
1713 2383 1819 2416 caede

1181 2541 1212 2567 5)
1234 2539 1377 2572 Helenam]
1400 2540 1483 2564 Editt.
1508 2540 1599 2566 1552..
1623 2541 1696 2565 1562.
1718 2542 1851 2568 Helenen.

1182 2583 1213 2611 6)
1234 2582 1475 2611 Clytaemnestrae
1489 2583 1555 2612 eto]
1576 2584 1616 2607 sic
1636 2584 1682 2616 (=
1698 2583 1946 2616 Κὶυῐαι,ιινὴσηιτι;
1961 2585 2027 2616 ete.)
2049 2588 2144 2617 ubique

1121 2613 1124 2651 ἱ
1221 2618 1380 2646 scrit›imus;
1400 2618 1483 2642 Editt.
1505 2617 1594 2648 1558.,
1616 2620 1689 2642 1582.
1710 2620 1935 2649 Clyteninestrae
1954 2622 2005 2645 etc.

1122 2652 1125 2690 l
1186 2661 1218 2688 7)
1235 2660 1476 2692 considerandum]
1503 2661 1542 2684 sic
1566 2662 1617 2687 Ed.
1639 2662 1714 2687 1562.
1742 2664 1769 2685 et
1793 2663 1877 2688 Eunt.
1900 2664 2144 2695 Bai-iiqrMusgrff

1122 2695 1126 2727 fi
1224 2695 1270 2719 tud.
1295 2695 1368 2719 1558.
1389 2696 1577 2719 considerare.

1578 2732 1627 2766 22
