2373 2980
200 79 267 115 127
756 69 876 105 PHIL.
911 68 1021 102 MEL.
1059 65 1259 101 SCRIPTA
1294 64 1631 101 PfflLOLOGch.
2132 64 2203 101 128

246 163 361 196 Altior
384 159 439 193 hic
465 159 626 203 gradiens
653 163 686 189 et
713 162 787 188 toto
814 154 944 187 vertice
971 165 1077 198 supra

246 213 396 246 Extaliat
421 217 580 245 cunctos;
604 208 662 241 sed
689 212 763 238 erat
788 205 1008 238 venerandus
1029 204 1170 248 Ulysses

248 263 460 306 Praecipue,
486 259 620 292 medius
639 263 826 302 postquam
845 256 1071 295 consederat,
1100 254 1171 288 oris

246 315 401 355 Augusta
429 310 561 354 specie,
590 315 621 340 et
646 307 762 340 vultus
786 307 957 351 gravitate
981 306 1146 338 verenda.

249 363 345 408 Quin
372 362 477 394 etiam
502 361 606 392 decus
632 359 782 400 augebat
804 358 967 390 facundia
994 356 1147 400 utrique,

248 413 392 446 Publica
412 410 596 444 consilium
617 422 695 441 cuiu
716 421 770 442 res
787 408 954 452 poscebat
970 418 1157 451 opemque.

247 463 448 495 Verborum
466 461 606 494 Atrides
630 459 813 492 Menelaus
823 458 868 503 12)
890 458 1031 502 parcior
1057 456 1172 494 arctis,

249 514 336 546 Rem
362 512 518 545 numeris
543 522 685 544 omnem
708 509 902 552 stringens,
924 520 1073 552 acerque
1096 518 1174 550 pre-

858 559 988 598 ruebat,

247 613 292 647 Et
315 614 471 657 linguam
490 611 652 657 quamvis
675 610 776 643 annis
794 610 913 642 minor
930 615 1003 640 arte
1018 606 1175 649 regebat,

248 664 300 698 Ne
332 676 399 709 qua
427 664 578 695 serretur
602 661 716 704 longis
739 660 946 702 ambagibus
969 669 1105 696 errans,

249 712 515 758 Dicentiqueffi)
534 713 654 744 aderat
673 711 782 743 multo
802 710 854 742 vis
873 707 1026 751 nixam)
1044 708 1176 750 lepore.

301 774 347 806 At
380 784 524 815 surgens
561 782 747 814 procerum
782 769 819 801 in
852 767 969 800 medio
999 766 1177 799 consultus

873 818 1015 863 Ulysses

251 874 428 908 Sollicitus
449 878 579 904 restare
604 870 682 908 diu,
709 869 857 914 fixisque
883 869 1018 902 solebat

251 924 461 958 Luminibus
492 920 637 954 haerere
661 921 756 959 solo,
784 925 1032 964 sceptrumque
1061 924 1178 949 tenere

251 975 441 1007 Immotum
469 972 612 1011 tacitus,
639 983 759 1014 regum
787 976 968 1013 gestamen
992 969 1179 1001 ebul-num.

250 1025 386 1058 Interea
398 1034 610 1067 sensumque
623 1022 851 1065 animamque
863 1033 879 1052 a
901 1031 1049 1063 corpore
1060 1019 1177 1050 abesse

250 1075 397 1108 lndocili
421 1074 560 1110 credas;
585 1073 645 1105 sed
671 1072 732 1104 ubi
757 1072 800 1103 de
823 1077 966 1114 pectore
993 1080 1115 1101 vocem

251 1126 326 1158 Iino
350 1123 634 1169 prompsissetfl)
659 1123 811 1155 facundo
841 1122 959 1164 largus
982 1121 1026 1151 ab
1057 1130 1130 1157 ore,

238 1252 283 1283 12)
303 1252 459 1278 Menelaus]
479 1250 545 1278 Opp.
568 1248 648 1271 nasit.
669 1253 766 1270 errore
786 1248 914 1276 typogr.:
933 1244 1078 1268 Minelaus.

241 1294 286 1324 13)
305 1293 480 1320 Dicentique]
501 1291 566 1320 Opp.
586 1290 670 1314 Basil.
691 1295 788 1312 errore
798 1290 925 1318 typogr.:
946 1285 1114 1314 Dicenitque.

241 1337 304 1363 13³)
325 1333 397 1365 nixa]
418 1334 456 1356 sic
468 1334 534 1363 Opp.
550 1332 650 1361 Basil.;
671 1332 798 1355 Vincent.
819 1332 845 1354 et
864 1330 944 1359 corp.
964 1328 1022 1352 Res.
1039 1328 1073 1351 X.
1091 1325 1182 1349 mixta.

241 1379 287 1406 14)
307 1377 501 1407 prompsisset]
524 1375 563 1399 sic
576 1375 642 1405 Opp.
663 1375 745 1397 Basil.
761 1375 786 1397 et
806 1373 949 1401 Yiucent.;
969 1371 1050 1400 Corp.
1065 1368 1182 1393 Ref.x.:

276 1412 459 1441 promisisset.

1278 151 1327 184 Ut
1352 152 1440 186 solet
1466 148 1615 183 hiberno
1640 149 1700 182 nix
1724 149 1833 182 multo
1860 148 2038 182 uberrima
2063 148 2174 188 coelo,

1277 202 1400 235 Sermo
1429 202 1574 240 ruebat,
1600 207 1633 233 et
1658 199 1797 233 insolita
1822 200 1975 232 mulcere
1999 210 2169 231 coronam

1277 253 1457 285 Sensimus
1489 257 1563 283 arte
1597 248 1769 283 Ithacum.
1821 248 1922 288 Non,
1964 250 2025 294 qui
2056 255 2201 281 conten—

1894 301 1992 332 deret
2018 299 2081 339 illi,

1277 351 1474 396 Quisquam
1492 357 1584 383 erat:
1603 348 1670 382 lioc
1686 350 1773 382 adeo
1785 349 2022 395 admiratam)
2033 356 2083 383 est
2092 349 2203 382 Troia

1902 402 2095 445 quondam.

1277 450 1447 483 Divinum
1465 452 1569 483 decus
1590 451 1743 496 eloquii,
1764 463 1837 483 non
1854 450 2013 494 corporis
2029 452 2204 484 umbram.

1436 515 1471 550 5.
1496 517 1670 551 Iliados
1695 517 1752 558 ΙΙΙ,
1776 518 2005 553 216—223.

1356 575 1437 603 Haec
1466 576 1669 613 interpretatio
1684 605 1685 608 ,
1703 577 1893 614 praecedenti
1922 577 1951 604 in
1974 576 2091 612 ,iisdem
2120 576 2211 604 tribus

1227 615 1309 645 libris
1338 618 1471 654 proxime
1508 618 1644 646 adiuncta
1673 624 1732 655 est,
1767 619 1797 646 in
1825 618 1904 655 Opp.
1934 619 2023 646 Basil.
2056 619 2212 656 inscripta:

1227 657 1383 696 „Aliter”,
1413 660 1443 686 in
1474 660 1580 687 ceteris
1611 661 1721 688 duobus
1748 661 1866 697 „Aliter
1896 665 1926 688 et
1948 660 2100 694 brevius”,
2131 661 2213 698 quasi

1230 701 1349 728 eosdem
1373 701 1492 729 Homeri
1518 710 1617 729 versus
1640 712 1673 729 ac
1696 702 1878 740 praecedens
1894 703 2122 739 complectatur,
2146 711 2211 730 cum

1229 743 1324 780 potius
1347 751 1448 771 versus
1471 742 1665 773 216—223.
1689 745 1837 772 contineat
1859 744 1945 771 aliter
1967 753 2133 773 conversos·

1332 793 1400 825 Sed
1429 795 1584 837 prudens
1609 801 1776 840 postqum
1802 795 1839 826 in
1861 794 2017 826 medium
2042 793 2212 838 processit

1895 844 2035 888 Ulysses

1284 892 1451 926 Dicturus
1473 893 1569 926 stetit
1595 893 1781 933 immotus,
1807 900 2010 938 terramque
2035 893 2170 936 rigente

1284 942 1437 975 Lumine
1454 944 1653 987 spectabat,
1670 951 1846 987 sceptrum
1863 957 1937 976 non
1955 950 2054 988 parte
2070 943 2213 976 sinistra

1284 993 1366 1026 Non
1382 994 1503 1026 dextra
1523 1006 1682 1033 versans,
1710 995 1817 1027 veluti
1833 995 1908 1028 sine
1925 1000 2043 1027 mente
2060 994 2214 1032 tenebat,

1287 1043 1442 1076 Dixisses
1467 1042 1648 1077 hominem
1674 1046 1790 1078 furere
1822 1052 1855 1077 et
1877 1045 2025 1078 rationis
2050 1055 2163 1087 egere.

1288 1094 1335 1125 At
1344 1092 1387 1137 15)
1403 1094 1508 1127 simul
1519 1101 1556 1126 ut
1566 1107 1689 1138 vagam
1701 1096 1807 1127 dabat
1824 1096 1894 1128 imo
1906 1108 1922 1128 e
1933 1101 2074 1139 pectore
2092 1105 2216 1127 vocem
2229 1092 2234 1106 ³

1288 1143 1520 1188 Brumalique
1544 1145 1655 1187 inagis
1680 1146 1714 1176 vi
1738 1146 1873 1177 concita
1899 1145 2070 1188 grandine
2095 1144 2216 1184 verba,

1291 1193 1444 1227 Cunctos
1469 1195 1637 1228 mortales
1662 1195 1759 1228 illum
1785 1207 1951 1239 superare
1981 1193 2201 1239 videres¹⁵³).

1275 1313 1338 1339 14³)
1347 1310 1492 1342 admirata]
1503 1311 1542 1335 sic
1551 1312 1617 1340 Opp.
1630 1310 1971 1340 Basa.;Vi11cent.et001-p
1987 1310 2100 1335 Ref.X.:
2110 1294 2217 1335 miratai

1274 1355 1321 1382 15)
1338 1352 1385 1384 At]
1406 1354 1446 1376 sic
1467 1355 1532 1383 Opp.
1552 1355 1636 1378 Basil.
1657 1356 1683 1377 et
1703 1355 1844 1384 Viuccnt.;
1865 1354 1946 1383 Corp.
1966 1353 2027 1376 Res.
2044 1353 2094 1376 X.:
2115 1353 2160 1377 Ac.

1274 1398 1339 1424 15a)
1358 1396 1482 1423 videres]
1506 1396 1586 1426 Corp.
1607 1396 1666 1419 nef.
1682 1396 1716 1419 X.
1736 1401 1832 1419 errore
1853 1396 1980 1426 typogr.:
2001 1395 2115 1419 videret.

689 1554 722 1577 e.
774 1540 854 1576 EX
900 1535 1156 1574 ILIADOS
1209 1531 1391 1570 LIBRO
1424 1531 1492 1568 VI.
1544 1529 1737 1566 LOCUS

751 1606 975 1638 rfflLiPPo
997 1603 1329 1635 MELANTHONE
1351 1599 1669 1631 INTERPRETE.

410 1703 444 1736 6.
473 1702 554 1735 llia
567 1703 644 1734 dos
668 1700 734 1740 Vl,
753 1699 984 1733 476—481.

334 1778 423 1805 Huius
452 1778 506 1804 loci
529 1775 728 1811 interpretatio
751 1774 884 1811 „Iliados
907 1773 957 1801 Vt.
988 1774 1094 1800 Hector
1104 1772 1121 1786 ‘²
1144 1774 1190 1800 iu-

207 1822 333 1858 scripta,
355 1825 436 1848 textu
460 1828 563 1856 graeco
586 1817 763 1855 praemisso,
786 1822 883 1844 exstat

291 1889 318 1907 a.
343 1880 371 1906 in
394 1877 591 1906 Melanthonis
613 1876 706 1913 Oper.
735 1876 822 1903 Basil.
854 1875 938 1903 Tom,
964 1874 999 1901 V.
1029 1883 1060 1911 p.
1081 1870 1167 1908 336.,

293 1939 320 1966 b.
344 1938 372 1965 in
386 1936 497 1965 Secerii
520 1935 676 1972 farragine,

292 2006 320 2025 c.
343 1997 371 2023 in
394 1995 544 2023 Grathusii
566 1993 737 2021 collectione
759 1992 937 2030 Epigramm.
974 1991 1027 2019 fol.
1051 1991 1075 2018 L
1099 1988 1140 2026 3.‚

292 2055 323 2084 d.
347 2055 376 2082 in
400 2053 547 2082 vincentii
569 2052 743 2079 collectione
766 2051 945 2088 Epigramm.
978 2049 1031 2076 fol.
1054 2049 1084 2076 K
1105 2048 1148 2084 6.,

293 2122 321 2141 e.
344 2113 372 2140 in
396 2112 480 2140 huius
502 2112 589 2148 Corp.
609 2110 739 2138 Reform.
770 2108 837 2137 Vol.
853 2106 892 2138 X.
916 2117 948 2145 p.
964 2107 1036 2137 484.
1062 2117 1106 2136 ur.
1124 2105 1175 2136 17.

1346 1679 1379 1712 Ο
1400 1678 1519 1722 superi
1542 1677 1648 1710 talem
1673 1675 1749 1709 fieri
1773 1674 1953 1707 concedite
1977 1680 2135 1717 gnatum,

1294 1730 1419 1774 Qualis
1443 1741 1506 1772 ego
1529 1728 1658 1767 existo,
1687 1733 1721 1760 et
1746 1725 1876 1758 virtute
1900 1725 2067 1758 excellere
2091 1724 2197 1765 cives,

1295 1780 1419 1824 Ingens
1440 1786 1479 1812 ut
1504 1778 1639 1823 patriae
1658 1778 1702 1811 sit
1726 1776 2013 1820 praesidiumque
2033 1776 2221 1820 decusque.

1293 1831 1339 1864 Et
1362 1830 1391 1864 si
1415 1830 1559 1875 quando
1585 1828 1676 1861 redit
1700 1839 1799 1859 caeso
1825 1826 1972 1859 feliciter
1996 1824 2109 1864 hoste,

1293 1881 1340 1913 Et
1365 1880 1486 1924 spoliis
1509 1885 1650 1918 auctus,
1672 1878 1893 1910 conclament
1914 1877 2072 1921 undique
2090 1876 2221 1909 Troes:

1293 1931 1359 1964 Hic
1376 1936 1520 1974 superat
1529 1929 1658 1962 virtute
1668 1934 1818 1971 patrem,
1838 1938 1927 1972 quae
1945 1927 2057 1970 gloria
2069 1926 2167 1970 gnati
2178 1925 2222 1973 ¹⁶)

1294 1982 1435 2015 Soletur
1461 1980 1594 2013 tristem
1622 1978 1744 2010 matris
1769 1983 1975 2022 recreetque
2000 1983 2189 2010 senectam.

1278 2083 1323 2109 16)
1352 2081 1442 2111 gnati]
1473 2079 1513 2102 sic
1541 2079 1606 2109 Opp.
1638 2077 1738 2106 Basit,
1772 2077 1897 2101 vincent.
1928 2078 1956 2100 et
1994 2076 2074 2106 Corp.
2099 2076 2160 2101 Res.
2178 2075 2225 2105 X.;

1313 2115 1459 2139 Grattius:
1480 2112 1544 2136 nati.

593 2253 626 2287 d.
680 2250 758 2286 EX
793 2248 1048 2286 ILIADOS
1086 2248 1268 2285 LIBRO
1292 2250 1361 2285 IX.
1402 2247 1547 2283 LOCI
1590 2245 1843 2292 QUINQUE

758 2316 978 2347 PHlLIPPO
1001 2316 1333 2346 MELANTHONE
1355 2314 1678 2343 INTERPRETE.

431 2395 466 2429 7.
511 2393 683 2428 Iliados
706 2395 771 2435 IX,
797 2392 974 2430 32—49.

213 2464 304 2492 Huius
327 2463 382 2491 loci
404 2463 606 2500 interpretatio
630 2463 779 2499 reperitur

297 2532 323 2551 a.
346 2524 375 2550 in
398 2522 594 2550 Melanthonis
616 2522 707 2558 Oper.
740 2522 828 2550 Basil.
850 2521 936 2548 Tom.
951 2520 987 2548 V.
1008 2528 1038 2556 p.
1052 2516 1125 2547 33²2.
1148 2519 1195 2545 in-

340 2565 446 2601 scripta
468 2564 539 2601 „Ex
562 2563 611 2592 lX.
634 2562 750 2598 lliad.”‚
781 2568 864 2591 textu
888 2571 991 2600 graeco
1014 2562 1194 2598 praemiss03

297 2625 325 2653 b.
348 2624 376 2651 in
399 2624 544 2652 vincentii
567 2623 739 2651 collectione
762 2622 941 2659 Epigramm.
970 2620 1020 2648 sul.
1038 2619 1063 2648 O
1081 2616 1142 2667 712,

1330 2401 1357 2421 c.
1381 2391 1408 2418 in
1432 2391 1516 2418 huius
1538 2391 1626 2427 Corp.
1649 2388 1718 2417 Res.
1748 2388 1814 2416 vol.
1830 2387 1866 2415 X.
1890 2397 1919 2425 p.
1936 2385 1999 2415 546
2016 2396 2058 2424 sq.
2083 2396 2126 2415 nr,
2144 2384 2227 2422 128„

1373 2434 1420 2461 ubi
1450 2441 1546 2469 aeque
1579 2441 1612 2459 ac
1645 2432 1673 2458 in
1698 2429 1833 2467 praeced.
1857 2429 2029 2457 collectione
2051 2429 2091 2456 sic
2115 2434 2158 2456 est
2179 2428 2227 2456 in-

1371 2475 1511 2544 sligggz²”
1530 2472 1659 2510 „Oratio
1696 2472 1841 2500 Diomedis
1877 2471 1914 2499 ad
1948 2471 2060 2508 Regem
2102 2479 2140 2498 ex
2175 2469 2226 2498 IX.

1348 2559 1415 2591 Fas
1425 2559 1468 2591 sit
1478 2557 1600 2590 Atrida
1614 2554 1700 2589 mihi
1719 2562 1777 2588 tua
1787 2555 1877 2588 dicta
1889 2555 2047 2587 refellere
2057 2554 2227 2598 primum,

1297 2608 1398 2654 Quae
1410 2609 1515 2641 modo
1529 2608 1631 2651 inops
1640 2606 1748 2640 animi
1761 2605 1880 2639 fudisti
1899 2605 2092 2645 incondita,
2111 2604 2227 2649 perfer
