2373 2980
118 88 194 125 293
620 87 693 123 LV.
745 86 1147 122 INTERPRETATIO
1173 89 1397 124 HECUBAE
1425 89 1677 125 EURIPIDIS.
2090 91 2166 127 294

852 171 1156 207 EURIPIDIS
1191 173 1427 209 HECUBA

647 238 870 268 PHILIPPO
892 238 1232 268 MELANTHONE
1263 240 1628 281 1NTERPRETE1).

242 317 287 344 Ex
311 316 528 354 Prolegomenis
550 322 691 355 apparet,
715 316 798 345 huius
821 316 989 354 tragoediae
1012 316 1288 352 interpretationem
1311 317 1509 345 Melanthonis
1533 319 1562 346 in
1587 319 1649 347 sola
1671 319 1727 347 Ed.
1742 319 1877 347 Francos.
1902 318 1994 349 1562.
2018 320 2161 352 inveniri3

114 359 319 397 interpretatio
350 361 428 387 enim
459 359 543 387 huius
572 360 762 397 tragoediae,
793 369 879 397 quain
902 359 957 387 Ed.
981 358 1070 386 Basil.
1096 357 1189 387 1558.
1220 359 1366 394 continet,
1397 369 1455 386 non
1479 360 1675 388 Melanthouis
1699 369 1760 397 est,
1792 362 1844 390 sed
1868 361 2022 398 Xylandri.
2075 360 2160 391 Illam

113 401 286 441 praesertim
300 411 365 429 cum
388 401 443 429 Ed.
459 402 583 430 Barnes.
606 402 727 438 contuli,
750 411 787 429 ex
810 410 867 439 qua
890 410 1028 429 versuum
1052 410 1200 437 numeros,
1223 401 1327 438 quibus
1349 401 1495 437 Xylandri
1519 402 1662 430 editiones
1686 410 1803 440 carent,
1826 404 2068 442 stropharumque
2091 415 2160 442 par-

112 445 230 473 titiones
253 449 283 472 et
304 444 374 472 alias
397 443 536 482 quasdam
559 444 762 481 inscriptiones
784 444 900 480 addidi,
923 451 1033 481 easque
1055 444 1135 471 uncis
1159 443 1280 480 inclusi,
1308 449 1339 471 ut
1363 444 1455 471 lector
1477 450 1651 481 cognoscat,
1675 445 1724 473 lias
1748 446 1852 473 deesse
1875 447 1903 473 in
1928 447 2072 483 Xylandri
2096 448 2161 476 edi-

112 487 247 515 tionibus.
262 501 304 507 -
327 486 448 523 Signum
457 485 520 524 (‚,)‚
543 496 598 523 quo
614 486 643 513 in
658 485 749 515 Editt.
769 486 915 522 Xylandri
929 492 960 514 et
972 486 1116 522 Barnesii,
1138 494 1233 523 aeque
1249 495 1283 513 ac
1299 486 1327 513 in
1344 485 1448 523 Eurip.
1465 486 1521 514 Ed.
1538 486 1703 515 Basileensi
1721 486 1813 516 1551.
1837 487 1874 517 δ”
1899 488 1971 527 (qua
1985 489 2161 519 Melanthon

112 539 179 558 usus
203 538 270 557 esse
293 527 440 566 videtur),
461 529 584 566 insignia
604 528 752 566 Euripidis
775 529 853 556 dicta
876 534 1033 565 notantur,
1055 529 1084 555 in
1108 528 1162 556 hac
1186 528 1240 557 Ed.
1265 528 1372 566 ubique
1396 528 1513 556 retinui.

148 621 176 653 1)
196 620 327 651 Sequenti
347 619 568 649 interpretationi
587 618 615 642 in
634 618 683 643 Ed.
705 619 779 644 1562.
798 624 815 642 a
833 618 982 649 X3⁷landro
1002 619 1051 642 hoc
1069 618 1256 648 praemittitur
1275 620 1470 648 argumentum
1496 625 1528 642 ex
1555 624 1656 649 graeco
1682 618 1811 643 editionis
1829 620 2001 644 Basileensis
2021 623 2113 653 Eurip.
2133 630 2158 648 a.

182 656 256 680 1551.
275 655 308 678 δ”
328 660 455 684 versum,
475 654 545 684 quod
565 653 647 676 etiam
666 658 734 676 suae
752 653 977 682 interpretationi
996 653 1076 676 huius
1096 653 1256 683 tragoediae
1276 653 1302 676 in
1323 653 1371 677 Ed.
1395 653 1469 676 1558.
1489 653 1630 683 praefixit:

334 688 529 718 Euripidis
551 688 719 711 Hecubae
742 689 1002 718 argumentum,
1028 687 1219 711 Guilielmo
1239 687 1430 717 Xylandro
1456 688 1674 717 Augustano
1699 686 1921 716 interprete.

179 725 267 755 Capta
287 723 368 746 Troia
386 722 485 746 Graeci
505 729 564 746 cum
584 721 646 745 inde
667 721 836 751 solvissent,
864 722 898 745 ad
919 721 1072 752 oppositam
1092 722 1119 744 in
1139 722 1256 745 Thracia
1275 721 1498 745 Cherrlionesum
1526 722 1707 751 appulerunt,
1732 722 1775 745 cui
1794 722 1972 752 Pol3·mestor
1995 723 2156 754 imperabat.

179 758 218 782 lbi
237 757 414 781 honorarium
433 756 532 780 Achilli
551 756 683 779 tumulum
702 755 912 781 excitaverunt,
931 756 958 779 in
979 755 1062 779 Troia
1080 756 1199 786 sepulto.
1242 756 1390 780 Caeterum
1413 756 1591 779 commoratis
1616 756 1721 786 aliquot
1746 756 1783 779 ibi
1809 757 1883 787 dies,
1910 762 1977 787 quos
1997 759 2078 782 rebus
2099 759 2159 782 suis

178 791 379 817 constituendis
398 792 518 819 dabant,
539 792 621 820 atque
639 790 693 813 iam
712 789 843 817 abituris,
863 790 978 813 Achillis
997 790 1089 821 imago
1109 796 1193 820 super
1214 790 1345 814 tumulum
1365 790 1508 820 apparuit,
1529 792 1556 813 et
1576 795 1669 813 eorum
1689 790 1842 814 discessum
1862 791 1992 821 inhibuit,
2011 793 2159 822 postulans

177 829 207 851 ut
226 826 277 850 sibi
297 825 410 855 praemii
429 825 490 849 loco
510 825 609 848 darent
631 824 714 848 filiam
733 823 835 847 Priami
854 824 1043 854 Polyxenam,
1071 830 1141 854 quae
1161 825 1185 847 ei
1204 826 1269 848 ante
1287 829 1305 847 a.
1324 826 1404 854 patre
1424 824 1483 847 eius
1503 824 1595 848 fuerat
1617 826 1697 854 pacta
1722 824 1853 855 cuiusque
1872 824 1963 856 gratia
1982 829 2043 850 erat
2067 833 2082 850 a
2102 827 2157 851 Pa—

178 861 237 886 ride
255 862 282 884 et
297 860 435 898 Deiphobo
454 859 564 889 sagittis
582 858 726 887 confixus,
745 860 890 887 peracturo
911 859 1055 888 sponsalia
1068 859 1185 882 Priamo.
1223 859 1319 888 ltaque
1334 858 1433 882 Graeci
1450 859 1582 882 beneficia
1600 859 1659 882 eius
1671 859 1804 883 memoria
1816 862 1991 891 repetentes,
2012 861 2159 885 honorem-

177 902 230 926 que
248 896 318 918 hunc
339 894 397 917 eius
421 893 515 917 virtuti
541 893 714 922 deferentes,
743 892 916 923 Pol3xenam
940 893 975 916 ad
1004 893 1161 922 sepulcrum
1184 893 1278 916 herois
1307 893 1500 916 immolandam
1527 893 1718 916 decrev.erunt
1760 893 1896 917 Miserunt
1921 900 2004 924 porro
2026 896 2158 925 Ul3sse1n

176 931 297 954 Laertae
312 929 395 952 filium
412 928 445 951 ad
461 929 575 951 matrem
590 927 700 957 puellae
716 927 862 954 Hecubam
884 930 912 950 ut
927 928 954 950 et
968 928 1084 957 puellam
1103 928 1263 953 adduceret,
1283 929 1310 950 et
1330 927 1412 951 matri
1431 927 1550 950 facunda
1570 927 1661 958 (cuius
1679 928 1739 951 erat
1758 928 1798 951 rei
1812 928 1928 957 artifex)
1949 929 2073 953 oratione
2091 937 2157 960 per-

176 964 324 989 suaderet,
345 969 378 986 ne
398 963 470 986 tiliae
489 961 639 985 amissione
657 968 689 985 se
707 961 864 986 afflictaret.
900 962 955 991 Uly
959 968 1021 985 sses
1032 958 1087 984 ubi
1107 968 1138 985 eo
1158 961 1297 993 accessit,
1318 961 1489 991 Pol3xenam
1509 962 1622 985 offendit
1641 967 1690 986 suo
1710 962 1820 985 conatui
1841 962 2038 993 opitulantem,
2059 966 2156 989 matri-

175 1004 227 1029 que
246 998 472 1028 persuadentem
498 996 586 1028 magis
604 1001 656 1019 sua
675 1002 708 1019 ex
728 1002 757 1019 re
777 996 852 1024 fore,
878 997 907 1018 ut
926 996 1077 1023 moriatur,
1104 1002 1183 1026 quam
1202 996 1287 1019 vitam
1312 1003 1344 1019 se
1366 996 1504 1025 indiguam
1526 997 1636 1019 toleret.
1686 997 1807 1019 Mactata
1831 996 1904 1027 filia,
1929 997 2060 1022 ancillam
2079 1004 2157 1024 suam

173 1033 211 1057 ad
230 1033 310 1056 littus
329 1031 403 1055 misit
419 1032 537 1062 Hecuba,
556 1036 663 1060 aquam,
683 1036 735 1060 qua
755 1030 874 1053 cadaver
894 1030 965 1060 Pol3
968 1036 1055 1053 xenae
1074 1032 1243 1057 ablueretur,
1264 1031 1387 1053 allatum.
1421 1031 1494 1053 Haec
1508 1031 1577 1060 Pol3
1581 1030 1677 1053 dorum
1696 1030 1733 1053 ibi
1751 1030 1887 1054 iacentem
1903 1032 2015 1061 reperit.
2046 1034 2156 1058 Etenim

173 1067 354 1097 Polymestot·
367 1065 477 1095 cognito
497 1065 605 1089 Troiam
624 1071 688 1088 esse
707 1066 831 1094 captam,
852 1070 965 1093 puerum
984 1065 1053 1088 huuc
1074 1065 1221 1091 occiderat,
1241 1066 1324 1094 atque
1343 1064 1370 1087 iu
1390 1069 1466 1087 mare
1485 1064 1634 1095 abiecerat,
1655 1066 1683 1087 ut
1704 1065 1762 1094 ipse
1781 1071 1878 1089 aurum
1897 1066 2065 1098 possideret,
2086 1070 2156 1098 quod

175 1106 231 1126 una
249 1107 308 1124 cuni
334 1106 420 1130 puero
440 1099 567 1123 Priamus
593 1101 672 1129 pater
697 1099 756 1122 eius
782 1099 852 1122 clam
871 1099 985 1122 miserat
1011 1099 1202 1129 superioribus
1228 1099 1413 1128 temporibus,
1440 1105 1499 1122 cum
1525 1099 1579 1122 iam
1604 1098 1746 1122 imminere
1770 1100 1821 1123 llio
1851 1100 2002 1130 periculum
2027 1103 2155 1128 sentiret.

175 1136 246 1160 Erat
266 1136 357 1158 autem
376 1140 409 1158 ea
428 1134 469 1156 vis
488 1134 565 1164 auri,
585 1138 654 1163 quae
672 1133 708 1156 ad
727 1133 929 1156 restituendum
942 1133 1044 1156 Priami
1064 1140 1152 1163 genus
1172 1135 1267 1162 posset
1286 1133 1474 1162 suppeditare.
1513 1133 1589 1156 Hunc
1603 1132 1772 1163 Polydorum
1792 1133 1884 1163 itaque
1903 1135 1930 1158 in
1947 1135 2044 1159 littore
2063 1136 2156 1161 iacen-

176 1172 231 1194 tem
248 1169 353 1192 ancilla
371 1171 401 1191 ut
420 1168 541 1198 invenit,
561 1168 640 1196 peplo
660 1167 812 1190 involutum
830 1167 864 1190 ad
885 1167 1022 1190 Hecubam
1041 1167 1142 1192 attulit.
1180 1168 1256 1196 Quae
1276 1173 1337 1190 cum
1356 1167 1475 1190 cadaver
1495 1167 1655 1197 Pol3·xenae
1674 1174 1740 1191 esse
1758 1170 1885 1197 putaret,
1905 1169 2022 1194 nondum
2041 1172 2154 1195 revela-

176 1207 248 1228 tum:
274 1203 356 1226 simul
374 1204 456 1231 atque
475 1201 645 1231 Polydorum
664 1207 728 1224 esse
747 1200 899 1231 intellexit,
926 1207 1054 1231 magnum
1074 1202 1195 1225 dolorem
1214 1201 1305 1224 animo
1325 1201 1466 1231 concepit;
1492 1201 1715 1231 Pol3·1nestorem
1739 1208 1806 1226 vero
1827 1204 1856 1226 ut
1881 1203 2079 1235 ulcisceretur,
2105 1206 2156 1230 hoc

175 1239 241 1261 astu
260 1238 304 1260 est
322 1242 381 1259 usa.
422 1235 629 1259 communicata
647 1235 724 1264 prius
743 1241 802 1258 cum
820 1236 1028 1264 Agamemnone
1046 1236 1202 1263 sententia,
1226 1236 1355 1259 ancillam
1374 1241 1452 1259 suam
1471 1236 1505 1259 ad
1524 1235 1746 1265 Pol3·n1estorem
1764 1237 1864 1267 mittit,
1891 1244 1950 1261 enm
1970 1244 2029 1262 cum
2057 1239 2155 1264 liberis

179 1272 238 1295 eius
257 1271 292 1294 ad
317 1277 348 1293 se
372 1275 538 1295 accersens
564 1275 624 1292 cum
646 1275 678 1293 eo
702 1269 734 1292 de
754 1275 786 1292 re
805 1269 966 1293 necessaria
985 1276 1014 1293 se
1039 1271 1302 1294 communicaturam
1326 1270 1460 1295 iudicans.
1503 1270 1553 1293 Hic
1578 1270 1682 1293 inscius
1701 1270 1835 1301 Polydori
1862 1272 1982 1296 cadaver
2008 1273 2035 1296 in
2059 1274 2155 1298 littore

176 1306 332 1335 repertum,
358 1304 492 1334 simulque
517 1303 580 1326 aliis
599 1303 725 1327 inductus
744 1304 907 1342 fraudihuS,
932 1306 1045 1334 praesto
1063 1304 1158 1328 adfuit.
1203 1305 1312 1328 Hecuba
1331 1305 1391 1328 ideo
1410 1305 1536 1328 vocatum
1556 1304 1664 1335 dicere,
1692 1305 1731 1328 uti
1750 1306 1916 1337 thesauros,
1941 1312 2011 1336 quos
2031 1308 2093 1338 ipsa
2112 1309 2155 1333 llii

176 1339 386 1367 abscondisset,
404 1338 429 1361 ei
448 1338 596 1361 indicaret·
616 1338 751 1361 hominem
773 1338 801 1361 in
819 1339 1026 1362 tabernaculum
1044 1345 1123 1362 suum
1141 1339 1333 1370 introducere,
1359 1338 1487 1362 nimirum
1506 1339 1542 1362 ibi
1559 1345 1617 1362 rem
1635 1341 1784 1370 apertura,
1811 1345 1845 1363 ac
1864 1341 1935 1364 alias
1960 1341 2025 1365 item
2044 1343 2153 1372 datura

177 1379 245 1404 quas
263 1379 355 1396 secum
374 1371 456 1396 Troia
474 1371 632 1401 attulisset,
651 1372 792 1401 pecunias.
828 1372 897 1395 Erat
915 1372 990 1395 intus
1009 1373 1102 1397 abdita
1121 1373 1264 1396 mulierum
1283 1373 1381 1403 ingens
1399 1373 1492 1402 copia:
1512 1373 1607 1396 harum
1619 1373 1723 1397 auxilio
1738 1374 1848 1397 Hecuba
1867 1375 1940 1398 intro
1959 1375 2068 1400 adducti
2087 1383 2153 1401 ocu-

174 1408 219 1431 los
238 1406 400 1436 exc-ludere,
421 1406 576 1436 liberosque
595 1406 655 1429 eius
675 1411 784 1430 necare.
826 1406 876 1429 Rei
902 1406 1000 1430 indicio
1028 1407 1091 1430 inde
1109 1407 1145 1430 ad
1163 1408 1395 1438 Agamemnonem
1421 1407 1530 1437 delato,
1554 1414 1615 1431 cum
1634 1408 1667 1431 de
1688 1414 1754 1432 nece
1772 1408 1906 1439 Pol3d0ri
1930 1410 2016 1434 multa
2034 1411 2153 1442 fingeret

176 1441 498 1471 Pot3·mestor‚1{ecuba
515 1445 608 1463 coram
627 1440 763 1470 convicit,
782 1446 842 1464 eum
861 1441 923 1464 auri
942 1446 1043 1471 causa,
1069 1447 1123 1465 non
1143 1447 1252 1471 eorum,
1283 1447 1351 1472 quae
1370 1441 1584 1471 praetendebat,
1608 1447 1694 1472 puero
1713 1447 1810 1466 manus
1833 1443 1979 1468 attulisse:
2005 1444 2154 1470 iudicavit-

174 1481 227 1506 que
249 1475 399 1498 secundum
417 1474 503 1504 ipsam
522 1475 701 1504 Agamemno

272 1511 362 1534 scena
380 1509 490 1533 fabulae
507 1508 620 1538 fingitur
640 1515 705 1533 esse
725 1509 752 1533 in
771 1509 964 1534 Cherrlioneso
979 1509 1125 1540 Thracica,
1145 1515 1215 1540 quae
1234 1512 1278 1533 est
1297 1516 1311 1533 e
1331 1509 1446 1540 legione
1459 1509 1558 1535 Troiae
1577 1509 1640 1536 sita.
1667 1509 1772 1535 chorus
1791 1513 1901 1536 constat
1921 1512 2039 1543 captivis
2055 1515 2154 1541 Troia-

175 1544 219 1569 ttis
239 1543 415 1574 mulieribus,
435 1549 504 1573 quae
525 1543 650 1568 Hecubae
670 1544 762 1568 ferunt
780 1545 919 1569 auxilium.

732 1688 959 1722 Personae
1002 1689 1044 1722 iu
1082 1690 1237 1723 fabula
1276 1696 1380 1723 sunt
1417 1687 1513 1722 liae:

276 1764 448 1810 Polydori
475 1764 603 1798 umbra
1333 1766 1473 1810 Ulysses

275 1816 418 1849 Hecuba
1330 1815 1544 1862 Talthybius

272 1865 411 1901 Chorus
442 1866 629 1900 Troadum
1324 1869 1464 1903 Ancilla
1496 1868 1661 1902 Hecubae

413 1918 635 1963 captivarum
1324 1921 1576 1964 Agamemnon

274 1969 454 2014 Polyxena
1324 1971 1561 2017 Polymestor.

671 2017 820 2053 Inchoat
847 2026 966 2054 autem
992 2021 1217 2065 tragoediam
1245 2021 1418 2067 Polydori
1442 2023 1583 2056 umbra.

992 2106 1265 2136 HECUBA.

1125 2171 1130 2218 f
1206 2165 1279 2210 Qui
1304 2167 1478 2210 optimam
1506 2163 1848 2213 Cherrhonesianfl)
1873 2168 2028 2201 tabulam

1205 2216 1386 2257 Seminat,
1409 2224 1608 2263 equestrem
1636 2218 1809 2262 populum
1841 2230 1967 2262 regens
1991 2218 2104 2255 hasta.

1156 2268 1202 2301 10
1231 2268 1385 2301 Multum
1414 2281 1499 2302 vero
1523 2281 1602 2302 cum
1629 2280 1685 2301 me
1711 2269 1789 2301 auri
1815 2270 1943 2303 emittit
1970 2272 2085 2306 oculte

1203 2319 1331 2360 Pater,
1360 2327 1418 2359 ut,
1444 2321 1472 2354 si
1496 2321 1640 2364 quando
1664 2319 1718 2351 Ilii
1746 2320 1840 2354 muri
1867 2322 2045 2363 caderent,

1202 2369 1413 2405 Vix‘entibus
1440 2371 1485 2404 sit
1513 2371 1593 2404 filiis
1619 2382 1692 2403 non
1719 2370 1840 2416 inopia
1866 2373 1990 2408 victus.

154 2420 376 2467 Polydorus,
399 2422 565 2456 Hecubae
589 2423 700 2463 filius,
726 2422 818 2455 filiae
842 2422 951 2457 Cissei
1203 2421 1377 2456 Minimus
1415 2429 1500 2455 natu
1539 2434 1624 2455 vero
1663 2434 1760 2455 eram
1802 2424 1958 2458 filiorum
1990 2426 2145 2464 Priami:

153 2472 359 2518 Priamique
390 2474 522 2519 patris,
555 2474 617 2519 qui
640 2487 715 2514 me,
749 2481 940 2521 postquam
965 2475 1093 2508 Troia·
1562 2480 1784 2518 quapropter
1807 2481 1840 2508 et
1866 2488 1922 2509 me
1947 2489 1987 2510 ex
2013 2484 2105 2512 terra

516 2537 646 2559 norum
671 2526 796 2559 urbem
1119 2527 1125 2600 1
1202 2524 1303 2558 Clam
1333 2524 1468 2561 eniisit3
1493 2536 1609 2570 neque
1636 2526 1731 2558 enim
1756 2526 1848 2560 ferre
1875 2540 1989 2568 arma,

101 2573 127 2610 5
153 2574 356 2608 Periculum
386 2574 532 2609 haberet
558 2574 659 2611 hasta
688 2578 814 2611 cadere
838 2576 988 2616 Graeca,

153 2625 318 2693 Metuens
342 2627 430 2684 elqm
458 2635 574 2661 ωηιξη
597 2641 637 2662 ex
661 2628 825 2687 Tromnff
848 2634 955 2686 terra?
976 2680 982 2687 ,
1182 2661 1214 2688 2)
1234 2659 1463 2684 cherrhonesiam
1483 2659 1553 2689 etc.]
1582 2658 1623 2683 sic
1648 2660 1673 2684 h.
1693 2660 1711 2683 Ι.
1736 2661 1763 2683 et
1789 2660 1814 2684 iu
1835 2666 1909 2691 seqq.
1929 2667 1988 2685 cum
2010 2663 2143 2690 Bnrnesio

152 2677 410 2723 Pol3mestoris
433 2679 476 2712 ad
504 2680 651 2713 domum
679 2678 826 2713 Thracii
851 2678 1013 2724 hospitis,
1117 2705 1121 2721 .
1218 2694 1381 2724 scripsimus
1402 2703 1435 2716 z
1456 2693 1665 2727 Χεῤῥονησιάνι
1695 2694 1743 2718 Ed.
1766 2695 1839 2720 1562.
1860 2696 2072 2722 Cherronesiam
2092 2703 2144 2725 etc.

1544 2727 1624 2764 19*

405 2192 614 2235 Polydori
648 2191 807 2225 umbra.

154 2269 267 2302 Venio
286 2269 534 2301 defunctorum
553 2268 726 2301 latebram
747 2275 781 2301 et
798 2268 960 2313 caliginis
977 2275 1098 2313 portus

157 2320 396 2365 Relinquens,
424 2320 484 2353 nbi
507 2319 613 2352 Pluto
638 2319 786 2354 seorsim
815 2317 953 2354 habitat
977 2334 995 2354 a
1023 2334 1098 2354 cac-

515 2371 598 2404 teris
620 2370 710 2412 Diis,
