2373 2980
221 97 297 131 -305
804 94 926 128 l'lllL.

220 182 295 216 350
323 180 629 225 Admirmniniff).
677 178 798 224 Itaque
825 179 968 224 quidem
988 180 1139 227 Graecia
1166 181 1211 212 sv-

631 229 742 261 liciter
759 230 850 273 agit,

271 284 343 318 Vos
363 297 446 317 xero
466 281 643 316 sustinetis
663 280 789 314 similia
809 281 932 315 vestris
949 282 1115 315 consiliis.

275 337 370 372 Cher.
398 332 452 368 Ah
480 331 524 365 ali
552 344 693 365 servum
721 345 827 376 quani
856 333 988 366 malum
1014 340 1064 366 est
1087 339 1208 365 natum

633 395 716 416 essu.

270 438 446 472 Sustinet,
475 446 565 479 quae
584 446 657 466 non
675 439 836 477 oportet,
865 446 926 477 per
946 434 1016 466 vim
1036 434 1158 466 victus.

268 491 349 523 Hec.
378 488 410 521 Ο
429 485 497 518 fllia
511 511 520 524 ,
552 485 620 517 inei
639 485 781 530 quidem
801 497 981 518 sormones
1000 486 1034 517 in
1054 497 1170 517 aerem

219 538 293 574 335
322 538 418 572 Irriti
432 542 514 569 suut
533 537 660 569 frustra
680 535 828 579 proiecti
845 537 887 567 de
903 541 960 568 tua
981 536 1099 568 caede.

270 591 327 624 Tu
358 600 443 624 vero
476 587 505 621 si
537 587 708 620 maiorem
744 586 938 630 potentiam
966 598 1072 630 quam
1098 592 1211 618 mator

635 636 763 675 habes,

268 692 322 726 Da
345 704 512 736 operam,
542 701 664 723 omnes
681 695 714 720 et
731 687 825 719 velut
842 686 1011 720 lusciniae
1033 700 1071 720 os

269 744 384 777 Sonos
401 743 563 776 emittens
577 768 586 780 ,
614 752 657 772 ue
677 737 827 782 priveris
847 738 929 770 vita.

269 795 419 828 Procide
454 805 536 825 vero
571 789 821 824 miserabiliter
854 786 959 821 huius
994 788 1128 833 Ulyssis
1167 789 1207 820 ad

627 852 738 885 genu,

217 898 294 933 340
321 897 365 930 Et
390 893 560 940 persuade
588 891 712 937 (habes
736 903 821 923 vero
846 889 1087 927 occasionem3
1129 896 1205 922 suni

630 943 723 975 enim
746 941 849 974 liberi

268 999 313 1033 Et
332 996 431 1042 huic)
444 1022 453 1035 ‚
481 1002 561 1027 tuae
580 1000 619 1027 ut
636 993 846 1026 misereatur
865 992 941 1025 viae
952 991 1010 1038 ιΒ).

267 1050 458 1093 Polyxena.
493 1045 607 1078 Video
631 1051 686 1083 te,
722 1056 741 1076 o
758 1043 918 1088 Ulysses,
955 1044 1118 1075 dextram
1145 1043 1208 1074 sub

634 1101 728 1128 veste

267 1151 513 1185 Occultantem
534 1159 700 1185 manum,
729 1151 763 1178 et
779 1144 905 1177 faciem
925 1150 1120 1177 retrorsum

266 1203 472 1235 Vertentem
484 1226 493 1239 ,
520 1211 564 1231 ne
581 1204 681 1231 tuum
701 1196 873 1239 attingam
889 1201 1061 1228 mentum.

217 1252 290 1289 345
318 1253 421 1286 Bono
442 1250 562 1283 animo
580 1255 672 1286 esto3
702 1247 854 1290 effugisti
873 1258 991 1279 meum
1014 1245 1207 1290 supplicem

626 1299 765 1332 Iovem:

267 1354 448 1400 Quoniam
466 1363 595 1397 sequar
612 1357 644 1384 te
659 1357 693 1383 et
710 1348 926 1383 necessitatis
942 1348 1054 1391 gratia
1066 1373 1075 1387 ,

265 1406 311 1439 Et
330 1405 423 1438 mori
441 1404 574 1437 volens.
626 1402 665 1435 Si
681 1413 767 1434 vero
786 1412 861 1433 non
875 1399 981 1432 velim
994 1425 1003 1437 ‚

264 1457 397 1501 ignava
417 1455 598 1499 apparebo
619 1459 652 1486 et
671 1463 796 1485 amans
812 1451 904 1483 vitae
924 1449 1063 1482 mulier.

267 1508 365 1553 Quid
389 1506 483 1540 enim
507 1518 564 1538 me
590 1509 732 1548 oportet
757 1502 896 1541 vivere,
935 1499 991 1534 cui
1015 1505 1116 1543 pater
1133 1497 1209 1543 qui-

632 1556 714 1587 dam
733 1559 809 1586 erat
825 1565 886 1585 rex
1085 1588 1087 1595 γ

216 1607 291 1643 350
319 1605 500 1652 Phrygum
519 1605 705 1639 omnium?
733 1604 809 1637 Hoc
825 1601 913 1636 mihi
933 1601 1088 1646 primum
1105 1599 1210 1632 vitae.

266 1659 406 1692 Deinde
423 1658 556 1692 nutrita
574 1670 650 1691 sum
670 1656 734 1690 sub
752 1668 812 1699 spe
832 1653 967 1698 optima

266 1710 423 1754 Regibus
449 1721 599 1754 sponsa,
645 1707 921 1740 aemulationem
957 1715 1031 1737 non
1060 1712 1207 1746 parvam

626 1758 833 1802 nuptiarum

266 1812 430 1851 Habitus,
458 1811 503 1843 ad
519 1809 616 1843 cuius
634 1811 780 1842 domum
798 1809 988 1851 sucumque
1011 1804 1206 1836 adventura

311 1860 314 1863 ⁴
629 1873 757 1898 essem;

199 1951 202 1954 ⁴
267 1913 424 1946 Domina
443 1924 527 1945 vero
544 1912 666 1944 infelix
682 1910 850 1943 Troianis
869 1922 964 1942 eram

217 1963 292 2000 355
321 1964 550 2003 Mulieribus‚
578 1962 803 2006 virginesque
820 1962 912 1993 inter
927 1962 1117 2004 spectanda
1129 1966 1147 2003 ‚f

267 2015 400 2050 Similis
417 2015 568 2053 deabus,
596 2019 737 2057 praeter
759 2013 850 2045 mori
867 2012 995 2045 solum.

266 2068 370 2102 Nunc
397 2078 481 2099 vero
507 2078 584 2098 sum
608 2076 721 2098 serva.
787 2064 947 2097 Primum
973 2063 1118 2108 quidem
1142 2061 1210 2096 hoc

636 2127 769 2147 nomen

269 2169 424 2201 Mortem
445 2179 564 2200 amare
582 2166 676 2205 facit,
694 2178 767 2198 non
785 2171 991 2198 consuetum
1010 2164 1172 2198 existens.

267 2219 406 2252 Deinde
424 2218 582 2251 fortassis
601 2218 766 2250 dominos
786 2229 908 2250 saevos
926 2216 962 2247 iu
981 2216 1100 2247 animo

218 2270 292 2304 360
321 2271 464 2303 Possem
501 2268 689 2314 consequi,
740 2268 942 2312 quicunque
972 2273 1118 2310 argento
1154 2278 1210 2298 mc

629 2325 721 2352 emet

269 2371 432 2405 Hectoris
452 2377 485 2403 et
503 2371 654 2403 aliorum
672 2371 866 2403 multorum
883 2379 1057 2406 sororem,

269 2424 425 2466 Adigens
442 2435 497 2454 me
514 2434 596 2454 vero
613 2424 657 2455 ad
675 2421 879 2466 panificium
898 2420 934 2452 in
952 2419 1098 2452 aedibus

267 2474 489 2519 Verrereque
506 2474 653 2506 domum
673 2479 706 2505 et
723 2472 830 2506 radiis
848 2470 1008 2504 textoriis
1023 2468 1182 2502 insistere

256 2586 302 2614 17)
323 2585 390 2610 uuio
409 2586 470 2609 loco
491 2585 518 2608 iu
537 2590 622 2615 marg.
641 2585 681 2607 Ed
702 2585 775 2609 1562.
802 2584 940 2613 adscripta
966 2586 1009 2607 est
1035 2589 1103 2607 vox:
1141 2583 1214 2607 Bar-

291 2621 393 2643 ὴῑιι-ἰες.

259 2662 304 2692 18)
324 2661 467 2690 Euripides
486 2662 510 2683 Ιι,
526 2661 543 2684 1.
564 2661 641 2684 habet
661 2659 762 2691 τῦχην,
781 2667 859 2690 quam
879 2666 972 2684 vocem
989 2660 1071 2685 Editt.
1086 2661 1214 2684 nai-nes..
1241 2665 1244 2694 g

290 2698 430 2727 Musgrav.
451 2697 476 2719 et
497 2695 566 2719 Fixit
586 2698 712 2719 vertunt:
743 2696 881 2718 foi-tunae.

964 94 1075 129 MEL.
1107 94 1309 128 scfflPTA
1342 93 1679 128 PfflLOLOGICA.

2181 95 2255 129 304

1316 180 1470 214 Tristem
1488 185 1649 223 agentem
1668 178 1760 210 diem
1778 190 1833 212 me
1852 185 1963 223 coget.

1237 214 1242 242 Ι
1265 229 1339 265 365
1367 231 1512 264 Lectum
1531 242 1614 261 vcro
1633 241 1748 261 meum
1769 241 1889 263 servus
1908 230 2088 273 emptitius
2103 229 2230 275 aliquis

1316 281 1603 318 Contaminabit,
1630 279 1770 322 regilius
1787 286 1887 312 antea
1907 281 2011 324 digna
2031 281 2196 314 iudicata.

1315 333 1396 366 Nou
1417 333 1462 364 ita
1477 345 1483 368 ;
1514 331 1712 375 relinquam
1731 330 1774 362 ab
1791 331 1899 364 oculis
1915 332 2063 364 liberam

1314 383 1445 416 Lucem
1463 380 1573 421 hanc,
1597 381 1718 413 inseris
1739 381 1890 414 offerens
1908 394 2024 415 meum
2043 395 2182 427 corpus.

1314 434 1393 467 Duc
1411 434 1517 476 igitur
1534 444 1588 464 me
1609 431 1765 476 Ulysses,
1792 439 1825 464 et
1843 434 1973 465 confice
1993 445 2047 465 me
2063 435 2206 468 ducens.

1264 485 1338 518 370
1366 485 1490 529 Neque
1525 483 1618 516 enim
1650 482 1724 526 spei
1758 495 1872 527 neque
1899 483 2045 516 alicuius
2075 485 2254 527 opinionis

1673 533 1776 565 video

1236 525 1241 710 ι
1314 584 1499 617 Fiduciam
1531 585 1624 628 apud
1654 596 1740 622 nos,
1783 586 1879 629 quod
1912 596 2072 629 unquam
2105 585 2254 630 feliciter

1670 646 1772 677 agere
1790 648 1846 667 me
1865 641 2039 678 oporteat.

1314 685 1450 725 Mater,
1480 692 1516 718 tu
1535 698 1620 718 vero
1639 685 1742 718 nobis
1759 683 1849 718 nihil
1864 686 2118 729 impedimento
2135 685 2180 719 sis

1313 735 1474 769 Dicendo
1493 744 1552 769 aut
1571 748 1685 782 neque
1705 737 1877 770 faciendo,
1912 736 2153 770 Consentiaris
2168 747 2254 768 vero

1672 785 1760 819 iiiilii

1315 837 1423 878 Mori,
1446 838 1653 883 priusquam
1673 838 1790 881 turpia
1808 851 1881 871 non
1900 850 1964 882 pro
1982 838 2152 881 dignitate
2170 849 2254 870 con-

1673 901 1813 933 sequar.

1263 938 1336 974 375
1365 940 1609 985 „Quicunque
1640 940 1734 972 enim
1776 952 1848 973 non
1887 939 2071 973 consuevit
2111 945 2252 983 gustare

1669 990 1783 1031 mala,
1812 1012 1820 1018 x

1315 1041 1429 1081 „Fert
1455 1042 1620 1087 quidem,
1663 1042 1759 1074 dolet
1787 1053 1869 1074 vero
1896 1041 2025 1073 collum
2050 1052 2254 1084 supponens

1670 1093 1770 1136 iugo;

1315 1143 1510 1183 „Mortuus
1529 1156 1615 1176 xero
1635 1155 1706 1176 esse
1725 1142 1834 1187 possit
1850 1142 1986 1175 felicior

1315 1194 1465 1238 „Quam
1490 1194 1680 1239 vivensffl).
1733 1193 1861 1225 Vivere
1886 1193 1979 1225 enin·
2006 1206 2080 1237 non
2107 1193 2254 1228 honeste

1675 1256 1801 1287 magna
1820 1243 2012 1277 calamitas.

1317 1297 1413 1330 chor.
1444 1295 1604 1339 „Magna
1624 1301 1707 1328 nota
1728 1301 1762 1328 et
1786 1293 1932 1338 insignis
1944 1294 1972 1314 ¹⁹
1982 1294 2012 1341 a)
2030 1294 2121 1328 inter
2138 1293 2254 1329 homi-

1674 1359 1735 1379 nes
1758 1352 1828 1384 est,

1264 1396 1338 1430 380
1368 1396 1429 1435 „A
1444 1397 1546 1430 bonis
1563 1404 1686 1430 natum
1703 1409 1774 1430 esse
1784 1395 1843 1441 w),
1861 1402 1894 1428 et
1909 1395 1946 1427 in
1962 1395 2077 1429 maius
2095 1398 2257 1440 procedit

1315 1473 1337 1486 ‚,
1348 1447 1552 1481 Nobilitatis
1567 1460 1699 1481 nomen
1719 1448 1814 1491 apud
1832 1459 1910 1486 eos,
1939 1446 2000 1491 qui
2016 1446 2115 1490 digni
2130 1455 2224 1482 sunt.

1314 1500 1393 1532 Hec.
1423 1498 1608 1538 „Honeste
1633 1499 1776 1544 quidem
1803 1496 1920 1531 dixisti
1946 1497 2037 1534 filia;
2079 1498 2141 1531 sed
2169 1496 2251 1531 huic

1674 1546 1822 1593 pulchro
2079 1587 2081 1590 Α

1316 1599 1495 1639 „Moeror
1513 1601 1622 1632 adest.
1676 1600 1711 1633 Si
1731 1611 1815 1632 vero
1836 1604 1978 1643 oportet
1993 1591 2092 1630 Pelei

1314 1650 1404 1683 Rem
1423 1657 1560 1694 gratam
1578 1650 1654 1683 fieri
1671 1651 1743 1683 filio
1759 1657 1793 1683 et
1806 1647 2119 1694 reprehensionem
2132 1649 2252 1692 sugere

1236 1714 1239 1716 ·
1264 1700 1338 1735 385
1366 1701 1451 1741 Vos,
1476 1702 1661 1746 oUlysses,
1689 1700 1780 1734 hanc
1799 1702 1942 1746 quidem
1959 1712 2034 1733 non
2051 1699 2253 1738 interficite;

1314 1753 1388 1787 Nos
1404 1765 1489 1785 vero
1508 1754 1674 1786 ducentes
1693 1754 1736 1785 ad
1754 1753 1894 1785 bustum
1911 1750 2059 1784 Achillis

1316 1804 1504 1837 Consodite
1516 1830 1525 1844 ‚
1553 1816 1597 1836 ne
1614 1803 1785 1848 p;;rcatis;
1814 1815 1876 1847 ego
1895 1801 2018 1847 peperi
2032 1799 2201 1834 Paridem
2214 1827 2222 1840 ‚

1316 1855 1388 1899 Qui
1405 1855 1517 1887 filium
1536 1853 1698 1888 Thetidis
1714 1854 1849 1898 sagittis
1868 1854 1998 1887 seriens
2015 1851 2205 1884 interemit.

1237 1946 1240 1950 .
1319 1907 1370 1939 Ul.
1399 1906 1483 1940 Non
1497 1913 1549 1945 te,
1578 1918 1598 1938 o
1615 1918 1723 1945 auus,
1752 1906 1795 1937 ad
1815 1905 2042 1938 moriendum
2059 1899 2207 1936 Achillis

1238 1971 1240 1974 ’
1266 1956 1340 1990 390
1368 1957 1553 2002 Spectrum
1571 1969 1589 1989 a
1608 1956 1772 1995 Graecis,
1805 1969 1923 1989 verum
1942 1954 2033 1988 hanc
2051 1953 2188 1998 petivit.

1316 2010 1396 2042 Hee.
1426 2009 1498 2042 Vos
1513 2020 1597 2040 vero
1615 2020 1670 2040 me
1688 2020 1766 2040 cum
1784 2008 1854 2040 filia
1875 2020 1944 2041 una
1965 2004 2150 2040 interficite
2164 2030 2173 2044 ,

1317 2059 1363 2092 Et
1378 2059 1430 2093 bis
1444 2065 1581 2092 tantum
1600 2059 1766 2103 poculum
1786 2059 1967 2102 sanguinis
1984 2060 2045 2091 fiet

1316 2111 1470 2149 Terrae,
1498 2116 1712 2155 mortuoque
1732 2108 1818 2143 haec
1831 2111 2038 2154 postulanti.

1316 2163 1368 2195 Ul.
1396 2161 1488 2195 Satis
1503 2161 1641 2205 puellae
1657 2168 1738 2194 tuae
1756 2173 1867 2199 mors;
1903 2173 1978 2194 non
1992 2161 2154 2194 addenda

1266 2211 1340 2246 395
1367 2213 1447 2247 Alia
1465 2213 1509 2244 ad
1529 2212 1654 2249 aliam;
1682 2212 1819 2245 utinam
1836 2224 1880 2245 ne
1896 2210 1989 2245 lianc
2007 2212 2230 2246 deberemus!

1317 2266 1396 2298 Hec.
1433 2263 1546 2296 Multa
1581 2263 1724 2308 quidem
1755 2264 1943 2297 necessitas
1974 2263 2066 2297 filiae
2100 2275 2258 2296 commo-

1678 2314 1710 2346 ri
1731 2325 1799 2347 me.

1320 2367 1370 2399 CI.
1400 2365 1617 2409 Quomodo?
1644 2365 1728 2399 Non
1746 2365 1839 2397 enim
1859 2365 1943 2398 novi
1963 2366 2142 2404 dominos,
2170 2376 2258 2411 quos

1674 2414 1837 2449 habeam.

1302 2505 1347 2534 19)
1367 2505 1437 2528 Huic
1456 2504 1516 2528 loco
1535 2504 1562 2528 in
1581 2510 1668 2533 marg.
1687 2505 1736 2527 Ed.
1754 2505 1829 2528 1562.
1848 2504 1987 2534 adscripta
2006 2506 2085 2527 sunt:
2111 2504 2187 2527 Mors
2206 2501 2259 2526 mi-

1336 2545 1470 2562 set-orum.

1239 2586 1243 2613 1
1304 2581 1370 2613 19³)
1391 2583 1457 2605 nota
1475 2583 1502 2604 et
1522 2581 1650 2613 insignis]
1676 2582 1714 2604 sic
1739 2584 1787 2610 (Ξ
1806 2581 1912 2612 Eurip.)
1942 2582 2025 2605 Eum.
2052 2583 2171 2609 recent.;

1240 2616 1244 2656 Ι
1338 2617 1411 2641 1562.
1433 2618 1497 2639 vota
1516 2617 1542 2639 et
1561 2616 1689 2643 insignes

1302 2660 1350 2687 20)
1373 2660 1421 2682 His
1441 2658 1532 2682 verbis
1553 2658 1578 2682 iu
1598 2664 1683 2688 nim-g⁴
1706 2659 1754 2684 Ed.
1779 2659 1852 2682 1562.
1879 2658 2019 2688 adscripta
2046 2659 2088 2681 est
2107 2663 2177 2681 vox:

1341 2695 1478 2724 genuitas.

2208 2579 2258 2604 Ed.

2213 2656 2260 2679 ln-
