2373 2980
229 112 325 148 1015

228 199 303 235 540
330 201 402 232 Ιοη.
427 196 520 239 Age,
546 206 586 227 ex
604 203 672 238 qua
693 198 805 224 matre
826 191 888 225 tibi
905 198 1008 226 nutus
1025 191 1128 226 sum?

280 250 389 285 Xuth.
412 247 550 281 Nescio.

283 304 353 335 Ion.
379 299 502 342 Reque
519 294 684 329 Phoebus
701 293 811 327 dixit?

282 351 389 386 suth.
414 348 615 381 Delectatus
632 344 718 383 hoc,
745 345 830 377 illud
849 357 922 377 non
939 345 1169 389 interrogavi.

281 406 353 435 Ion.
378 400 472 434 Num
491 411 531 431 ex
547 404 641 430 terra
666 402 777 428 matre
795 396 896 429 sum'?

281 453 389 486 A‘urh.
413 450 526 482 Terra
548 460 621 481 non
638 447 749 490 giguit
769 447 909 480 liberos.

284 506 354 536 [οη.
380 501 572 545 Quomodo
591 499 698 542 igitur
715 511 792 531 sum
810 496 914 531 tuus?

283 554 391 588 ..tum
417 551 544 585 Nescio
556 577 565 589 ‚
595 551 639 582 ad
654 549 769 582 Deum
789 555 906 582 autem
924 548 1051 581 refero.

284 607 355 638 Ion.
381 603 455 646 Age
473 601 690 644 attingamus
709 600 797 633 alios
817 611 1010 633 sermones.

286 656 394 689 ..fallu
417 653 492 686 Hoc
512 652 578 685 erit
591 651 736 690 melius,
761 663 780 683 o
799 651 860 684 fili.

235 705 308 743 545
337 709 409 739 Ion.
435 703 618 736 Venistine
635 703 671 734 in
690 702 912 745 illegitimum
933 699 1075 733 thorum
1091 699 1101 731 .'

286 758 394 792 Xuth.
419 754 574 789 Stultitia
593 753 728 786 aetatis.

286 811 357 843 Ion.
382 807 594 851 Priusquam
613 806 757 838 duceres
774 803 885 836 filiuni
901 799 1118 835 Erechthei?

287 859 395 893 Xuth.
419 857 502 891 Nou
521 857 614 889 enim
635 861 755 900 postea
776 866 947 898 unquam.

286 914 358 944 lon.
387 908 481 951 Ergo
498 914 581 941 tunc
596 919 652 940 me
669 904 844 949 genuisti?

288 962 397 995 Xuth.
425 959 601 992 Convenit
617 965 767 1001 tempus.

287 1015 359 1045 Ion.
394 1010 587 1054 Quomodo
611 1021 674 1051 ego
702 1006 769 1039 huc
794 1007 920 1038 allatus
943 1003 1046 1038 sum?

648 1057 787 1092 Nescio.

287 1116 359 1146 Ion.
384 1111 454 1145 Per
470 1111 617 1154 longum
634 1109 812 1154 profectus
829 1105 918 1139 iter?

286 1164 395 1197 Xuth.
416 1162 461 1194 Et
478 1160 545 1194 hoc
562 1174 617 1194 me
633 1162 808 1193 incertum
829 1156 941 1190 animi
958 1156 1052 1189 facit.

237 1214 310 1250 550
334 1217 406 1248 lon.
429 1213 612 1246 Venistine
632 1211 729 1256 prius
746 1211 790 1243 ad
805 1206 989 1253 Delphos?

286 1266 394 1299 A'ntlz.
423 1264 478 1297 Ad
493 1265 580 1297 festa
601 1261 743 1296 Bacchi.

286 1319 358 1350 Ion.
386 1314 425 1348 In
441 1327 509 1360 qua
528 1316 636 1348 domo
652 1312 833 1357 hospitum
855 1308 1053 1344 divertisti?

286 1368 394 1400 Xuth.
423 1366 497 1410 Qui
511 1378 566 1398 me
583 1363 764 1409 Delphicis
780 1361 906 1407 puellis
920 1382 970 1386 —

286 1420 358 1451 Ion.
384 1416 587 1450 Initiavitne
604 1423 656 1456 te,
681 1421 741 1449 aut
760 1414 942 1459 quomodo
960 1410 1047 1444 haec
1068 1408 1179 1443 dicis?

287 1470 396 1502 al'ufh.
425 1467 471 1500 Et
483 1466 738 1501 bacchantibus
756 1464 992 1498 Maenadibus
1007 1482 1057 1488 —

286 1522 358 1552 lon.
383 1519 550 1552 sobrium
566 1525 627 1552 aut
641 1517 777 1551 ebrium
796 1513 1027 1549 existentem?

286 1571 395 1604 Xnth.
420 1567 552 1602 Bacchi
572 1576 713 1613 captum
736 1568 930 1611 voluptate.

286 1623 358 1654 lon.
384 1620 456 1653 Illic
475 1620 640 1654 seminati
658 1632 790 1653 sumus.

286 1673 395 1706 Xuth.
424 1671 552 1705 Fatum
572 1678 605 1704 te
622 1670 779 1708 invenit,
805 1681 825 1701 o
844 1668 904 1701 fili.

239 1721 313 1757 555
338 1725 412 1757 1οη.
437 1722 629 1767 Quomodo
648 1722 729 1754 veni
749 1721 792 1753 ud
810 1716 1008 1763 templum?

1113 1002 1208 1035 A'utll
1215 1026 1222 1034 .

343 1856 433 1880 Xuth.
453 1855 596 1882 lutei-fiee,
618 1855 644 1877 et
663 1855 808 1881 combure3
829 1851 916 1882 patris
936 1849 1017 1878 enim,
1039 1847 1062 1869 si
1083 1844 1225 1870 occideris»

650 1888 707 1910 eris
728 1887 898 1909 interfector.

345 1925 406 1948 1071.
437 1923 514 1946 Unde
533 1928 598 1945 vero
620 1921 681 1944 milii
702 1923 780 1949 pater
800 1915 850 1942 tu?
880 1919 928 1940 hoc
947 1915 1031 1944 igitur
1058 1920 1092 1938 an
1113 1919 1165 1936 non
1186 1913 1223 1935 ri-

647 1955 762 1977 diculum
782 1953 844 1976 mihi
863 1947 978 1975 auditu?

345 1992 434 2015 Xutlz.
472 1991 532 2014 Non
550 1989 666 2013 habitum
687 1988 850 2017 colloquium
870 1986 918 2009 tibi
942 1984 1067 2008 iudicarit
1088 1988 1147 2006 mea
1167 1982 1225 2005 sor-

657 2019 729 2045 san?

346 2059 407 2082 Ion.
425 2059 461 2082 Et
479 2058 542 2088 quid
561 2057 622 2081 mihi
641 2057 763 2080 dicturus
783 2051 834 2079 es?

348 2093 438 2117 Xuth.
458 2093 542 2116 Pater
562 2094 624 2114 tuus
644 2097 722 2120 sum,
742 2091 768 2114 et
791 2091 819 2113 tu
838 2089 910 2113 filius
931 2094 1013 2112 meuS.

343 2127 403 2151 Ιοη.
425 2127 492 2156 Quis
511 2126 575 2149 dicit
593 2121 681 2148 haec?

347 2161 436 2185 Xuth.
457 2160 508 2190 Qui
526 2162 553 2184 te
572 2159 640 2182 aluit
659 2158 823 2182 existentem
842 2157 939 2187 Apollo
959 2161 1053 2180 meum.

346 2195 409 2219 Ιοη.
428 2194 623 2218 Testimonium
643 2194 759 2222 praebes
778 2192 826 2215 tibi
845 2191 907 2221 ipsi.

347 2229 436 2253 Xan».
459 2228 507 2252 Dei
527 2228 572 2258 qui
590 2227 683 2251 audivi
702 2227 823 2251 oracula.

346 2263 407 2286 Ion.
428 2262 555 2293 Errasti,
574 2262 700 2291 aenigma
718 2260 844 2284 audiens.

347 2297 436 2320 Xuth.
456 2298 498 2320 An
518 2302 571 2319 non
591 2296 672 2324 plana
690 2290 863 2318 audivimus?

349 2331 410 2354 Ion.
428 2329 478 2353 Hic
496 2335 564 2352 vero
582 2334 673 2352 sermo
692 2329 736 2357 qui
755 2331 797 2351 est
816 2323 939 2352 Phoebi?

348 2364 439 2388 Xuth.
458 2364 541 2389 Eum,
561 2362 606 2392 qui
624 2362 730 2385 obviam
749 2362 875 2385 venisset
893 2360 956 2384 mihi
975 2373 1008 2378 --

351 2398 409 2422 lon.
430 2399 487 2427 Quo
507 2392 646 2420 occursu?

350 2432 439 2455 Xuth.
458 2432 499 2454 Ex
519 2431 642 2454 domibus
662 2429 723 2453 istis
741 2435 855 2460 egresso
874 2428 924 2452 Dei
942 2440 975 2445 --

350 2466 410 2489 Ιυιι.
429 2465 530 2488 Casum
549 2470 627 2493 quem
645 2461 783 2493 adipisci?

351 2499 441 2522 Xuth.
462 2498 558 2521 Filium
579 2504 664 2521 meum
685 2504 757 2522 esse.

351 2533 412 2556 Ion.
432 2532 516 2555 'ruum
536 2534 644 2561 natum,
663 2533 710 2554 aut
729 2532 826 2555 donum
843 2528 975 2555 aliunde?

352 2566 442 2590 Xuth.
461 2566 564 2588 Donum
585 2567 611 2588 te
630 2565 791 2589 existentem
811 2573 844 2589 ex
863 2572 914 2590 me.

352 2600 413 2624 [οη.
432 2599 549 2623 Primum
568 2605 634 2629 ergo
653 2599 715 2622 milii
734 2600 878 2631 coniungis
895 2600 986 2630 pedem
1007 2601 1088 2622 tuum.

350 2634 441 2659 Xuth.
459 2633 518 2657 Nou
536 2633 635 2661 alteri,
655 2633 688 2655 mi
707 2633 754 2658 fili.

351 2668 413 2692 lon.
434 2668 509 2691 Haec
526 2667 637 2690 fortuna
656 2667 787 2691 undenam
807 2665 903 2691 venit?

353 2702 441 2726 Xuth.
460 2702 517 2726 Nos
535 2702 614 2725 ambo
632 2706 711 2723 unum
732 2702 861 2726 miramur
879 2707 981 2726 casum.

791 105 912 141 PHIL.
949 106 1060 141 MEL.
1095 105 1296 140 SCRIPTA
1334 104 1668 140 PfflLOLOGlCA.

2154 106 2251 140 1016

1316 192 1425 226 A’uth.
1454 191 1616 224 Fortasse
1635 202 1670 223 es
1687 191 1864 234 expositus
1880 203 1899 224 a
1917 191 2045 236 puella.

1318 246 1391 276 lon.
1417 241 1535 284 Effugi
1553 241 1771 275 servitutem.

1319 295 1427 327 A‘mh.
1453 293 1596 325 Patrem
1616 304 1711 324 nunc
1726 292 1880 336 suscipe,
1905 305 1925 325 o
1942 293 2001 326 fili.

1320 347 1391 378 Ion.
1428 344 1509 378 Non
1535 343 1700 375 convenit
1725 355 1798 375 non
1823 343 1970 388 obsequi
1995 343 2083 378 Deo.
2145 344 2253 377 Xuth.

1689 394 1802 427 Sanus
1819 407 1854 428 es
1870 401 1973 428 certe.

1323 448 1392 478 Ion.
1421 445 1518 490 Quid
1536 452 1718 488 praeterea
1735 446 1900 479 volumus
1918 445 2038 479 aliud?

1322 497 1430 529 A'edle.
1462 496 1565 529 Nunc
1582 497 1699 536 vides,
1727 509 1816 541 quae
1834 497 2000 529 convenit
2019 503 2051 529 te
2069 497 2188 529 videre
2197 496 2256 541 ⁶⁶).

1322 549 1395 580 Ion.
1421 548 1477 580 An
1497 560 1575 580 sum
1595 554 1699 581 natus
1719 559 1760 580 ex
1774 546 1868 581 Iovis
1885 547 1983 581 filio?
2299 543 2303 545 ⁸

1321 598 1430 632 Xuth.
1457 597 1505 631 Ut
1520 599 1584 631 tibi
1602 599 1745 644 quidem
1764 599 1900 633 accidit.

1272 649 1347 683 560
1375 651 1446 682 Ion.
1470 650 1527 682 An
1544 650 1679 693 attingo
1699 649 1797 688 illos,
1823 651 1884 695 qui
1900 663 1956 684 me
1972 648 2197 694 genuerunt?

1323 701 1432 734 ᾸίιΙΙι.
1462 700 1724 745 obtemperans
1743 700 1831 735 Deo.

1322 753 1395 784 Ion.
1418 751 1540 791 Salve,
1567 765 1587 785 o
1605 759 1716 796 pater.

1321 803 1430 835 Xuth.
1456 802 1568 836 Grata
1586 809 1637 837 est
1651 801 1741 836 mihi
1757 800 1841 835 haec
1860 802 2099 846 compellatio.

1326 856 1398 886 Ion.
1419 852 1464 885 Et
1480 851 1655 887 hodierna
1674 854 1759 888 dies.

1323 905 1432 937 asath.
1456 904 1607 938 Beatum
1626 919 1682 939 me
1698 905 1790 939 fecit.

1325 957 1397 987 Ion.
1430 954 1462 988 O
1487 954 1592 989 chara
1616 964 1750 996 mater,
1774 955 1918 1001 quando
1947 961 1980 987 et
2004 961 2104 987 tuum
2127 953 2260 987 videbis

1694 1005 1848 1051 corpus?

1327 1055 1430 1089 Nunc
1445 1058 1557 1101 magis
1574 1058 1679 1102 cupio
1698 1065 1731 1091 te
1747 1058 1867 1090 videre
1885 1067 1993 1101 quam
2010 1063 2111 1089 antea
2124 1083 2133 1096 ‚
2154 1067 2262 1101 quae-

1688 1120 1826 1153 cunque
1843 1108 1987 1140 tandem
2005 1107 2062 1141 sis.
2190 1114 2193 1117 ’
2218 1139 2222 1141 .

1276 1155 1350 1190 565
1390 1157 1458 1190 Sed
1485 1159 1632 1193 fortasse
1660 1166 1803 1192 mortua
1828 1171 1881 1197 es,
1921 1164 1955 1190 et
1978 1170 2044 1191 nos
2076 1165 2106 1191 te
2139 1158 2260 1191 iuvare

1690 1208 1780 1243 nihil
1796 1221 1993 1254 possumus.

1309 1344 1357 1371 66)
1386 1343 1447 1368 Ion.
1473 1344 1532 1374 Age
1550 1356 1584 1360 —
1603 1342 1707 1369 videre.
1732 1344 1788 1371 (vs.
1807 1341 1996 1371 540-557.)]
2027 1340 2068 1365 sio
2098 1341 2147 1366 Ed.
2170 1341 2261 1371 ¹562.;

1345 1378 1394 1402 Ed.
1418 1377 1509 1402 1558:

1379 1412 1440 1436 Ion.
1460 1413 1544 1440 Hem3
1565 1418 1599 1435 ex
1618 1417 1670 1441 qua
1688 1416 1755 1435 vero
1774 1410 1823 1434 tibi
1841 1412 1930 1435 matre
1947 1412 2028 1435 natus
2046 1405 2125 1434 sum?

1380 1446 1472 1471 Xuth.
1492 1446 1552 1469 Non
1571 1452 1681 1475 possum
1701 1446 1800 1469 dicere.

1379 1480 1440 1504 Ion.
1460 1481 1553 1509 Neque
1571 1480 1696 1503 Phoebus
1715 1476 1804 1503 dixit?

1382 1515 1473 1538 Xntli.
1492 1514 1653 1537 Delectatus
1672 1515 1740 1544 hoc,
1760 1512 1827 1536 illud
1844 1519 1900 1536 non
1918 1513 2096 1543 interrogavi.

1378 1549 1441 1572 Ion.
1460 1549 1501 1571 Ex
1520 1549 1619 1571 tellure
1639 1550 1715 1572 certe
1733 1550 1817 1570 natus
1837 1553 1897 1571 sum
1914 1549 2011 1571 matre.

1380 1583 1472 1608 Xntli.
1491 1583 1550 1606 Non
1570 1583 1642 1611 parit
1660 1583 1744 1605 tellus
1766 1581 1845 1606 filios.

1379 1617 1441 1641 Ion.
1463 1617 1513 1645 Qui
1532 1617 1617 1646 igitur
1635 1617 1686 1639 sim
1705 1612 1790 1639 tuus?

1381 1651 1470 1675 ΧιιΗι.
1491 1651 1606 1679 Nescio:
1626 1650 1719 1674 refero
1738 1654 1806 1673 vero
1826 1649 1860 1672 ad
1879 1649 1975 1673 Deum.

1380 1685 1440 1708 1011.
1461 1686 1535 1714 Age,
1555 1685 1724 1714 attingamus
1743 1689 1886 1707 sermones
1905 1683 1983 1709 alios.

1379 1719 1469 1743 Xutlz.
1493 1720 1551 1742 Hoc
1569 1720 1623 1741 erit
1641 1719 1754 1748 melius,
1774 1723 1790 1741 o
1809 1717 1856 1741 fili.

1380 1754 1442 1778 Ion.
1466 1753 1575 1776 Venisti
1595 1753 1630 1776 ad
1649 1753 1818 1783 illegitimum
1838 1753 1970 1781 quendam
1988 1749 2108 1777 lectum?

1382 1788 1473 1812 Xueli.
1493 1788 1533 1810 Ex
1552 1787 1671 1810 stultitia
1689 1786 1847 1810 iuventutis.

1380 1822 1441 1844 lon.
1460 1823 1614 1849 Antequam
1633 1822 1717 1844 filiam
1737 1826 1852 1849 caperes
1871 1818 2038 1845 Erechthei?

1380 1855 1470 1879 Xutli.
1489 1853 1549 1876 Non
1569 1854 1639 1876 enim
1660 1855 1756 1883 postea
1777 1858 1902 1880 unquam.

1379 1889 1443 1913 Ion.
1462 1887 1592 1911 Nimirum
1613 1887 1671 1910 illic
1690 1893 1733 1910 me
1752 1882 1878 1910 creasti?

1382 1922 1474 1948 Xuth.
1493 1922 1619 1950 Tempori
1636 1921 1730 1950 utique
1750 1919 1887 1944 convenit.

1381 1957 1444 1981 Ion.
1476 1956 1511 1979 Et
1539 1955 1637 1979 deiude
1661 1955 1795 1985 quomodo
1814 1953 1940 1977 venimus
1958 1952 2032 1979 huc?

1682 1995 1787 2013 nescio.

1383 2025 1445 2050 Ion,
1466 2024 1517 2047 Per
1539 2023 1650 2053 longum
1668 2023 1808 2053 profectus
1827 2022 1889 2046 iter.

1383 2059 1473 2083 Xuth.
1499 2057 1574 2080 lstud
1594 2057 1675 2081 etiam
1696 2064 1738 2081 me
1757 2058 1907 2087 perturbat.

1383 2093 1447 2117 Ion.
1465 2092 1507 2116 Ad
1528 2091 1670 2120 Pythicam
1690 2091 1793 2115 venisti
1811 2093 1920 2122 petram
1937 2089 2024 2116 ante?

1383 2127 1474 2151 Xuth.
1496 2126 1537 2149 Ad
1557 2126 1629 2148 festa
1647 2126 1754 2150 Bacchi.

1383 2161 1445 2185 lon.
1465 2159 1635 2184 Publicorum
1654 2160 1789 2190 hospitum
1807 2160 1835 2183 iu
1855 2166 1908 2190 qua
1926 2161 2004 2185 domo
2025 2158 2184 2185 divertisti?

1384 2195 1474 2219 Xuth.
1503 2193 1553 2223 Qui
1572 2200 1614 2217 me
1632 2194 1771 2224 Delphicis
1788 2194 1887 2224 puellis
1905 2207 1939 2213 -

1383 2229 1445 2253 1οη.
1464 2228 1648 2252 consecravit
1665 2230 1709 2257 te,
1726 2229 1775 2252 aut
1793 2229 1926 2257 quomodo
1945 2229 2012 2252 haec
2029 2225 2120 2252 dicis?

1385 2263 1474 2287 Xuthv.
1493 2262 1528 2284 Et
1547 2267 1608 2285 cum
1626 2262 1804 2285 maenadibus
1825 2262 1921 2286 Bacchi
1939 2275 1972 2280 —

1384 2297 1445 2321 Ion.
1472 2295 1597 2319 sobrium
1617 2298 1663 2319 aut
1682 2296 1857 2319 temulentum
1876 2295 2061 2322 existentem?

1385 2331 1476 2355 Xatli.
1505 2329 1602 2353 Bacchi
1618 2331 1726 2359 captum
1744 2330 1896 2359 voluptate,

1383 2365 1444 2389 Ion.
1468 2364 1619 2388 Secundum
1638 2364 1689 2388 hoc
1705 2364 1764 2388 illic
1782 2371 1853 2387 nuuc
1871 2365 1924 2389 sati
1943 2372 2046 2391 sumus.

1386 2398 1475 2424 Xuth.
1495 2398 1592 2421 Fatum
1613 2399 1640 2421 te
1660 2398 1780 2425 invenit,
1801 2404 1815 2421 o
1836 2399 1880 2423 fili.

1384 2433 1444 2457 Ιηη.
1465 2432 1602 2461 Quomodo
1621 2433 1746 2455 vonimus
1764 2438 1831 2455 vero
1851 2434 1885 2456 ad
1904 2431 2026 2463 templa?

1385 2466 1476 2492 Xuth.
1496 2466 1642 2489 Eiecticius
1661 2468 1756 2489 forsan
1773 2467 1888 2495 puellae.

1385 2502 1447 2525 lon.
1464 2499 1615 2527 Effugimus
1635 2502 1807 2525 servitutem.

1385 2534 1474 2560 Xuth.
1495 2533 1603 2557 Patrem
1624 2541 1695 2558 nunc
1713 2535 1839 2565 suscipe,
1858 2535 1905 2560 fili.

1383 2570 1444 2593 Ion.
1463 2568 1546 2597 „Deo
1567 2568 1652 2599 igitur
1671 2575 1724 2592 non
1744 2569 1868 2593 diffidere
1887 2571 2022 2596 convenit.
2062 2574 2151 2598 Xuth.
2173 2576 2261 2597 sanus

1692 2610 1722 2626 es
1741 2605 1824 2627 certe.

1384 2637 1444 2661 Ion.
1472 2634 1533 2666 [Ed.
1557 2637 1629 2659 1558.
1649 2635 1751 2667 Xuth]
1773 2638 1806 2660 Et
1825 2638 1885 2668 quid
1905 2645 2063 2668 cuperemus
2083 2639 2176 2665 aliud?

1383 2670 1474 2696 Xueh.
1500 2668 1560 2700 [Ed.
1582 2671 1655 2694 1558.
1676 2669 1750 2728 1033]
1776 2672 1850 2696 Nunc
1870 2672 1963 2704 videS,
1988 2679 2056 2703 quae
2083 2675 2210 2700 convenit
2236 2679 2261 2700 tc

1689 2712 1716 2728 v¹
1737 2711 1791 2729 ere.

2085 1956 2176 1981 Xuth.
2208 1957 2266 1982 noc
