2373 2980
85 83 160 120 949
556 79 658 115 LXX.

85 171 160 206 360
187 170 258 204 Aut
274 181 396 202 necem
408 196 417 209 ,
445 181 536 215 quae
552 169 666 214 aperit
683 176 805 214 guttur
822 169 940 215 gladio
952 196 961 210 ,

134 222 302 255 Ferream
333 233 397 265 ego
428 220 568 264 adigam
602 220 694 254 intra
726 222 842 256 fauces
866 233 929 266 per
954 233 1078 256 carnes

497 272 680 312 certatim,

137 322 324 356 Victimam
345 322 456 356 tribus
472 321 616 357 Deabus
632 329 665 356 et
680 323 818 368 specui,
847 336 951 369 quem
968 323 1077 368 Nym-

497 371 589 417 phae

135 425 281 458 Honore
300 425 500 458 afficiebant
520 425 614 468 apud
631 425 767 458 stabula
784 425 935 459 Paridis.

138 478 234 511 Chor.
262 476 341 508 Alio
360 476 549 508 avertenda
576 482 657 508 sunt
682 477 744 509 ista
772 477 885 514 mala;
920 483 1001 510 tuae
1025 488 1078 509 res

500 526 590 559 bene
611 539 646 560 se
665 525 858 561 habebunt.

84 577 157 612 365
186 578 259 611 Hel.
287 576 320 609 s)
339 576 449 610 Troia
469 577 587 610 infelix
600 603 608 615 ,

135 629 288 672 Propter
312 629 403 661 facta
428 628 554 661 infecta
581 628 693 673 peris,
734 634 767 661 et
793 628 989 662 sustinuisti
1014 628 1077 661 mi-

507 691 597 713 sera.

132 731 253 764 Venus
271 731 403 770 effecit,
431 737 470 763 ut
487 744 561 764 mea
581 732 674 763 dona
692 736 807 763 essent

131 782 286 816 Multum
305 782 499 826 sanguinis,
516 782 665 815 multum
680 781 786 813 etiam
800 778 1078 825 lachrymarum,

132 832 178 867 Et
197 834 339 867 dolores
355 845 461 877 super
477 834 638 872 dolores,
672 830 875 877 lachrymae
899 843 1005 876 super
1029 832 1078 864 la-

499 882 673 928 cbrymas.

81 935 157 970 370
186 935 332 980 Accepit
348 932 435 967 haec
451 935 542 967 mala
564 935 684 968 Ilium:

132 986 267 1020 Matres
289 985 522 1030 perdiderunt
541 986 650 1024 filios,

130 1037 295 1081 Virgines
315 1048 453 1069 comam

129 1089 365 1125 Abiecerunt,
394 1094 564 1131 cognatae
584 1093 807 1120 mortuorum

130 1140 187 1172 Ad
204 1139 485 1177 Scamandrum,
512 1137 660 1170 fluvium
677 1136 865 1182 Phrygiae.

81 1188 158 1225 375
187 1190 336 1224 Graecia
356 1188 490 1232 ingenti
513 1189 667 1220 clamore

132 1240 296 1275 Insonuit
311 1247 346 1273 et
358 1239 526 1277 ululavit,

133 1293 262 1326 Manus
278 1291 384 1335 capiti
397 1290 587 1334 imposuit,

131 1343 339 1387 Virginibus
355 1348 495 1375 teneras
513 1353 620 1383 genas

133 1393 342 1436 Concerpsit
359 1393 521 1424 letalibus
538 1391 661 1434 plagis.

81 1444 156 1478 380
183 1444 216 1478 Ο
231 1444 314 1477 felix
334 1443 370 1475 in
387 1442 539 1475 Arcadia
560 1442 644 1473 olim
665 1440 763 1483 virgo

132 1496 264 1529 Calisto
277 1523 285 1535 ‚
313 1506 404 1540 quae
425 1493 537 1527 cubile
555 1492 648 1526 lovis

132 1546 333 1581 Ascendisti
351 1544 642 1590 quadrupedibus
661 1542 829 1576 membris
841 1541 903 1586 2⁹):

133 1600 279 1643 Quanto
295 1596 433 1630 felicior
448 1608 482 1629 es
500 1601 614 1628 matre
631 1606 709 1627 mea
727 1594 732 1626 !

132 1649 180 1683 Et
196 1661 286 1695 quae
302 1648 418 1681 forma
434 1645 569 1680 hirsuta
587 1646 831 1678 membrorum
851 1644 1006 1676 ferarum

83 1699 157 1736 385
184 1700 295 1734 Truci
311 1700 497 1743 adspectu,
525 1698 636 1740 figura
654 1697 814 1733 leaenae,

134 1751 280 1786 Mutasti
297 1757 330 1784 et
347 1749 469 1783 finiisti
487 1748 646 1782 dolores!

133 1804 252 1849 Quam
269 1802 386 1835 Diana
404 1801 504 1834 eiecit
524 1806 619 1833 extra
639 1811 741 1833 suum
760 1794 908 1829 chorum
921 1822 929 1835 ,

134 1856 284 1889 Cervam
307 1851 498 1886 habentem
517 1863 623 1885 aurea
644 1859 798 1887 cornua,
831 1848 940 1880 filiam
958 1846 1075 1880 Mero—

443 1904 497 1948 pis
510 1929 519 1943 ,
547 1902 607 1948 qui
623 1902 690 1935 fuit
710 1912 801 1934 unus
819 1912 860 1932 ex
876 1898 1075 1933 Titanibus,

133 1957 287 2000 Propter
305 1968 420 1988 meam
440 1952 742 1999 pulchritudinem
763 1963 881 1984 meum
898 1962 1026 1994 corpus

83 2009 157 2043 390
184 2007 346 2041 Perdidit

134 2060 307 2103 Pergama
326 2057 485 2091 Troiana
498 2082 506 2094 ‚

133 2110 179 2144 Et
200 2111 346 2143 miseros
363 2109 531 2142 Graecos.

134 2193 408 2243 [Menelaus‚
436 2194 573 2230 Anus,
601 2190 781 2231 Helena,
809 2190 1024 2226 Nuntius,

477 2237 677 2286 Chorus]

134 2315 231 2348 Men.
259 2311 291 2345 Ο
309 2311 371 2357 qui
387 2310 477 2343 circa
496 2308 615 2343 Pisam
628 2305 805 2340 Oenomai
825 2305 1074 2351 quadriiugum

135 2364 326 2398 Certamen
344 2361 457 2395 vicisti
473 2360 667 2406 aliquando
685 2358 833 2401 Pelops,

84 2414 158 2450 395
185 2415 333 2449 Utinam
352 2419 454 2453 tunc,
482 2412 626 2457 quando
645 2408 849 2443 convivium
874 2407 965 2439 inter
983 2405 1077 2440 Deos

132 2467 301 2500 Faciebas
321 2476 528 2510 persuasus,
555 2463 647 2494 inter
660 2461 755 2494 Deos
773 2465 933 2492 mortuos
951 2469 1053 2497 esses,

134 2518 347 2563 Priusquam
366 2526 552 2560 generares
568 2519 704 2558 patrem
723 2523 842 2545 meum
858 2510 1005 2543 Atreum
1018 2535 1027 2548 ,

120 2652 167 2679 2⁹)
189 2652 406 2682 quadrupedibus
425 2648 569 2678 memhris]
589 2647 633 2671 his
649 2647 675 2670 in
690 2646 872 2674 man-andin.
890 2645 980 2673 1558„
1005 2643 1077 2667 1562.

155 2686 293 2716 adscripta
309 2688 352 2710 est
378 2684 542 2715 explicatioz
567 2683 594 2706 in
612 2687 704 2705 ursam
725 2682 836 2705 mutata.

711 77 1108 117 INTERPRETATIO
1142 79 1366 116 HELENAE
1403 80 1651 117 EURIPIDIS.

2049 91 2122 126 950

1181 170 1251 215 Qui
1270 182 1311 203 ex
1328 171 1469 215 Aerope
1488 170 1610 214 genuit

1181 222 1382 255 Menelaum
1401 228 1434 255 et
1448 221 1773 266 Agamemnonem,
1802 222 1979 272 egregium
2001 245 2082 276 pam

1130 272 1205 307 400
1231 273 1429 307 Maximum
1452 273 1565 315 enim,
1595 277 1720 316 credo,
1749 277 1838 321 (non
1867 277 1934 313 hoc
1961 283 2038 316 dico
2067 298 2119 318 ar-

1540 328 1726 370 roganter)

1181 374 1381 408 Exercitum
1407 379 1449 409 ad
1467 377 1615 410 Troiam
1634 379 1741 412 remis
1760 381 1913 414 traduxit

1180 425 1254 458 Rex
1266 452 1274 465 ,
1301 427 1438 459 nullum
1456 439 1533 460 cum
1553 429 1705 472 imperio
1723 431 1872 471 ducens,

1181 476 1246 510 Sed
1266 477 1444 521 imperans
1463 479 1663 513 volentibus
1683 479 1869 515 iuvenibus
1888 484 2069 521 Graeciae.

1179 527 1372 562 Possumus
1390 541 1581 562 numerare
1600 542 1659 564 eos
1671 557 1680 571 ‚
1709 531 1769 576 qui
1786 533 1978 575 perierunt.

1131 576 1205 612 405
1232 579 1303 611 Alii
1322 579 1472 613 libenter
1487 581 1654 624 fugerunt
1672 594 1689 614 e
1706 583 1815 622 mari,

1181 629 1349 663 Ferentes
1365 632 1513 664 domum
1528 632 1676 665 nomina
1691 640 1929 669 mortuorum.

1181 681 1227 713 At
1245 692 1307 724 ego
1325 694 1431 725 supra
1449 684 1562 716 undas
1580 684 1732 717 caerulei
1751 685 1858 718 maris

1183 732 1292 765 Miser
1308 745 1408 773 erro,
1434 746 1475 766 ex
1496 746 1566 779 quo
1586 740 1747 779 tempore
1764 735 1817 768 Ilii

1182 783 1316 816 Turres
1335 784 1510 828 cepimus,
1538 792 1571 818 et
1588 786 1692 830 cupio
1711 787 1833 820 venire
1851 787 1886 820 in
1904 790 2055 833 patriam

1130 832 1204 867 410
1231 834 1313 868 Non
1332 847 1473 878 possum
1493 834 1559 868 hoc
1581 838 1749 883 consequi
1767 850 1784 870 a
1805 838 1893 873 Diis.

1181 884 1275 918 Loca
1292 887 1427 920 deserta
1444 886 1597 932 Libyae,
1626 895 1659 920 et
1668 888 1714 934 ³⁰)
1735 889 1950 926 munitiones
1966 892 2122 939 inhospi-

1546 939 1632 972 tales

1181 987 1315 1021 Omnes
1333 988 1421 1027 adii;
1451 995 1483 1021 et
1501 991 1645 1034 quando
1664 1002 1776 1035 prope
1794 993 1946 1036 patriam
1964 1009 2038 1028 sum
2052 1024 2059 1035 ‚

1180 1038 1315 1072 Ventus
1335 1052 1390 1072 lue
1408 1052 1529 1074 rursus
1548 1040 1673 1081 reiicit,
1701 1049 1733 1075 et
1749 1045 1909 1077 nondum
1928 1050 2121 1081 secundum

1543 1104 1684 1125 cursum

1181 1141 1305 1173 Velum
1327 1139 1468 1182 babuit,
1494 1148 1533 1175 ut
1550 1143 1708 1176 venirem
1727 1144 1763 1177 in
1784 1146 1949 1189 patriam.

1130 1191 1204 1228 415
1230 1192 1274 1225 Et
1290 1205 1382 1226 nunc
1400 1193 1507 1226 miser
1525 1205 1589 1237 ego
1606 1196 1799 1240 naufragus
1817 1198 1953 1232 amissis
1970 1201 2090 1235 amicis

1180 1244 1319 1277 Eiectus
1337 1257 1413 1277 sum
1442 1245 1477 1277 in
1504 1243 1595 1277 banc
1618 1251 1769 1285 terram3
1808 1249 1907 1283 navis
1931 1257 2048 1284 autem
2080 1256 2122 1286 ad

1545 1308 1626 1329 saxa

1182 1347 1302 1380 Multis
1318 1347 1474 1380 numeris
1491 1348 1760 1391 naufragiorum
1780 1350 1886 1383 fracta
1907 1353 2023 1398 est3¹).

1182 1398 1348 1430 Carinam
1367 1396 1586 1442 adprehendi
1610 1411 1650 1431 ex
1669 1401 1786 1433 multis
1806 1402 1952 1441 tabulis,

1179 1448 1217 1481 In
1236 1450 1364 1493 quibus
1383 1457 1524 1492 praeter
1541 1462 1638 1494 spem
1661 1451 1718 1483 vix
1736 1460 1894 1486 servatus
1912 1468 1987 1487 sum
2002 1482 2009 1493 ‚

1129 1499 1203 1535 420
1232 1500 1276 1532 Et
1292 1500 1424 1532 Helena
1439 1527 1447 1539 ,
1477 1513 1582 1545 quam
1601 1498 1714 1534 habeo
1733 1504 1920 1537 abductam
1940 1518 1956 1538 a
1975 1506 2097 1541 Troia.

1180 1552 1320 1586 Nomen
1337 1552 1510 1595 regionis,
1539 1558 1572 1584 et
1594 1553 1765 1596 populum

1175 1602 1322 1647 Ignor03
1350 1603 1477 1647 puduit
1495 1603 1588 1636 enim
1606 1616 1663 1636 me
1680 1605 1801 1638 venire
1827 1608 1870 1639 ad
1895 1608 2034 1641 turbam
2061 1607 2124 1641 ho-

1548 1667 1685 1688 minum
1699 1682 1707 1695 ‚

1180 1705 1229 1737 Ut
1244 1711 1423 1749 spectarer
1442 1706 1604 1739 laceratis
1623 1706 1659 1738 in
1677 1707 1831 1741 vestibus
1843 1735 1851 1746 ,

1180 1756 1426 1789 Occultantem
1479 1764 1564 1801 prae
1616 1758 1752 1801 pudore
1807 1771 1902 1792 meas

1540 1808 1727 1853 „Quando
1747 1810 1840 1843 euim
1862 1811 1916 1843 vir

1130 1857 1203 1893 425
1233 1858 1415 1902 „Magnus
1439 1859 1474 1891 in
1501 1859 1662 1893 miserias
1688 1861 1831 1901 incidit,
1868 1862 1905 1894 iu
1929 1862 2038 1896 animi
2064 1865 2123 1896 ab·

1542 1910 1730 1945 iectionem

1181 1959 1338 2000 „Incidit
1355 1962 1588 2002 deteriorem,
1617 1975 1723 2007 quam
1741 1965 1787 2004 is,
1824 1964 1884 2009 qui
1909 1964 2047 2008 pridem
2075 1973 2125 2000 est

1545 2014 1678 2047 infelix.

1181 2063 1376 2097 Necessitas
1394 2076 1448 2097 me
1468 2064 1594 2103 vincit;
1621 2077 1704 2098 nam
1726 2078 1841 2111 neque
1859 2066 1976 2099 cibum
1997 2065 2122 2107 habeo,

1180 2115 1303 2160 Neque
1323 2122 1454 2149 vestem
1473 2117 1562 2149 circa
1583 2128 1729 2161 corpus,
1757 2119 1845 2151 sicut
1865 2124 1913 2151 est
1936 2118 2121 2153 coniicere.

1178 2166 1298 2209 Tegor
1317 2167 1458 2201 eiiectus
1473 2180 1493 2214 9
1511 2167 1662 2213 navim).

1952 1761 2124 1797 miserias.

1163 2282 1212 2310 30)
1233 2283 1275 2311 et]
1295 2282 1335 2305 sic
1354 2283 1403 2310 (z
1423 2280 1515 2310 Eurip.
1541 2278 1578 2310 τ’)
1598 2281 1647 2306 Ed.
1668 2281 1760 2309 1558.;
1789 2281 1815 2304 in
1836 2282 1885 2305 Ed.
1904 2283 1976 2306 1562.
1999 2284 2085 2309 deest,

1161 2326 1210 2354 31)
1228 2325 1320 2349 fracta
1338 2325 1397 2353 est]
1416 2324 1455 2347 sic
1474 2326 1521 2352 (=
1537 2323 1630 2353 Eurip.
1649 2322 1778 2355 ἄγνυται)
1795 2325 1879 2348 Editt.
1899 2328 2018 2355 recent.;
2038 2328 2120 2353 Editt.

1200 2360 1292 2389 1558.,
1312 2359 1386 2382 1562.
1407 2359 1492 2382 male:
1520 2359 1593 2382 facta
1611 2360 1662 2383 est.

1163 2404 1210 2431 32)
1229 2403 1300 2426 siout
1314 2403 1355 2425 est
1368 2401 1512 2426 coniicere.
1542 2401 1632 2430 Tegor
1647 2401 1749 2424 eiectus
1765 2408 1779 2424 e
1794 2401 1881 2429 navi]
1895 2401 1934 2425 sic
1943 2402 2025 2426 Editt.
2038 2404 2120 2431 1558„

1199 2437 1292 2467 1562.;
1317 2437 1413 2465 Bam,
1432 2436 1553 2465 Musgn:
1579 2436 1636 2458 Hoc
1654 2436 1744 2458 autem
1763 2436 1900 2459 coniicere
1917 2436 2007 2460 Licet:
2039 2438 2118 2462 navis

1196 2473 1272 2496 enim
1290 2470 1464 2502 fraqmentis
1483 2469 1615 2493 eiecticiis
1640 2470 1774 2500 [Musgr.:
1809 2470 1888 2493 navis
1914 2470 2116 2500 eiectamentis]

1196 2508 1294 2536 tegor,
1318 2504 1391 2527 Fix.:
1417 2504 1466 2527 sed
1483 2504 1557 2533 ipsas
1574 2503 1711 2527 conficere
1727 2504 1805 2527 Licet
1823 2504 1874 2528 has
1893 2511 1954 2528 esse
1971 2506 2051 2529 navis
2071 2511 2118 2529 re-

1199 2540 1298 2570 liquias
1318 2538 1420 2562 eiectas
1438 2538 1534 2568 quihus
1554 2539 1641 2568 tegor.
1661 2549 1694 2555 —
1730 2538 1790 2563 Hae
1808 2538 1891 2563 Editt.
1910 2544 2004 2562 onmes
2023 2540 2117 2564 eadem

1198 2575 1283 2597 verba
1300 2579 1342 2604 gr.
1363 2572 1516 2602 exprimunt
1534 2578 1587 2595 uuo
1609 2574 1730 2602 excepto.
1767 2574 1850 2596 Barn.
1875 2573 1947 2596 enim
1966 2575 1992 2596 et
2010 2575 2116 2604 Musgr.

1199 2607 1300 2639 (aeque
1315 2613 1348 2631 ac
1360 2607 1507 2641 EdLBasil.
1527 2606 1617 2634 1551.)
1634 2607 1733 2631 habent
1751 2605 1872 2639 ἐκβόλοις
1890 2608 2116 2638 [eiectamentis],

1200 2643 1257 2666 Fix.
1275 2639 1367 2673 ἔκβαλ’
1387 2643 1427 2669 οἱς
1446 2641 1593 2671 [reliquias
1618 2641 1737 2671 eiectas,
1769 2642 1898 2672 quibus],
1931 2642 2115 2673 Editt.1558.‚

1201 2677 1274 2701 1562.
1293 2678 1385 2701 autem
1402 2677 1515 2700 vertunt
1532 2673 1642 2707 ἔκβολος
1660 2676 1800 2705 [eiectus]

1417 2710 1499 2745 60*
