2373 2980
71 65 145 100 897
514 58 666 95 LXVIII.
724 59 1123 97 INTERPRETATIO
1157 62 1384 98 CYCLOPIS
1418 64 1670 103 EURIPIDIS.
2038 77 2111 111 898

126 152 236 196 Ulyss.
262 147 309 181 Et
325 146 453 180 deinde
470 152 505 180 et
520 152 554 179 te
570 153 604 180 et
620 147 753 181 amicos
771 153 804 181 et
820 160 939 181 senem
1090 159 1095 172 f
1167 150 1265 184 Affer
1283 148 1391 192 mihi,
1418 149 1568 197 hospes,
1596 155 1683 188 affer
1700 161 1816 190 utrem
1837 171 1877 192 ex
1895 165 2011 194 antro.

71 201 144 237 465
172 201 212 235 In
225 199 326 233 navis
341 198 463 243 nigrae
482 210 604 231 cavam
622 199 797 233 collocans
813 197 981 244 scapham
995 225 1003 240 ‚
1169 203 1266 237 Gltor.
1294 201 1488 238 Pulchrum
1507 206 1618 240 oculis
1633 207 1756 242 videns

120 252 329 298 Duplicibus
346 251 453 284 remis
470 261 510 282 ex
526 247 592 283 hac
608 251 805 283 emitterem
823 257 929 285 terra.
1117 251 1191 287 510
1218 253 1271 286 Ex
1291 252 1438 298 pulchra
1456 258 1635 300 egreditur
1650 259 1742 293 aula.

120 307 216 340 Ghor.
244 302 325 335 Erit
342 302 450 345 igitur
466 307 638 346 tanquam
658 314 699 335 ex
715 302 857 336 foedere
876 302 963 341 Dei,
1164 305 1273 337 Amat
1290 306 1417 351 aliquis
1439 320 1515 342 nos.

119 355 164 389 Et
179 367 242 399 ego
265 354 435 398 accipiam
457 360 702 386 excaecantem
721 355 841 388 oculos
1168 355 1265 389 Sicut
1280 355 1399 400 lychni
1417 358 1551 392 incensi
1568 361 1731 394 ardentes
1741 361 1787 407 Ἡ)
1800 389 1807 401 ,
1840 369 1938 397 tuum

119 407 290 444 Torrem;
320 405 436 438 caedis
456 404 548 437 enim
568 402 672 439 huius
688 406 803 440 socius
823 418 895 439 esse
914 406 1007 438 volo.
1168 406 1325 451 Corpus,
1354 415 1387 440 et
1403 409 1493 442 sicut
1513 416 1634 444 tenera
1651 412 1810 457 nympha

69 458 142 493 470
176 459 285 503 Ulyss.
320 456 370 490 lta
390 468 532 489 necesse
551 462 621 496 est,
650 458 732 502 quia
750 470 899 502 magnus
916 463 967 490 est
992 463 1063 489 tor-
1167 456 1263 491 Inter
1278 458 1399 491 rorida
1415 466 1530 494 antra.

192 510 260 549 ris,
289 521 394 554 quem
414 514 446 541 te
468 507 572 540 simul
590 507 892 552 comprehendere
911 514 1062 552 oportet.
1117 507 1191 543 515
1220 509 1446 544 Coronarum
1464 524 1549 544 vero
1567 523 1640 543 non
1658 524 1748 547 unus
1767 516 1864 548 color

120 562 216 595 Clwr.
246 561 424 594 Curruum
444 565 585 592 centum
606 561 738 603 possim
759 561 882 594 tollere
902 561 1062 604 pondus,
1169 560 1270 594 Circa
1292 568 1392 594 tunm
1412 569 1518 607 caput
1534 563 1604 594 iam
1626 563 1695 596 cito
1714 565 1792 599 erit.

118 612 155 645 Si
173 612 337 658 Cyclopis
356 612 447 644 male
467 610 617 655 perituri
1171 613 1280 657 Ulyss.
1309 613 1479 658 Cyclops,
1508 614 1610 654 audi,
1639 615 1720 659 qnia
1746 628 1809 659 ego
1829 617 1957 652 Bacchi

119 664 270 697 Oculum
284 690 293 703 ,
328 670 500 708 tanquam
525 662 649 695 nidum
679 674 866 706 vesparum
880 690 887 701 ,
932 662 1061 706 poteri-
1168 664 1280 698 Huius
1299 665 1461 698 minister
1475 678 1552 698 sum
1565 692 1573 705 ‚
1602 678 1706 710 quem
1726 667 1918 701 bibendum
1938 673 2019 705 dedi
2036 674 2110 707 tibi,

481 726 560 746 mus
581 713 722 746 elidere.
1167 717 1256 760 Cycl.
1283 714 1444 750 Bacchus
1463 729 1547 749 vero
1568 717 1646 761 quis
1662 717 1758 751 Deus
1777 721 1945 763 putatur?

122 766 231 810 Ulyss.
260 766 392 799 Tacete
408 777 520 802 nunc;
556 764 742 797 consilium
761 764 854 796 enim
872 765 985 804 scitis,
1117 764 1191 801 520
1223 768 1332 811 Ulyss.
1361 767 1538 802 Maximus
1560 765 1765 803 hominibus
1784 772 1827 803 ad
1856 772 2112 809 iucunditatem

68 814 142 850 475
169 816 214 849 Et
232 818 376 862 quando
396 817 500 849 iubeo
526 815 825 859 gubernatoribus
1089 819 1090 856 j
1530 820 1634 853 vitae.

118 867 270 906 Parere;
300 880 363 911 ego
381 868 475 901 enim
494 867 590 899 viros
607 865 813 911 relinquens
831 865 978 907 charos,
1170 870 1258 913 Cycl.
1286 869 1418 903 Eructo
1434 871 1541 914 igitur
1560 884 1639 903 enm
1660 873 1816 905 suaviter
1834 886 1910 918 ego.

118 918 190 963 Qui
207 919 301 953 intus
318 925 417 959 sunt,
445 929 519 951 non
536 917 617 950 volo
636 917 732 951 solus
747 919 909 952 evadere.
1089 945 1090 958 ¹
1171 922 1280 964 Ulyss.
1326 921 1424 956 Talis
1453 922 1549 956 Deus
1582 929 1651 963 est,
1694 924 1874 958 neminem
1910 927 2019 960 laedit
2051 926 2114 961 ho-

118 970 348 1016 Quamquam
372 981 511 1014 possem
536 968 711 1012 effugere,
747 975 780 1001 et
804 982 962 1014 egressus
985 984 1060 1006 sum
1529 974 1681 1008 minum.

475 1032 516 1053 ex
538 1020 805 1063 antriangulis;
1089 1061 1090 1068 ἵ
1168 1025 1256 1067 (ῪμοΙ.
1292 1023 1388 1058 Dens
1426 1025 1461 1057 in
1492 1032 1571 1058 utre
1601 1027 1784 1070 quomodo
1808 1028 1961 1063 laetatur
1990 1030 2113 1064 vinum

117 1073 185 1105 Sed
205 1071 376 1105 iniustum
394 1077 445 1105 est
463 1071 724 1116 relinquentem
742 1072 856 1105 socios
876 1085 994 1115 meos,
1527 1074 1685 1110 habens?

66 1122 141 1157 480
169 1122 259 1156 Cum
277 1123 406 1168 quibus
424 1123 505 1155 veni
524 1120 611 1163 huc,
640 1122 794 1166 effugere
811 1123 938 1158 solum.
1089 1148 1091 1158 ,
1169 1126 1277 1168 Ulyss.
1305 1125 1517 1172 Ubicunque
1535 1128 1637 1172 ponit
1655 1128 1795 1174 aliquis,
1821 1131 1867 1163 ibi
1885 1138 1935 1165 est
1953 1132 2115 1167 libenter.

118 1175 216 1209 Clwr.
244 1174 316 1217 Age
335 1174 413 1219 quis
431 1174 580 1217 primus,
609 1174 688 1218 quis
705 1186 790 1207 vero
809 1182 889 1219 post
906 1177 1061 1221 primum
1089 1199 1090 1210 ¹
1117 1175 1191 1210 525
1221 1178 1310 1220 Cycl.
1347 1177 1428 1211 Non
1456 1186 1597 1223 oportet
1623 1178 1738 1213 Deum
1766 1194 1894 1226 corpus
1920 1181 2050 1217 habere
2079 1186 2113 1218 in

117 1224 315 1258 Ordinatus
332 1231 464 1257 torrem
485 1224 636 1268 ignitum
657 1222 808 1265 vehens,
1529 1231 1691 1274 pellibus.

117 1274 213 1308 Intra
232 1276 395 1321 Cyclopis
415 1276 602 1319 palpebras
618 1275 824 1317 intrudens,
1173 1280 1280 1322 Ulyss.
1311 1279 1405 1324 Quid
1419 1308 1428 1321 ,
1456 1281 1484 1315 si
1504 1287 1537 1314 te
1556 1282 1678 1315 vinum
1705 1283 1874 1324 delectat,
1910 1298 1956 1318 an
1982 1287 2115 1321 utricu-

67 1325 141 1361 485
170 1327 314 1361 Clarum
335 1327 475 1361 oculum
494 1327 714 1370 perforabit?
767 1325 943 1364 *Semiclu
972 1330 1063 1363 Can-
1533 1334 1586 1366 lus
1601 1339 1634 1366 te
1653 1334 1827 1367 offendit?

472 1378 580 1410 ticum
601 1385 651 1411 est
670 1378 784 1416 intus;
980 1375 985 1378 χ
1089 1374 1091 1431 ἓ
1169 1383 1257 1425 (lyr-I.
1286 1381 1356 1414 Odi
1376 1389 1489 1416 utrem
1502 1411 1510 1423 ‚
1539 1386 1597 1418 sed
1618 1391 1740 1428 potum
1759 1398 1839 1419 amo
1858 1386 1977 1422 istum.

116 1429 233 1469 Tace,
260 1434 348 1461 tace.
401 1426 513 1473 Atqui
538 1429 656 1463 ebrius
1172 1435 1280 1476 L'lyss.
1319 1433 1468 1468 Manens
1496 1435 1603 1479 igitur
1629 1434 1685 1469 hic
1709 1437 1808 1477 bibe,
1850 1444 1884 1471 et
1908 1439 1953 1473 sis
1980 1437 2115 1479 hilaris,

116 1478 281 1524 Ineptum
301 1491 446 1512 carmen
467 1491 599 1513 canens
1089 1496 1091 1501 ’
1531 1487 1693 1532 Cyclops.

117 1531 226 1564 Teter
239 1558 248 1571 ,
277 1530 451 1564 absurdus
470 1536 504 1563 et
520 1531 726 1574 ploraturus
1167 1536 1253 1578 Cyel.
1285 1535 1366 1569 Non
1385 1544 1529 1582 oportet
1545 1551 1600 1572 me
1623 1540 1791 1573 fratribus
1817 1538 1910 1574 hunc
1933 1541 2114 1587 impertire

118 1581 285 1615 Procedit
302 1588 398 1615 extra
416 1593 557 1615 saxeam
578 1583 738 1616 domum.
1089 1623 1091 1628 Ι
1536 1590 1686 1634 potum?

68 1634 142 1670 490
169 1633 242 1678 Age
261 1633 377 1678 ipsum
393 1633 565 1667 conviviis
581 1634 777 1668 cicuremus
1118 1636 1191 1670 530
1225 1639 1334 1682 Ulyss.
1364 1639 1506 1675 Habens
1524 1641 1618 1674 enim
1637 1642 1711 1687 ipse
1728 1641 1943 1678 honoratior
1959 1645 2038 1680 eris.

117 1686 268 1723 Ferum;
1170 1691 1257 1732 Cycl.
1289 1689 1496 1735 impertiens
1514 1699 1633 1726 autem
1653 1695 1794 1735 amicis,
1823 1696 1946 1729 utilior
1964 1710 2037 1732 ero.

118 1737 277 1770 Omnino
294 1735 361 1767 erit
380 1747 514 1769 caecus.
1173 1742 1282 1784 L'l'yss.
1319 1742 1462 1786 Pngnas
1494 1744 1697 1779 convivium
1710 1773 1719 1786 ‚
1774 1747 1933 1780 convicia
1967 1761 2006 1781 ac
2040 1749 2116 1782 lites

117 1789 262 1823 Semich.
291 1786 441 1826 Beatus,
469 1786 529 1832 qui
547 1784 740 1821 bacchatur
1090 1790 1091 1798 ¹
1533 1803 1641 1830 amnt·

117 1840 220 1873 Botri
240 1840 284 1872 ad
302 1836 428 1871 charos
445 1838 580 1878 sontes,
1170 1845 1258 1887 Cyel.
1287 1845 1373 1877 Sum
1392 1846 1528 1885 ebrius;
1557 1854 1678 1880 tamen
1694 1860 1800 1881 nemo
1820 1855 1940 1893 tanget
1960 1864 2026 1884 me.

67 1890 141 1925 495
169 1890 208 1924 In
225 1889 391 1923 convivio
410 1889 546 1928 iacens,
1089 1891 1092 1949 ἶ
1173 1897 1281 1938 Ulyss.
1311 1897 1404 1939 Age,
1433 1904 1556 1942 potum
1576 1906 1718 1942 oportet
1733 1900 1831 1932 domi
1848 1913 2004 1936 manere.

119 1943 261 1976 Socium
279 1942 317 1974 in
334 1941 520 1985 complexu
540 1947 662 1973 tenens
675 1966 682 1980 ‚
1090 1952 1091 1994 J
1118 1944 1191 1979 535
1221 1948 1311 1991 Cycl„
1338 1948 1473 1983 Stultus
1491 1956 1560 1990 est,
1595 1951 1656 1995 qui
1675 1951 1799 1985 bibens
1817 1964 1891 1985 non
1908 1953 2114 1988 sodalitium

119 1994 164 2027 Et
180 1994 216 2026 in
232 1993 322 2026 lecto
340 1992 472 2025 flavum
1090 2000 1091 2022 ἰ
1526 2008 1634 2035 amat,

119 2046 300 2078 Delicatae
320 2050 443 2076 tenens
461 2042 577 2076 sociae
1090 2047 1091 2061 ³
1173 2050 1281 2093 Ulyss.
1311 2050 1382 2094 Qui
1399 2051 1517 2086 ebrius
1534 2053 1633 2085 domi
1648 2059 1788 2093 manet,
1817 2054 1921 2100 est25)
1939 2056 2090 2100 sapiens.

119 2096 318 2141 Unguentis
337 2095 515 2128 delibutus
1020 2143 1026 2149 ¹
1089 2099 1091 2155 ἔ
1168 2102 1255 2143 cycl.
1285 2100 1381 2145 Quid
1400 2104 1555 2147 agimus,
1584 2104 1701 2137 Silene
1714 2130 1723 2145 ‚
1749 2104 1860 2138 tibine
1883 2107 2022 2139 videtur
2041 2119 2115 2140 ma-

67 2148 141 2184 500
171 2147 368 2192 Capillumg
403 2151 508 2180 sonat
527 2143 669 2189 aliquis:
698 2143 807 2176 Fores
829 2143 906 2188 quis
929 2150 1064 2188 aperiet
1090 2163 1091 2196 3
1527 2156 1684 2189 nendum
1705 2155 1802 2190 esse?

486 2194 600 2229 mihi?
1169 2203 1291 2249 Sil.²⁶)
1320 2203 1490 2243 videtum
1517 2207 1604 2252 quid
1622 2207 1716 2240 enim
1743 2219 1832 2251 opus
1857 2215 1909 2243 est
1933 2209 2010 2243 aliis
2031 2222 2114 2242 con-

639 2282 645 2289 .
1009 2279 1026 2294 -ι
1089 2283 1091 2296 <
1531 2258 1639 2297 vivis,
1669 2258 1844 2303 Cyclops?

108 2284 333 2331 [CyclopS,
368 2283 566 2326 Ulysses'
596 2282 796 2320 S‘le'ms’
827 2282 997 2315 θήοῃιε·
1010 2296 1025 2327 j
1090 2298 1091 2303 ¹
1169 2306 1258 2348 Cyel.
1295 2305 1340 2339 Et
1369 2307 1512 2352 quidem
1546 2307 1735 2342 herbidum
1768 2317 1819 2343 est
1849 2311 1963 2344 solum
1994 2312 2111 2345 floridi

123 2352 212 2396 Cycl„
239 2350 359 2394 Papae
372 2376 380 2389 ,
408 2347 500 2393 proh
513 2376 522 2390 ,
542 2348 660 2382 ebrius
1527 2360 1710 2403 graminis,

121 2403 253 2436 Laetor
267 2402 309 2434 de
326 2399 394 2433 hoc
412 2401 516 2444 epulo
536 2401 724 2439 iuvenum,
1122 2426 1225 2430 *A
1252 2429 1328 2432 *fl

120 2456 217 2488 Sient
235 2465 335 2486 navls
353 2464 390 2484 ln
405 2452 516 2484 fundo
535 2452 690 2509 repletps
813 2503 818 2508 ,
1089 2489 1091 2513 ;
1151 2482 1199 2509 24)
1218 2484 1293 2506 sicut
1312 2482 1406 2513 lychni
1424 2483 1529 2506 incensi
1548 2485 1693 2512 ardentes]
1716 2485 1755 2509 sic
1778 2487 1892 2516 scu-ipsu
1922 2488 2004 2512 Editt.
2025 2489 2110 2514 1558..

122 2506 242 2551 Usque
259 2505 304 2537 ad
321 2503 518 2537 tabulatum
542 2508 675 2536 ventris
690 2515 831 2536 Slli‘nml.
1189 2517 1263 2541 1562.
1285 2518 1360 2541 stent
1380 2518 1497 2547 lychnos
1517 2519 1644 2542 incensos
1664 2520 1811 2549 ardentes;
1849 2522 1944 2546 Barn.:
1969 2524 2110 2547 Lacernae

71 2556 144 2592 505
171 2556 301 2590 Educit
318 2567 374 2588 me
394 2554 548 2587 ambitus
565 2551 690 2587 hilaris
1185 2553 1275 2574 autem
1294 2553 1328 2576 ut
1345 2557 1480 2575 accensae
1498 2554 1525 2577 et
1543 2554 1682 2578 ardentes.

289 2607 296 2614 .
326 2607 334 2613 .
699 2617 704 2623 ,
1151 2593 1198 2625 25)
1219 2595 1275 2623 est]
1295 2595 1335 2619 Sic
1352 2595 1437 2619 Editt.
1458 2596 1532 2620 1562.
1553 2597 1580 2620 et
1598 2599 1730 2626 recentt.;
1756 2598 1804 2622 Ed.
1822 2598 1895 2621 1558.
1916 2598 1948 2623 ei.

120 2609 175 2644 Ad
194 2619 398 2641 ⁰⁰¹¹V¹V¹¹¹m
416 2617 524 2639 verna
544 2611 752 2649 tempesmoe
1089 2641 1091 2664 γ’
1151 2637 1199 2662 26»
1217 2638 1284 2666 sa]
1315 2638 1355 2661 sic
1381 2638 1463 2661 Editt.
1489 2640 1563 2663 1562.
1588 2642 1615 2663 et
1640 2642 1754 2665 recena.
1784 2647 1870 2671 aeque
1896 2646 1926 2664 ac
1953 2642 2002 2667 Ed.
2028 2642 2111 2668 nasa.

120 2661 176 2695 Ad
193 2659 363 2705 Cyclopes
379 2659 517 2691 fratres.
1188 2673 1279 2701 1551.;
1305 2673 1351 2698 Ed.
1369 2673 1443 2698 1558.
1466 2674 1556 2702 mys-s.

71 2719 253 2750 Mamm.
278 2717 384 2748 Opim.
408 2716 491 2746 Vor.
514 2714 637 2745 XVIII.
1596 2708 1645 2743 57
