2373 2980
126 81 151 114 5
156 81 204 115 33
590 75 677 112 LIX.

170 166 304 199 Malum
323 162 534 196 terminatur
551 163 588 195 in
608 175 680 203 me,
708 175 822 208 neque
841 169 1047 201 cunctatur,
1137 186 1138 190 ,

167 217 213 251 Et
227 216 323 249 venit
341 214 385 247 ad
403 226 478 254 me,
507 213 569 259 qui
585 226 659 247 non

168 269 251 302 Sum
267 277 348 299 reus
366 265 516 298 istorum
533 265 723 299 malorum.

166 318 243 352 Heu
261 314 348 350 mihi
359 315 404 362 1⁷)
417 343 425 356 ‚
455 316 539 362 quid
556 315 699 349 dicam?

118 367 214 403 1385
243 368 438 413 Quomodo
456 368 614 400 liberabo
632 367 742 399 vitam

164 420 283 453 Meam
303 432 343 452 ex
361 419 428 452 isto
446 431 520 452 non
538 419 681 451 dolente
691 417 737 463 18)
755 417 874 450 malo?

166 472 312 505 Utinam
330 482 384 503 me
402 470 570 504 miserum
587 469 732 513 sepeliat

163 521 359 557 Necessitas
376 522 501 554 mortis
517 520 618 564 nigra
637 526 670 553 et
688 520 880 553 nocturna!

163 576 245 607 Dia.
301 573 334 605 O
368 572 488 605 infelix
504 598 513 612 ,
564 571 602 603 in
637 583 746 616 quarn
782 570 1020 603 calamitatem
1058 570 1109 602 in-

521 622 653 655 cidisti!

117 675 213 709 1390
241 676 443 709 Generosus
460 673 599 706 animus
616 672 674 705 ille
692 679 772 705 tuus
790 678 822 705 te
838 671 1004 716 perdidit.

163 729 263 769 Ηῖρρ.
292 726 394 765 Sine,
422 737 441 758 0
460 724 621 758 divinum
640 721 790 756 halitum
809 723 947 761 odoris;
976 721 1104 755 etenim

521 776 603 807 licet
622 774 658 806 in
677 774 780 807 malis

162 828 234 860 Sim
246 854 255 866 ‚
283 834 403 860 tamen
420 825 512 859 sensi
529 832 561 858 te
573 852 581 865 ‚
610 831 644 858 et
662 825 797 858 levatus
814 837 890 858 suni
911 836 1072 867 corpore.

162 878 224 912 Est
241 878 276 910 iu
293 875 348 910 his
364 877 508 910 aedibus
526 876 601 909 Dea
617 875 760 909 Diana?

161 931 245 963 Dia.
274 928 306 962 O
324 928 430 961 miser
442 954 450 968 ,
478 929 577 961 adest
592 927 656 959 tibi
673 925 880 960 charissima
899 933 956 959 tua
975 925 1061 958 Dea.

116 978 211 1014 1395
238 982 339 1022 Hipp.
360 978 467 1012 Vides
484 991 553 1017 nie,
581 978 739 1018 domina,
768 990 874 1023 quam
891 977 956 1010 sim
976 976 1106 1009 miser?

163 1033 245 1065 Βία.
266 1030 393 1070 Video,
416 1031 476 1063 sed
493 1042 566 1062 non
581 1029 632 1062 fas
651 1035 702 1062 est
719 1041 773 1061 me
790 1025 990 1073 lachrymas
1007 1027 1105 1060 emit-

519 1087 592 1113 tere
609 1092 650 1112 ex
670 1080 790 1112 oculis.

164 1134 264 1175 Hipp.
299 1131 381 1165 Non
407 1131 558 1175 amplius
591 1137 641 1163 est
671 1137 751 1163 tuus
782 1136 948 1169 venator,
992 1142 1106 1174 neque

521 1187 693 1214 minister.

166 1235 248 1266 Dia.
276 1232 378 1269 Non3
407 1233 464 1265 sed
484 1231 633 1264 moreris
652 1231 785 1264 infelix.

164 1285 264 1325 Hipp.
299 1282 422 1327 Neque
447 1283 599 1325 agitator
622 1294 816 1327 equorum,
851 1294 965 1326 neque
992 1287 1106 1313 custos

532 1339 612 1364 tuae
635 1339 783 1365 statuae.

120 1384 214 1417 1400
241 1385 324 1416 Βία.
353 1382 473 1415 Venus
490 1383 704 1414 veteratoria
724 1383 771 1416 sic
790 1380 990 1414 machinata
1010 1389 1070 1415 est.

163 1435 264 1476 Hipp.
299 1432 378 1466 Heu
407 1431 511 1466 mihi!
553 1433 718 1476 Agnosco
749 1433 862 1466 Deum
876 1459 884 1472 ‚
927 1444 1017 1478 quae
1052 1447 1105 1465 mv

523 1483 690 1528 perdidit.

163 1537 247 1569 Dia.
289 1535 421 1580 Questa
446 1541 497 1568 est
520 1536 561 1567 de
588 1532 747 1574 honore,
790 1534 915 1567 infesta
938 1533 1003 1567 tibi
1029 1534 1105 1573 fuit,

524 1586 621 1630 quod
639 1592 753 1619 castus
770 1597 859 1619 eras.

163 1639 264 1679 Hipp.
292 1636 411 1669 Venus
428 1636 600 1680 perdidit,
627 1643 666 1670 ut
684 1636 797 1670 sentio
809 1663 818 1676 ‚
846 1649 911 1670 nos
929 1643 1008 1670 tres.

161 1690 244 1721 Dia.
272 1687 418 1721 Patrem
437 1693 470 1720 et
487 1694 520 1721 te
538 1694 571 1720 et
587 1687 728 1721 tertiam
743 1700 889 1722 uxorem
908 1688 1030 1732 patris.

115 1736 212 1772 1405
237 1741 339 1782 Ηὶρρ.
366 1738 525 1783 Deploro
546 1739 782 1772 infortunium
802 1739 923 1782 patris.

161 1792 245 1824 Dia.
273 1789 450 1834 Deceptus
469 1796 520 1823 est
537 1789 686 1823 consilio
704 1790 814 1823 Deae.

161 1843 262 1884 Hipp.
280 1840 312 1874 Ο
330 1841 450 1874 infelix
465 1848 566 1885 pater
583 1847 730 1885 propter
746 1839 838 1874 hanc
853 1840 1103 1873 calamitatem!

165 1893 262 1926 Thes.
288 1892 403 1932 Perii,
429 1892 498 1933 fili,
525 1892 597 1925 vita
616 1898 668 1925 est
683 1889 772 1925 mihi
794 1892 944 1936 ingrata.

162 1945 264 1986 Hipp.
299 1942 415 1976 Doleo
438 1943 550 1988 magis
570 1950 669 1976 tuam
696 1943 809 1976 vicem
846 1954 953 1988 quam
987 1954 1102 1974 meam

523 2001 670 2038 propter
688 1993 757 2028 hoc
772 2001 942 2027 erratum.

115 2044 212 2078 1410
243 2047 338 2079 Hes.
375 2044 542 2084 Utinam,
584 2046 653 2085 fili,
687 2058 753 2090 pro
779 2052 811 2079 te
835 2043 925 2078 mihi
950 2043 1103 2076 morien-

523 2097 610 2129 dum
633 2096 693 2130 sit!

160 2148 262 2190 Hipp.
289 2146 321 2180 O
339 2148 434 2180 dona
452 2147 577 2180 acerba
599 2147 710 2191 patris
726 2146 799 2187 tui,
824 2146 993 2189 Neptuni.

167 2199 264 2231 Thes.
310 2198 458 2231 Utinam
492 2210 679 2244 nunquam
720 2198 899 2232 venissent
940 2194 1030 2229 mihi
1069 2196 1102 2228 in

529 2262 647 2283 meum
670 2250 724 2283 os!
1129 2267 1132 2287 ι

160 2300 260 2341 Hipp.
287 2298 456 2333 Occidisti
473 2306 595 2333 tamen
612 2313 687 2340 me,
715 2301 803 2333 adeo
823 2306 905 2333 tunc
924 2311 1001 2332 eras
1023 2311 1103 2330 con-

524 2351 650 2386 citatus
666 2352 732 2385 ira.

170 2400 265 2432 Thes.
293 2398 382 2433 Erat
396 2401 499 2435 nobis
517 2410 635 2447 erepta
652 2415 752 2436 mens
768 2413 787 2435 a
804 2401 894 2434 Diis.

878 2488 892 2504 G

151 2523 198 2551 η)
215 2523 274 2547 neu
292 2521 367 2555 mini]
386 2523 426 2547 sie
440 2523 522 2548 Editt.
540 2524 630 2556 1558„
649 2525 742 2555 1562.;
766 2524 851 2549 Editt.
866 2524 968 2547 recent.
985 2524 1032 2552 (Ξ
1047 2523 1102 2545 Eu-
1127 2513 1129 2538 ¹

183 2557 234 2588 rip.
253 2554 293 2580 Ἰώ
309 2558 360 2588 μοί
375 2557 437 2590 μοι)
456 2558 506 2582 Hei
525 2558 603 2589 mihi,
624 2558 702 2583 mihi!
1127 2539 1129 2572 Ι

153 2600 198 2631 18)
218 2606 273 2624 non
291 2600 412 2632 dolente]
439 2601 478 2625 sic
502 2601 584 2625 Editt.
601 2602 693 2629 1558..
714 2602 804 2633 1562.;
838 2602 934 2625 Barn.:
966 2600 1101 2629 stupidum
1126 2613 1128 2631 5

186 2641 229 2658 me
247 2634 394 2674 reddente;
417 2637 536 2666 Musgr.:
564 2636 767 2665 immedicahi1i3
801 2636 875 2660 Fiam:
908 2634 1010 2658 crudeli
1031 2633 1101 2665 (Eu-
1126 2648 1128 2671 ν

185 2670 236 2699 rlp.
256 2667 435 2700 aralyq'wv).
1126 2674 1127 2682 ¹

738 74 1134 112 INTERPRETATIO
1161 74 1424 110 HIPPOLYTI
1449 72 1699 109 EURIPIDIS.

2088 80 2163 116 534

1167 160 1262 196 1415
1289 164 1390 205 Hipp.
1417 159 1515 195 Proh
1526 160 1593 206 ¹⁹),
1621 171 1729 205 quani
1748 159 1814 193 fuit
1834 173 1943 205 genus
1962 161 2157 200 humanum

1570 211 1798 244 maledictum
1820 225 1838 244 a
1859 212 1951 246 Diis!

1213 267 1298 298 Dia.
1325 263 1426 301 Sine;
1454 275 1528 295 non
1547 263 1610 296 sub
1629 262 1814 306 caliginem
1833 269 1950 297 terrae

1213 314 1309 347 Deae
1325 314 1474 347 Veneris
1490 326 1531 346 ex
1550 314 1740 358 cupiditate
1757 314 1831 348 sine
1848 315 1983 349 ultione

1213 364 1357 398 Irruunt
1371 365 1445 397 irae
1462 364 1499 396 in
1515 370 1615 398 tuum
1632 377 1759 409 corpus

1213 416 1367 460 Propter
1383 422 1481 448 tuam
1499 414 1667 458 pietatem
1685 422 1718 448 et
1735 416 1867 450 bonam
1887 425 2054 454 mentem,

1165 467 1262 503 1420
1290 467 1365 511 Ego
1384 466 1493 499 alium
1510 463 1575 498 hac
1594 479 1670 499 mea
1691 478 1819 506 manu,

1214 519 1285 563 Qui
1304 518 1336 551 ei
1354 518 1448 551 inter
1465 515 1629 550 homines
1646 515 1871 552 charissimus
1887 526 1956 560 est,

1212 570 1276 604 His
1293 569 1370 603 telis
1386 568 1650 602 inevitabilibus
1667 568 1826 612 puniam.

1211 621 1295 655 Tibi
1311 633 1414 660 vero,
1443 633 1463 653 o
1480 619 1606 659 miser,
1634 631 1699 663 pro
1714 616 1768 652 his
1787 618 1889 652 malis

1212 672 1389 706 Maximos
1406 670 1562 704 honores
1578 671 1613 703 in
1632 671 1718 703 urbe
1738 669 1936 703 Troezenia

1164 722 1260 759 1425
1288 722 1410 762 Dabo3
1439 734 1522 755 nam
1540 722 1678 766 puellae
1697 721 1869 764 innuptae
1889 728 1969 754 ante
1990 727 2128 769 nuptias

1212 775 1296 808 Tibi
1313 774 1512 808 tondebunt
1529 773 1642 806 crines
1659 774 1766 816 longo
1783 779 1943 816 tempore

1210 827 1437 860 Praestantes
1455 824 1649 858 maximum
1668 825 1800 857 luctum
1824 821 2026 868 lachrymis.

1210 877 1358 922 Semper
1374 877 1554 920 virginum
1570 877 1613 908 de
1633 881 1667 908 te
1684 874 1837 908 musicae

1213 928 1419 962 Cantilenae
1440 933 1563 967 erunt,
1590 933 1623 960 et
1639 939 1713 959 non
1733 927 1901 959 obscurus
1918 926 2034 962 iacens
2045 929 2090 973 ²⁰)

1164 979 1260 1014 1430
1286 980 1399 1013 Amor
1415 977 1599 1013 Phaedrae
1620 977 1656 1010 in
1675 983 1708 1010 te
1725 977 1911 1010 tacebitur.

1210 1031 1268 1064 Tu
1283 1043 1368 1064 vero
1380 1057 1389 1070 ,
1418 1043 1437 1063 o
1454 1030 1502 1063 fili
1517 1029 1610 1063 senis
1624 1028 1732 1072 Aegei
1743 1054 1751 1067 ,
1780 1028 2013 1072 complectere

1210 1082 1329 1115 Tuum
1348 1081 1459 1114 filium
1477 1081 1514 1113 in
1529 1080 1630 1113 ulnas
1649 1086 1683 1112 et
1697 1076 1845 1112 attrahe.

1210 1133 1344 1166 Invitus
1360 1145 1439 1165 eum
1458 1130 1661 1176 perdidisti;
1691 1128 1884 1170 „homines

1212 1211 1233 1223 ‚‚
1245 1184 1532 1217 Consentaneum
1550 1188 1601 1216 est
1620 1193 1765 1225 peccare
1779 1180 1857 1214 Diis
1873 1180 2155 1223 immittentibus,

1163 1233 1260 1269 1435
1285 1234 1331 1268 Et
1354 1241 1386 1268 te
1411 1233 1605 1272 adhortor,
1650 1239 1688 1265 ut
1719 1244 1792 1265 non
1818 1231 1900 1265 odio
1927 1240 2154 1281 prosequaris

1572 1291 1671 1317 tuum
1697 1290 1834 1328 patrem
1848 1310 1857 1323 ,

1211 1337 1422 1382 Hippolytffi
1455 1336 1527 1368 fato
1548 1335 1674 1368 accidit
1691 1341 1724 1367 te
1742 1334 1899 1378 periisse.

1207 1389 1253 1421 Et
1270 1388 1365 1425 vale;
1393 1399 1477 1420 nam
1497 1399 1569 1420 non
1586 1387 1637 1420 fas
1655 1392 1705 1419 est
1721 1384 1809 1419 mihi
1825 1386 1958 1419 intueri
1975 1396 2152 1430 mortuos,

1210 1440 1334 1484 Neque
1351 1438 1511 1482 polluere
1528 1437 1648 1470 oculos
1665 1435 1780 1470 halitu
1797 1437 1994 1472 morientis.

1209 1490 1321 1523 Video
1342 1496 1373 1522 te
1390 1489 1462 1521 iam
1481 1489 1635 1521 vicinum
1656 1500 1728 1521 esse
1744 1486 1827 1521 huic
1842 1488 1949 1522 malo.

1163 1541 1259 1576 1440
1286 1543 1388 1584 Hipp.
1416 1539 1461 1573 Et
1478 1546 1516 1573 tu
1533 1540 1611 1572 vale
1630 1545 1735 1584 atque
1752 1540 1860 1579 vade,
1889 1540 1991 1573 beata
2011 1544 2123 1587 virgo.

1210 1593 1327 1626 Facile
1352 1591 1483 1625 deseris
1508 1590 1662 1624 amicum
1686 1596 1841 1623 veterem
1866 1591 1973 1635 longo
2004 1606 2151 1628 consue-

1571 1642 1693 1675 tudine
1717 1649 1982 1680 conversatunu

1210 1694 1368 1728 Remitto
1388 1694 1528 1738 culpan]
1548 1693 1642 1737 patri
1659 1693 1859 1737 postulante
1875 1700 1919 1727 te.

1207 1746 1299 1780 Nam
1318 1751 1351 1777 et
1369 1751 1470 1778 antea
1491 1756 1630 1788 semper
1647 1744 1715 1777 tuis
1733 1744 1977 1788 obtemperavi
1994 1747 2121 1781 verbis.

1210 1796 1343 1840 Heu‘fl)
1356 1822 1364 1835 ‚
1393 1796 1491 1828 venit
1508 1793 1596 1828 mihi
1614 1795 1726 1838 caligo
1743 1794 1781 1827 in
1798 1796 1937 1836 oculos,

1161 1846 1258 1883 1445
1285 1846 1414 1891 Accipe
1433 1860 1508 1887 me,
1536 1852 1657 1891 pater,
1686 1852 1719 1878 et
1737 1846 1831 1890 erige
1848 1859 1986 1892 corpus.

1213 1901 1310 1934 Thes.
1336 1897 1415 1931 Heu
1431 1896 1539 1938 mihi,
1566 1897 1634 1930 fili!
1659 1897 1745 1942 quid
1761 1896 1851 1930 mihi
1867 1899 1952 1933 facis
1968 1898 2124 1936 misero?

1208 1953 1309 1993 Hipp.
1353 1949 1471 1989 Perii,
1524 1955 1558 1982 et
1591 1948 1735 1993 quidem
1772 1949 1875 1982 video
1911 1956 2033 1994 portas
2067 1952 2152 1984 infe-

1570 2011 1706 2032 rorum.

1211 2053 1308 2086 Thes.
1336 2051 1392 2083 An
1410 2050 1560 2084 moreris
1575 2050 1779 2095 relinquens
1797 2052 1971 2095 pollutam
1996 2062 2150 2088 mentem

1572 2101 1712 2134 meam?

1208 2155 1310 2196 Hipp.
1336 2151 1573 2197 Nequaquam
1586 2179 1595 2192 ,
1621 2154 1913 2199 quandoquidem
1930 2161 1962 2187 te
1977 2155 2089 2190 libero
2109 2159 2152 2191 ab

1570 2201 1636 2236 hac
1655 2205 1772 2237 caede.

1161 2252 1256 2290 1450
1288 2256 1384 2289 Thes.
1429 2254 1524 2299 Quid
1556 2254 1630 2287 ais?
1675 2255 1823 2288 dimittis
1857 2268 1912 2288 me
1949 2256 2097 2290 liberum
2133 2272 2150 2290 a

1570 2306 1669 2348 culpa
1689 2305 1807 2338 necis?

1192 2429 1404 2493 19)·Pr0h2)sic
1422 2430 1504 2453 Editt.
1526 2430 1617 2460 ¹558..
1638 2430 1729 2460 1562.;
1754 2430 1837 2454 Edttt.
1857 2433 1974 2455 recent:
1998 2432 2058 2456 Heu
2076 2434 2147 2462 (Eu-

1223 2470 1275 2493 rlp.
1295 2471 1348 2495 φευ
1368 2483 1374 2488 .

1188 2513 1236 2545 20)
1256 2514 1349 2538 iacens
1370 2533 1376 2539 .
1396 2533 1403 2540 .
1424 2532 1430 2538 .
1449 2514 1476 2538 in
1496 2513 1534 2546 te]
1557 2515 1598 2538 sic
1613 2515 1697 2539 Editt.
1716 2515 1801 2546 1558„
1821 2516 1916 2547 1562.;
1934 2517 2032 2542 Earn-2
2050 2499 2146 2548 lepsus

1223 2549 1252 2571 ln
1272 2550 1314 2575 te:
1340 2550 1459 2579 Musgr.:
1478 2549 1578 2572 cadens
1597 2550 1626 2572 ln
1647 2552 1690 2578 te;
1715 2550 1790 2573 Fix.:
1815 2550 1859 2580 qui
1875 2551 1971 2574 cecidit
1985 2551 2013 2575 tn
2028 2553 2056 2575 te
2074 2553 2146 2583 (Eu-

1223 2583 1272 2611 rip.
1292 2581 1386 2606 πεσών
1406 2601 1411 2606 .
1431 2601 1436 2605 .
1457 2602 1462 2607 .
1484 2583 1520 2610 εἰς
1538 2581 1592 2615 σὲ).

1188 2635 1234 2662 2¹)
1259 2634 1331 2662 Heu]
1357 2634 1397 2658 sic
1416 2633 1500 2659 Editt.
1520 2634 1610 2664 1558„
1631 2633 1720 2661 1562:

1226 2663 1282 2700 A,
1301 2663 1345 2697 αἶ)
1365 2669 1439 2700 Heu,
1459 2668 1525 2692 heu!

1439 2702 1528 2737 54*

1753 2635 1834 2659 Editt.
1855 2638 1957 2659 recent.
1985 2638 2030 2664 (ε
2049 2636 2143 2667 Eun-ip.
