2373 2980
168 505 243 546 LI.
336 505 369 544 P
380 505 432 546 H.
475 504 526 544 Μ
538 505 575 544 Ε
586 503 640 545 Ιι.

690 504 1268 547 ΙΝΨΕΒΡΒΕΊἈἸἹΟ
1316 508 1401 547 ΕΤ

1448 508 1731 548 ENARRA
1747 508 1859 549 '1¹10
1906 510 2068 554 Locl
2111 510 2203 552 Ex

610 577 864 619 HYMNO
913 578 1287 620 HOMERICO
1337 580 1409 621 IN
1457 582 1766 624 HERMEN.

168 701 241 756 Ex
266 729 383 756 Homeri
408 728 515 765 hymno
539 727 584 763 εἰς
601 724 717 766 Ἕρμῆν
732 728 762 766 *)
786 736 885 755 versus
908 725 1063 757 ²9—55.
1087 736 1193 764 graece
1215 738 1278 756 cum
1302 731 1547 768 interpretatione
1577 733 1666 761 latina
1695 739 1725 762 et
1755 734 1863 762 scholio
1886 730 2059 763 Melanihon
2082 735 2204 763 Institu-

167 772 293 800 tionibus
316 771 374 798 suis
397 780 520 806 graecae
543 771 750 808 grammaticae
772 771 927 805 Hagauoae
952 768 1046 799 1518.
1069 769 1099 798 4.
1123 770 1225 807 editis,
1255 781 1325 809 quas
1349 783 1436 811 supra
1459 785 1489 812 p.
1514 774 1587 805 124.
1610 776 1832 815 descripsimus,
1864 777 1894 805 in
1917 777 1978 805 fine
1998 777 2052 806 fol.
2073 786 2093 815 p
2108 773 2204 807 3⁶—

165 811 207 843 4b
231 814 362 841 adiunxit
385 814 425 841 sic
447 814 612 850 inscriptos:
649 813 786 849 „Chelys
808 813 945 840 Mercurii
969 821 1006 840 ex
1032 812 1191 841 Homericis
1214 813 1376 850 Hymnis.”
2145 814 2153 817 ”

204 925 237 953 *)
256 926 306 949 Hic
325 925 443 954 hymnus
462 924 488 947 in
508 924 558 950 Ed,
578 924 725 946 Hermann.
746 921 850 951 wipo„
875 920 1016 945 Tauclmit.
1037 922 1112 946 ¹825.
1136 920 1177 952 8.)
1197 921 1268 946 inter
1289 922 1450 947 Homericos
1469 923 1623 956 secundm,
1655 923 1681 947 in
1701 924 1764 948 aliis
1783 925 1867 949 Editt.
1886 925 1986 949 tertius
2005 926 2058 952 est.

257 960 328 983 conf.
349 959 512 988 Bernhardy
532 957 651 981 Grundr.
672 957 698 982 d.
718 957 826 981 Griech.
847 956 914 981 Litt.
943 956 973 981 P.
986 955 1020 980 11.
1046 963 1072 986 p.
1090 956 1139 980 12⁹
1153 962 1194 986 sq.

2109 927 2150 951 De
2169 932 2203 952 eo

487 1120 793 1158 HOMERICI
825 1119 1016 1156 ΗΥΜΝΙ
1049 1122 1112 1158 ΙΝ
1146 1121 1395 1157 HERMEN

345 1193 364 1219 A
400 1190 649 1220 rfflLlPro
684 1188 1055 1218 MELANTHONE
1089 1190 1291 1219 LATlNE
1325 1191 1555 1221 REDD1T1

391 1284 484 1317 Risit
508 1282 707 1316 Mercurius
731 1293 771 1314 ac
792 1280 842 1316 sic
866 1280 935 1314 ait:

213 1351 269 1386 En
292 1359 331 1385 tu
351 1351 492 1396 signum
509 1349 599 1384 mihi
617 1351 811 1384 admodum
829 1349 1056 1391 delectabile,
1083 1363 1157 1384 non

786 1401 872 1433 fallo

160 1456 264 1489 Salve
279 1461 406 1488 natura
426 1453 607 1492 amabilis,
634 1450 800 1485 chorifica
813 1478 822 1491 ,
847 1451 1003 1483 convivii
1024 1452 1118 1486 socia

160 1507 290 1541 Fausta
321 1504 537 1550 apparuisti;
583 1504 763 1536 undenam
794 1500 862 1535 hoc
894 1503 1034 1547 elegans
1066 1502 1157 1537 ludi-

784 1565 882 1586 crum

160 1607 310 1640 Varium
328 1612 506 1640 ostracum
527 1617 562 1639 es
582 1602 710 1650 Chelys
729 1604 765 1637 in
779 1603 962 1637 montibus
978 1603 1125 1637 vivens?

159 1658 207 1693 At
222 1660 334 1692 fetam
352 1664 386 1691 te
401 1656 438 1689 in
456 1658 603 1689 domum
622 1662 814 1700 acceptam.
853 1653 1051 1688 Iucundum
1070 1654 1156 1701 quid

773 1703 863 1738 mihi
881 1705 969 1746 eris,

704 1757 763 1790 Me
792 1768 878 1789 vero
909 1756 1065 1800 primum
1096 1757 1157 1789 de-

778 1807 924 1840 lectahis

159 1859 269 1893 Domi
288 1859 511 1892 commollitis
528 1859 656 1898 fueris,
687 1858 857 1903 quoniam
880 1857 967 1891 soris
983 1858 1089 1891 noxia
1108 1870 1154 1892 es.

159 1911 325 1944 Profecto
343 1911 437 1943 enim
456 1908 649 1954 pharmaco
668 1909 775 1942 noxio
794 1921 829 1943 es
847 1909 956 1942 telum

158 1961 312 2001 Vivens,
333 1962 388 1995 sin
407 1961 583 2001 moriare,
619 1967 694 1993 tum
722 1961 866 1993 demum
890 1959 1047 1993 suaviter
1072 1972 1154 1993 con-

789 2011 894 2044 eines.

157 2063 215 2098 Sic
232 2063 299 2103 ait,
326 2069 361 2095 et
379 2062 544 2095 manibus
563 2059 722 2094 conchen
738 2061 899 2106 utrisque
914 2061 1064 2100 levavit,

158 2114 389 2159 Domumque
421 2113 591 2146 continuo
624 2113 750 2153 rediit,
786 2107 902 2145 serens
926 2111 1078 2144 amabile
1103 2111 1154 2145 lu-

783 2163 920 2196 dicrum

160 2215 252 2262 lbi1)
276 2215 476 2260 expoliatae
504 2215 643 2259 scalpro
660 2214 738 2247 cani
755 2213 840 2247 ferri

158 2266 278 2299 Vitam
297 2266 429 2310 eripuit
444 2272 637 2299 montanae
655 2263 821 2299 conchae.

162 2317 210 2350 Ut
225 2323 343 2350 autem
358 2324 433 2350 tum
450 2317 553 2350 velox
569 2317 755 2352 consilium
772 2322 893 2362 pectus
911 2315 1054 2348 oberrat

160 2367 352 2407 Mercurii,
380 2380 486 2413 quem
504 2369 707 2414 frequentes
724 2374 867 2403 versant
884 2378 1009 2406 curae,

159 2418 280 2464 Quom
316 2419 361 2451 ob
398 2419 519 2453 oculos
552 2420 644 2454 faces
677 2420 758 2454 illae
793 2419 998 2452 animorum
1034 2417 1154 2450 devol-

779 2477 929 2505 vuntur:

159 2518 216 2552 Sic
232 2519 338 2552 simul
356 2525 389 2551 et
407 2520 584 2553 consuluit
600 2528 633 2554 et
652 2522 765 2555 effecit
784 2536 873 2567 opus
893 2521 1091 2555 Mercurius
1103 2547 1111 2560 ,

158 1761 284 1805 Neque
314 1756 557 1792 dehonestabo
592 1763 636 1790 te.

198 2620 226 2652 1)
246 2621 300 2650 lbi]
319 2621 367 2645 Ed.
383 2621 457 2646 ¹518.
478 2627 573 2646 errore
593 2624 721 2653 typogr.:
745 2624 800 2648 Thi.

1437 1122 1671 1160 VERSUS
1699 1126 1882 1162 29—55.

1590 1192 1651 1221 ET
1687 1194 2033 1224 [LLUSTRATI.

1210 1283 1304 1317 Fixit
1321 1285 1447 1318 ordine
1466 1291 1578 1320 sectos
1598 1286 1753 1321 calamos

1210 1335 1401 1369 Portentos
1416 1336 1452 1368 in
1471 1337 1616 1370 dorsum
1636 1338 1786 1382 tergoris
1805 1337 1950 1376 ostraci;

1211 1386 1352 1419 Circum
1370 1394 1488 1420 autem
1509 1388 1635 1431 pellem
1653 1388 1836 1432 protendit
1849 1388 1951 1422 bovis
1967 1394 2042 1420 arte
2057 1399 2121 1421 sua

1208 1436 1254 1470 Et
1284 1437 1419 1471 culmos
1447 1438 1580 1479 infixit,
1621 1445 1810 1485 utramque
1841 1444 1960 1472 autern
1987 1449 2087 1471 oram
2118 1437 2202 1482 iugo

1830 1489 1986 1532 aptavit,

1209 1538 1350 1583 Septem
1371 1538 1453 1572 dein
1468 1551 1509 1572 ex
1527 1539 1665 1574 ovicula
1681 1541 1874 1573 concordes
1891 1539 2044 1573 intendit
2057 1539 2184 1580 fibras,

1210 1590 1258 1623 Ut
1274 1591 1474 1623 confecerat
1488 1591 1640 1624 amabile
1657 1592 1832 1625 ludicrum
1844 1617 1853 1631 ,

1208 1640 1365 1675 Verbere
1382 1642 1515 1686 partim
1532 1643 1738 1678 commovit.
1769 1642 1870 1688 Quae
1887 1642 1952 1676 suh
1965 1653 2076 1675 manu
2092 1640 2202 1674 fibrae

1819 1699 1942 1733 erant,

1208 1742 1375 1776 Graviter
1390 1742 1592 1777 insonuere.
1644 1742 1740 1776 Deus
1756 1755 1841 1777 vero
1862 1750 1942 1788 apte
1961 1742 2142 1777 concinuit

1208 1793 1335 1827 Obiter
1351 1795 1501 1827 conficto
1520 1794 1698 1834 carmine,
1726 1800 1790 1827 etc.

1566 1867 1841 1904 Scholion.

1310 1929 1383 1974 Qui
1413 1929 1509 1962 volet
1541 1926 1646 1962 huius
1678 1929 1847 1962 carminis
1885 1927 2143 1975 mythologiam
2158 1928 2204 1976 ⁹),

1206 1993 1408 2015 sermonem
1426 1986 1589 2014 nostrum
1606 1979 1717 2023 legat,
1740 1980 1802 2025 qui
1818 1981 1861 2013 de
1869 1980 2016 2014 Artibus
2032 1979 2134 2013 libris
2150 1979 2204 2012 in-

1206 2033 1359 2077 scriptus
1374 2030 1475 2077 est³).
1516 2030 1682 2063 Fortasse
1699 2030 1833 2064 videbit
1850 2029 1942 2064 nihil
1959 2027 2204 2076 ἅπροςδιόνυ-

1207 2094 1274 2118 σον
1291 2080 1355 2117 καὶ
1369 2078 1526 2127 ἀπῳδὸν
1541 2080 1653 2114 doctis
1671 2081 1842 2114 Graeciae
1859 2079 2088 2125 mythologis.
2131 2080 2204 2113 Ra-

1206 2133 1256 2166 tio
1280 2130 1511 2177 grammatica
1539 2143 1705 2165 versuum
1726 2132 1828 2164 facile
1850 2131 1970 2176 pueris
1992 2137 2136 2175 agetur,
2163 2131 2205 2173 si,

1206 2196 1298 2230 quae
1323 2183 1496 2228 pauculae
1519 2179 1576 2215 hic
1600 2189 1703 2223 sunt,
1736 2183 1891 2226 augendi
1917 2183 2051 2216 formas
2073 2195 2114 2215 ac
2138 2182 2203 2215 mi-

1206 2234 1340 2268 nuendi
1364 2239 1541 2278 spectent,
1578 2239 1617 2266 ut
1642 2245 1709 2278 pro
1735 2232 1882 2281 ἒγέλασε
1906 2234 1996 2268 dixit
2018 2232 2203 2282 ἐγέλασσε.

1206 2285 1293 2319 Item
1309 2285 1452 2319 Aorista
1475 2285 1665 2317 observent
1687 2282 1830 2330 ἀείρας,
1858 2282 2034 2332 πειρήνας
2057 2281 2203 2330 ταμών.

1205 2336 1245 2370 In
1262 2336 1408 2382 reliquis
1425 2336 1513 2368 adeo
1537 2332 1629 2368 nihil
1655 2341 1706 2369 est
1730 2335 1891 2376 difficile,
1925 2342 1965 2370 ut
1988 2347 2063 2369 non
2086 2336 2201 2370 visum

1204 2387 1312 2421 fuerit
1329 2398 1459 2431 operae
1475 2386 1630 2431 pretium
1645 2387 1757 2421 ullum
1784 2386 1822 2420 in
1843 2387 1999 2432 longiori
2021 2399 2201 2421 commen-

1207 2439 1299 2473 tario
1315 2450 1447 2472 errare.

1242 2540 1274 2568 2)
1293 2537 1505 2569 mytluologiam]
1524 2536 1572 2560 Εὐ.
1594 2536 1668 2561 1518.
1688 2537 1886 2568 mytltologian.

1242 2582 1273 2610 3)
1294 2583 1369 2605 flacc
1389 2580 1452 2604 Mel.
1472 2580 1506 2603 dc
1524 2578 1631 2602 artibus
1652 2579 1809 2603 liberalibus
1829 2581 1991 2605 declamatio
2015 2581 2155 2607 invenitur
2171 2582 2200 2608 in

1279 2616 1355 2639 huius
1376 2616 1458 2645 Corp.
1478 2613 1597 2637 Reform.
1618 2613 1680 2638 vol.
1695 2614 1741 2638 ΧΙ.
1762 2621 1784 2644 p.
1799 2614 1907 2639 5-14,
