2373 2980
212 96 302 131 1047

211 182 307 218 1250
337 183 408 216 Cre.
437 179 621 212 Ministrae
640 176 896 219 investigantur
913 176 958 208 ad
975 187 1109 208 necem.

260 235 370 277 Capta
388 229 564 274 suffragiis
580 225 737 273 Pythiis,
766 227 1003 260 condemnata
1021 238 1111 259 sum.

261 286 357 319 Cher.
386 283 541 321 Scimus,
569 293 589 313 0
614 278 760 317 misera,
788 283 865 312 tuas
890 277 1127 316 calamitates,
1162 282 1200 309 ut

620 329 666 363 sis
683 328 824 363 misera.

262 389 333 420 Cre.
363 384 444 429 Quo
462 382 594 427 fugiam
618 378 750 424 igitur?
786 379 843 413 vix
868 379 963 412 enim
989 378 1116 412 abstuli
1142 390 1200 422 pe.-

624 433 703 464 dem
726 437 822 464 extra
835 457 844 471 ‚

260 487 311 521 Ne
328 497 506 525 morerer,
535 484 591 516 vix
613 481 717 526 effugi
744 482 861 527 elapsa
886 494 927 515 ex
953 481 1115 514 manibus
1138 478 1201 512 ho-

627 540 747 567 stium.

216 587 312 624 1255
342 589 439 622 Cher.
468 586 634 631 Quonam
654 585 722 617 alio
736 611 744 624 ‚
772 583 840 617 nisi
857 584 899 617 ad
918 582 1044 617 aram?

265 642 339 674 Cre.
369 638 464 683 Quid
481 635 569 670 mihi
590 635 750 680 proderit
766 632 857 668 hoc?

265 692 360 725 Chor.
389 689 471 724 Non
488 695 538 723 est
553 689 604 721 sas
622 686 780 720 occidere
797 685 1003 730 supplicem.

621 739 696 781 lege
713 749 832 782 pereo.

269 794 363 827 Char.
392 791 559 825 Manibus
577 789 720 836 quidem
745 795 858 832 capta.

623 839 717 874 saevi
738 838 890 872 ministri

266 896 342 929 Huc
365 895 531 928 festinant
555 892 684 926 strictis
709 890 861 923 ensibus.

1059 685 1131 718 Cre.
1159 682 1206 714 At

921 788 993 822 Cre.
1021 787 1137 830 Atque
1157 783 1204 816 illi

925 889 1020 922 chor.
1050 886 1138 920 Sede
1163 886 1205 918 ad

628 953 739 974 aranu

267 996 415 1030 Etiamsi
454 994 548 1027 enim
583 991 770 1030 moriaris,
820 996 938 1022 tamen
973 987 1207 1020 interfectori-

627 1044 692 1075 bus
710 1041 779 1075 tuis

223 1099 318 1136 1260
345 1095 522 1131 Excitabis
539 1101 598 1128 tua
616 1093 721 1127 caede
743 1092 858 1128 diras3
894 1090 1038 1123 ferenda
1064 1095 1113 1122 est
1137 1089 1207 1121 for-

626 1144 778 1189 tunam).

268 1204 339 1235 lon.
367 1198 399 1232 Ο
417 1197 557 1232 taurina
575 1196 733 1241 praedite
750 1193 837 1227 facie
852 1189 1001 1236 Cephise
1017 1196 1118 1235 pater
1130 1217 1138 1230 ,

269 1252 420 1296 Qualem
438 1250 598 1293 viperam
613 1245 704 1280 hanc
722 1243 899 1290 genuisti?
928 1249 987 1275 aut
1005 1241 1094 1285 ignis

268 1304 467 1336 Draconem
487 1299 706 1333 emittentem
726 1297 867 1330 letalem
890 1292 1096 1327 flammam?

269 1354 335 1388 Cui
352 1352 466 1386 omnis
482 1350 629 1385 audacia
647 1349 757 1389 inest,
783 1359 899 1392 neque
918 1345 1038 1378 minor
1054 1350 1103 1377 est

220 1404 317 1442 1265
345 1402 544 1447 Gorgoneis
568 1402 693 1446 guttis,
732 1400 860 1445 quibus
883 1409 940 1431 me
965 1396 1079 1430 voluit
1101 1394 1209 1427 inter-

627 1453 742 1486 ficere.

270 1505 485 1541 Prehendite
497 1531 507 1545 ‚
531 1510 572 1537 ut
587 1504 661 1537 eius
679 1499 846 1547 pulchros
863 1499 1045 1533 cincinnos

272 1559 403 1592 Comae
419 1558 550 1590 radant
564 1567 647 1588 saxa
663 1551 850 1591 Parnassi,

271 1610 375 1643 Unde
392 1609 483 1643 saltu
502 1608 545 1640 de
561 1618 645 1641 saxo
667 1604 862 1638 deiicietur.

326 1763 403 1792 Fuga
422 1761 540 1789 alatam,
567 1760 614 1782 aut

327 1798 430 1821 Terrae
448 1795 498 1817 sut)
520 1792 707 1816 tenebricosos
728 1795 856 1813 secessus

326 1832 387 1855 lho.
416 1829 512 1852 mortis
532 1826 703 1855 lapidabilem

327 1865 431 1888 Noxam
449 1862 599 1888 effugiens,
626 1859 820 1889 quadrigarum

327 1897 541 1921 Velocissimam
559 1895 662 1918 chelam
681 1892 883 1920 conscendens,
909 1892 955 1912 aut

328 1934 360 1956 ln
379 1937 484 1961 puppes
499 1929 617 1953 navium.

330 1967 416 1995 „Non
435 1965 499 1988 licet
516 1962 646 1993 adipisci,
670 1960 776 1991 quando
794 1959 891 1982 nolens

330 2018 349 2031 „
360 2002 431 2024 Deus
450 1998 582 2021 subducit.

331 2034 507 2064 „Quidnani.
534 2038 548 2055 o
569 2030 670 2054 misera
689 2028 813 2053 domina,

331 2069 456 2098 „Animo
474 2071 592 2096 passura
611 2060 662 2087 es'.2
688 2069 750 2085 num
770 2061 893 2084 volentes

332 2103 464 2131 „Facere
482 2100 582 2129 aliquid
603 2099 665 2121 mali
685 2095 833 2125 proximis,
858 2095 933 2123 ipsae

334 2137 498 2166 „Pattmun
525 2136 652 2161 tanquam
671 2136 784 2160 aequum
805 2130 857 2151 est.

264 2188 310 2220 21)
332 2188 395 2213 Cre.
417 2185 560 2209 Ministrae
578 2196 611 2200 -
631 2182 749 2204 fortuna.
778 2181 832 2207 (vs,
851 2177 959 2201 1250-
972 2178 1077 2205 1260.)]
1103 2178 1143 2201 sic
1168 2178 1215 2202 Ed,

302 2222 394 2251 1562.;
419 2220 468 2243 Ed.
484 2219 575 2242 1558:
856 2242 862 2245 .

334 2256 397 2280 Cre.
417 2253 563 2278 Famulae,
588 2248 773 2279 persequimur
793 2247 825 2270 ad
845 2246 954 2269 letalem
975 2247 1105 2273 mortem,

334 2289 433 2319 Pythio
452 2287 556 2311 cau-ulo
576 2285 663 2311 victa,
689 2282 867 2305 condemnata
885 2286 951 2302 vero
971 2286 1038 2302 sum.

337 2325 422 2349 otior.
441 2321 546 2345 Scimus
557 2336 564 2346 ,
581 2324 596 2342 0
612 2318 727 2341 misera,
745 2317 808 2339 tuas
824 2314 1011 2340 calamitates,
1031 2313 1074 2336 ubi
1088 2314 1154 2337 felix
1169 2315 1217 2340 sis,

337 2359 399 2383 C're.
420 2358 478 2386 Quo
497 2354 598 2383 fugiam
618 2347 720 2381 igitur?
746 2357 777 2372 ex
793 2349 856 2372 telis
871 2348 941 2371 enim
954 2348 1040 2376 eripui
1055 2348 1099 2371 vix
1115 2348 1218 2377 pedem,

336 2393 376 2416 Ne
395 2390 510 2415 moriar:
535 2387 629 2410 furtim
647 2389 714 2407 vero
734 2383 848 2409 adveni,
877 2382 1009 2412 effugiens
1029 2382 1130 2406 hostes,

338 2426 422 2450 Cher.
443 2425 563 2453 Quonam
583 2421 654 2449 alio,
679 2418 731 2441 nisi
749 2417 782 2440 ad
802 2413 900 2439 aram?

340 2460 400 2484 cre.
422 2459 458 2482 Et
475 2456 539 2487 quid
559 2454 621 2478 milii
640 2452 786 2483 prodesset
803 2447 874 2474 hoc?

339 2494 424 2518 chor.
444 2490 595 2520 Supplicem
614 2488 657 2511 fas
677 2491 730 2509 non
751 2487 794 2508 est
813 2484 944 2507 occidere.

650 2525 738 2548 porco.

990 2483 1052 2508 Cre.
1073 2484 1146 2515 Lege
1165 2484 1220 2508 lata

340 2562 423 2586 Chor-
441 2556 576 2582 Dediticia
592 2555 697 2584 quidem
718 2552 896 2581 deprehensa.
933 2551 995 2576 Cre.
1015 2551 1096 2581 Atqui
1115 2552 1140 2574 hi
1159 2558 1220 2575 cer·

650 2590 755 2611 tatores
775 2586 866 2609 acerbi

339 2630 399 2654 fluo
417 2626 548 2651 festinant
566 2622 687 2646 ensiferi.
725 2621 807 2645 Chor.
827 2619 896 2642 Sede
915 2625 984 2642 nunc
1003 2619 1036 2642 ad
1056 2619 1152 2643 focum.

340 2664 375 2688 Et
393 2662 417 2685 si
435 2658 563 2685 moriaris
581 2657 622 2679 hic
641 2655 782 2683 existens,
807 2653 1030 2676 interfectoribus
1048 2654 1103 2676 tuis

341 2695 557 2722 Contaminatam
576 2690 660 2714 facies
678 2689 805 2719 caedem3
824 2687 963 2718 „ferenda
981 2693 1047 2711 vero
1067 2688 1184 2712 fortuna.

796 89 915 124 PlllL.
946 89 1055 124 MEL.
1084 88 1285 123 sefflPTA
1312 85 1646 121 PHILOLOGICA.

2144 87 2241 122 1048

1299 172 1402 206 Bona
1428 179 1546 206 autem
1570 170 1638 205 hoc
1662 172 1805 204 fortuna
1831 171 1949 204 evenit
1978 170 2087 213 mihi,
2128 173 2242 217 prius-

1664 233 1771 267 quam
1791 222 1836 255 ad
1857 222 2036 256 civitatem

1255 275 1353 310 1270
1380 272 1603 307 Athenarum
1621 273 1794 313 venirem,
1818 279 1852 306 et
1868 274 1932 307 sub
1948 285 2102 308 noverca
2122 285 2244 309 essem.

1302 325 1397 358 Inter
1415 324 1529 358 socios
1544 330 1708 368 expertus
1725 337 1803 358 sum
1822 331 1977 357 mentem

1306 377 1439 415 Tuam,
1467 382 1641 420 quantuni
1660 382 1698 409 tu
1716 375 1850 409 malum
1870 383 1904 409 et.
1919 375 2061 408 inimica
2082 374 2171 409 mihi
2188 376 2245 410 sis.

1306 427 1498 471 Complexa
1516 427 1611 459 enim
1627 439 1682 459 me
1699 427 1792 460 intra
1810 433 1908 460 tuam
1926 428 2072 460 domuin
2084 453 2094 467 ‚

1307 478 1392 511 Mox
1409 477 1606 512 demisisses
1621 478 1659 510 in
1678 478 1841 512 Plutonis
1860 480 2020 511 domum.

1228 553 1230 560 ,
1258 528 1355 564 1275
1382 529 1451 562 Sed
1468 541 1583 574 neque
1601 541 1661 562 ara
1680 541 1795 575 neque
1810 529 1987 573 Apollinis
2006 528 2177 573 templum

1303 580 1465 614 servabit
1480 586 1524 614 te.
1557 580 1636 614 Tua
1655 593 1740 613 vero
1758 581 1939 614 miseratio
1958 587 2026 619 est;
2056 581 2116 613 sed
2133 579 2247 612 maior

1663 638 1713 664 est
1732 632 1824 672 mei,

1308 682 1353 716 Et
1373 694 1472 715 meae
1488 682 1630 721 matris;
1658 683 1797 717 etiamsi
1813 680 1902 716 mihi
1918 695 2046 727 corpus

1307 734 1393 767 Eius
1414 734 1530 774 abest,
1558 741 1677 767 tamen
1694 746 1827 768 nomen
1845 746 2028 780 nunquam
2048 734 2156 766 abest.

1309 785 1436 818 Videte
1456 783 1547 818 hanc
1565 786 1773 818 veneficam:
1802 792 1915 818 artem
1932 798 1972 818 ex
1990 791 2065 818 arte

1265 837 1359 872 1280
1388 836 1580 880 Quomodo
1598 836 1778 882 nectit22);
1807 849 1881 870 non
1896 835 2038 870 horruit
2053 845 2152 867 aram
2169 832 2250 872 Dei,

1311 888 1501 932 Tanquam
1520 900 1594 921 non
1614 889 1740 921 datura
1759 899 1913 932 poenam
1929 883 2173 928 factorumffi).

1313 941 1386 973 Cre.
1412 937 1588 972 Interdico
1605 939 1689 979 tibi,
1718 951 1761 971 ne
1779 952 1834 972 rne
1854 939 2058 972 interficias:

1312 990 1391 1022 Mea
1412 1002 1514 1022 causa
1532 988 1600 1023 hoc
1618 991 1696 1023 dico
1714 997 1747 1022 et
1756 990 1834 1030 Dei,
1856 990 1894 1023 in
1912 991 2010 1023 cuius
2026 1000 2086 1022 ara
2106 992 2251 1020 stamus.

1310 1043 1383 1074 Ion.
1413 1040 1508 1084 Quid
1526 1041 1588 1073 tibi
1607 1049 1640 1074 et
1657 1039 1803 1074 Phoebo
1821 1053 2011 1074 commune
2028 1038 2103 1074 est?

1265 1089 1362 1126 1285
1391 1093 1464 1125 Cre.
1493 1090 1549 1124 Do
1564 1091 1639 1125 Deo
1658 1104 1786 1135 corpus
1802 1090 1870 1125 hoc
1888 1104 2030 1136 purum.

1312 1144 1385 1176 Ion.
1410 1142 1605 1188 Postquam
1623 1155 1708 1176 vero
1725 1143 1930 1176 interfecisti
1946 1141 2119 1175 famulum
2135 1138 2226 1172 Dei?

1311 1196 1384 1228 Cre.
1418 1192 1553 1227 Verum
1577 1206 1652 1228 non
1677 1193 1829 1238 amplius
1857 1205 1933 1227 eras
1956 1191 2152 1237 Apollinis,
2193 1189 2253 1223 sed

1676 1245 1787 1288 patris
1807 1244 1870 1278 tui.

1312 1298 1384 1329 Ion.
1413 1294 1482 1329 Sed
1496 1295 1648 1336 fuimus,
1677 1295 1815 1329 etiamsi
1832 1307 1910 1329 mea
1930 1292 2125 1329 substantia
2144 1297 2196 1325 est
2213 1303 2254 1323 ex

1669 1353 1782 1391 patre.

1314 1399 1387 1432 Cre.
1416 1397 1519 1431 Tunc
1534 1404 1629 1437 eras;
1656 1410 1751 1431 nunc
1768 1410 1852 1431 vero
1879 1410 1942 1442 ego
1966 1404 2000 1431 et
2020 1402 2059 1430 tu
2083 1406 2158 1428 non
2180 1404 2254 1426 am-

1675 1449 1780 1493 plius.

1267 1497 1362 1534 1290
1388 1500 1460 1532 Ion.
1489 1498 1571 1533 Non
1587 1511 1621 1533 es
1643 1499 1701 1543 pie
1723 1511 1841 1538 sacra;
1876 1512 1941 1544 ego
1967 1504 2085 1533 autem
2110 1496 2163 1530 fui
2186 1495 2253 1528 rite

1673 1563 1781 1585 sacer.

1317 1602 1389 1635 Cre.
1417 1599 1580 1634 Interfeci
1597 1599 1735 1635 hostem
1755 1614 1854 1634 meae
1871 1601 2039 1634 familiae.

1315 1654 1387 1686 Ion.
1416 1652 1510 1686 Num
1528 1659 1685 1686 armatus
1703 1653 1784 1686 veni
1800 1653 1837 1686 in
1853 1659 1951 1686 tuam
1969 1649 2142 1686 domum?

1317 1706 1390 1738 Cre.
1426 1703 1601 1742 Maxime;
1645 1704 1834 1737 incendisti
1868 1704 1963 1737 enim
2000 1703 2070 1735 iam
2107 1702 2253 1734 domum

1674 1753 1876 1790 Erechthei.

1299 1885 1345 1917 22)
1365 1887 1463 1915 nectit]
1483 1887 1523 1909 sic
1543 1887 1590 1910 Ed.
1608 1887 1698 1916 15⁶2:
1725 1887 1807 1909 Editt.
1833 1887 1926 1909 recent
1944 1893 1951 1909 ε
1976 1883 2110 1908 nexuerit.

1300 1936 1347 1968 23)
1368 1937 1426 1962 Ion.
1448 1938 1469 1961 Ο
1489 1937 1595 1960 taurina
1614 1950 1647 1953 —
1666 1937 1809 1961 factorum.
1830 1939 1884 1965 (νε.
1902 1935 2124 1962 1261-1281.)]
2149 1933 2189 1956 sic
2207 1931 2255 1955 Ed.

1337 1972 1427 2001 15023
1454 1972 1500 1995 Ed.
1517 1972 1607 1994 1558:

1370 2007 1430 2031 Ion.
1455 2005 1476 2028 Ο
1498 2005 1634 2028 taurinam
1653 2004 1768 2028 formam
1787 2005 1888 2027 liabens
1908 2004 2000 2026 vultus
2019 2000 2130 2032 Cephisi
2149 1999 2256 2031 patris,

1372 2041 1483 2070 Qualem
1504 2039 1641 2062 echidnam
1661 2039 1742 2062 istam
1761 2035 1935 2068 produxisti?
1960 2040 2007 2061 aut
2026 2037 2098 2066 iguis

1370 2075 1522 2098 Draconem
1543 2073 1738 2101 respicientem
1759 2074 1867 2096 letalem
1887 2068 2041 2095 flammam?

1372 2110 1421 2133 Cui
1440 2107 1555 2131 audacia
1576 2108 1662 2130 omnis
1681 2108 1769 2135 inest3
1794 2113 1882 2137 neque
1901 2107 2022 2130 deterior
2041 2103 2132 2128 existit

1371 2142 1509 2172 Gorgonis
1532 2142 1632 2169 guttis,
1658 2142 1753 2171 quibus
1772 2142 1859 2164 voluit
1878 2147 1920 2163 me
1938 2139 2102 2163 interficere.

1371 2176 1588 2206 Appi-ehendite,
1613 2178 1641 2198 ut
1660 2176 1718 2198 eius
1738 2176 1860 2204 integros
1882 2175 2023 2198 cincinnos

1372 2211 1472 2234 Comae
1491 2209 1624 2232 dei-adam
1645 2209 1775 2232 Parnassi
1794 2209 1910 2239 rudera,

1372 2245 1449 2267 Unde
1468 2243 1603 2272 petricoso
1623 2244 1694 2266 iactu
1712 2243 1882 2266 iaculabitur.

1373 2279 1473 2301 Bonam
1494 2282 1560 2300 vero
1579 2277 1658 2300 habui
1678 2278 1829 2304 fortunam,
1848 2277 1992 2306 antequam
2011 2275 2045 2299 ad
2063 2275 2203 2299 civitatem

1373 2312 1501 2335 Ventrem
1519 2312 1700 2339 Athenarum,
1726 2313 1753 2334 et
1771 2312 1821 2334 sub
1839 2315 1985 2334 novercam
2005 2310 2136 2333 venirem.

1372 2348 1447 2370 Inter
1466 2346 1558 2368 socios
1577 2345 1647 2368 enim
1667 2345 1789 2375 cogitare
1807 2351 1916 2374 possum
1935 2344 2054 2367 animum

1374 2382 1473 2407 Τιιιιπι,
1497 2382 1624 2408 quantum
1644 2379 1705 2402 mihi
1725 2379 1813 2402 damni
1833 2381 1860 2404 et
1878 2379 1966 2402 hostis
1985 2384 2073 2402 esses.

1375 2416 1451 2438 lutra
1469 2413 1562 2436 domos
1581 2414 1652 2436 enim
1670 2414 1809 2443 complexa
1828 2420 1886 2438 me.

1375 2450 1438 2473 Mox
1457 2449 1530 2470 certe
1549 2447 1702 2471 dimisisses
1719 2448 1746 2470 iu
1766 2448 1890 2471 Plutonis
1909 2447 2022 2470 domum.

1375 2483 1478 2506 Verum
1497 2488 1584 2511 neque
1601 2487 1667 2512 ara,
1692 2488 1779 2511 neque
1798 2482 1933 2511 Apollinis
1953 2481 2080 2510 templum

1375 2516 1503 2540 Sei-vahit
1524 2517 1566 2539 te:
1590 2516 1732 2539 miseratio
1751 2516 1805 2541 tui,
1832 2517 1898 2540 haec
1917 2515 1977 2538 milii
1997 2515 2086 2544 potior
2105 2515 2233 2539 debetur.

1377 2553 1409 2574 Et
1429 2556 1504 2573 meae
1521 2550 1619 2575 matri:
1644 2551 1743 2573 etenim
1761 2550 1784 2572 si
1802 2556 1901 2579 corpus
1920 2549 1983 2572 mihi

1376 2586 1458 2608 Abest
1477 2584 1551 2610 eius,
1576 2589 1671 2606 nomen
1692 2590 1757 2607 vero
1777 2590 1830 2607 nou
1848 2585 1925 2607 abest
1945 2588 2068 2613 unquam.

1377 2619 1474 2641 Videte
1491 2618 1651 2642 scelestam.
1677 2624 1708 2641 ex
1728 2619 1822 2641 fraude.
1841 2618 1962 2640 fraudem

1376 2653 1487 2681 Qualem
1506 2652 1590 2678 texit,
1615 2658 1667 2675 uon
1687 2658 1762 2675 aram
1781 2651 1903 2674 extimuit
1922 2651 1988 2678 Dei,

1376 2687 1512 2716 Tanquam
1530 2692 1584 2709 uon
1603 2686 1767 2716 supplicium
1786 2686 1883 2709 datura
1900 2685 2111 2710 commissorum.
