2373 2980
118 82 192 117 777
624 76 730 112 LXV.
782 75 1181 112 INTERPRLTATIO
1212 76 1352 111 RHESI
1379 76 1632 113 EURIPIDIS.
2074 82 2146 116 778

115 166 164 203 85
188 168 284 203 Ghor.
310 163 421 210 Atqui
433 161 494 197 hic
508 162 647 198 Aeneas
663 164 766 206 valde
783 164 945 198 celeriter
1211 163 1278 196 Sed
1298 164 1490 198 exercitum
1508 163 1699 210 tranquille
1716 164 1812 198 iuxta
1828 178 1928 200 arma

166 218 292 257 Venit,
343 228 478 249 novum
521 215 692 261 quiddam
734 213 860 257 hahet,
904 223 944 249 ut
984 214 1106 249 amicis
1211 214 1380 248 Dormire
1400 216 1559 250 sinamus
1576 228 1595 249 a
1613 216 1795 251 laboribus
1812 218 1962 255 bellicis;

522 267 676 301 nuntiet.
1162 265 1234 300 125
1271 266 1546 310 Exploratorem
1580 280 1665 301 vero
1696 269 1740 301 ad
1769 267 1887 304 hostes
1899 297 1908 310 ,
1948 270 2150 316 quicunque

162 323 248 354 Aen.
274 317 406 351 Hector
418 346 426 359 ,
450 330 561 365 quare
576 319 743 353 nocturni
761 319 799 352 in
815 321 970 352 exercitu
1574 319 1650 352 vult
1666 319 1729 359 ire,

163 369 295 415 Vigiles
314 371 360 403 ad
377 376 436 404 tua
457 370 585 404 cubilia
604 371 753 405 veniunt
771 383 851 405 cum
869 378 1019 409 terrore,
1210 368 1427 402 'Mittendum
1447 381 1590 407 censeo;
1617 377 1650 403 et
1667 370 1696 404 si
1712 371 1882 405 solverint
1899 374 1980 417 suga

162 421 206 455 Et
234 428 449 456 nocturnum
474 429 690 456 conventum
718 423 891 463 excitant,
916 429 949 456 et
966 427 1104 467 pertur-
1209 419 1363 459 Euntes,
1389 420 1566 454 irruemus
1584 421 1622 454 in
1640 423 1850 461 exe1·citum;

525 474 611 507 bant
627 474 844 508 exercitum?
1209 470 1245 504 Si
1262 483 1346 503 vero
1365 470 1401 503 in
1419 471 1541 504 dolum
1560 474 1739 517 quendam
1759 475 1893 507 ducunt
1910 472 1947 507 hi
1965 474 2075 518 ignes,

112 524 160 557 90
182 526 276 558 Hect.
300 524 440 565 Aenea,
464 525 605 559 munias
623 526 732 560 armis
748 532 851 559 tuum
870 537 1012 570 corpus.
1211 522 1389 556 Certiores
1412 523 1494 555 facti
1522 524 1564 555 de
1584 520 1739 557 hostium
1764 525 1902 559 insidiis
1929 527 1972 559 ab
1991 527 2153 570 explora-

162 578 247 610 Aen.
273 575 370 621 Quid
389 575 463 610 est?
480 589 566 610 num
582 577 660 622 quis
678 578 721 610 ab
739 575 901 611 hostibus
917 576 1104 610 nuntiatur
1577 580 1666 614 tore,

162 627 275 661 Dolus
294 628 450 662 occultus
469 640 541 662 esse
558 641 622 673 per
641 635 782 662 noctem
793 629 807 661 '2³
1162 626 1230 659 130
1268 625 1320 659 De
1344 626 1483 669 integro
1512 625 1805 660 consultabimus.
1875 628 1971 661 Haec
1997 635 2047 662 est
2072 640 2151 661 mea

162 681 255 713 Hect.
277 678 436 724 Fugiunt
454 680 602 720 Graeci,
626 687 660 713 et
673 682 917 714 conscendunt
932 691 1051 712 naves.
1570 677 1757 710 sententia.

162 733 248 764 Aen.
298 731 406 775 Quod
446 730 550 764 huius
589 731 643 764 rei
677 731 793 765 dicere
829 738 929 776 potes
966 737 1100 764 certum
1126 749 1131 789 Ι

110 830 159 865 95
184 834 277 866 Hect.
304 833 531 867 Succeudunt
547 846 610 878 per
625 839 737 866 totam
754 840 895 866 noctem
913 833 1024 876 ignes,

158 881 207 915 Et
223 881 313 916 mihi
329 884 497 919 videntur
512 897 587 918 non
606 897 752 918 manere
769 885 806 918 in
822 885 1029 923 crastinum,

528 782 666 826 signum
679 782 694 814 2>
1536 767 1601 811 [St
1613 769 1712 811 ropla
1724 769 1768 813 e.]

1127 795 1131 916 ι
1209 838 1306 871 Chor.
1335 835 1431 868 Haec
1448 835 1611 880 placent,
1635 832 1724 868 haec
1742 842 1900 870 mutatus
1919 837 2060 882 cogites.

1207 887 1290 921 Non
1307 899 1389 920 amo
1406 888 1536 920 ducum
1553 886 1687 919 robora
1706 888 1910 922 temeraria.

159 934 227 968 Sed
247 935 475 970 incendentes
494 936 592 980 ignes
609 936 647 969 in
664 943 876 970 transtratas
892 949 1011 976 naves,
1207 939 1302 983 Quid
1322 945 1441 972 autem
1461 945 1511 972 est
1530 937 1658 971 melius
1674 951 1783 983 quam

158 985 257 1030 Fuga
275 987 422 1021 domum
440 988 484 1020 ab
500 985 567 1021 hae
581 988 725 1022 solvunt
740 995 846 1022 terra.
1208 991 1368 1024 Celerem
1385 990 1649 1035 exploratorem
1668 989 1719 1023 ire
1739 991 1782 1024 ad
1801 1002 1922 1030 naves,

158 1040 245 1071 Aen.
273 1037 330 1072 Tu
348 1039 433 1084 quid
450 1039 608 1073 facturus
625 1051 742 1073 armas
757 1052 906 1073 manum
917 1039 932 1071 ‘x'
1161 1050 1230 1085 135
1256 1050 1415 1084 CUI-nam
1432 1049 1594 1083 hostibus

111 1089 182 1122 100
205 1091 301 1123 Heet.
322 1088 422 1135 Ipsos
438 1091 613 1135 fugientes
629 1097 663 1124 et
678 1091 843 1125 salientes
862 1091 899 1123 in
916 1100 1024 1123 naves

156 1140 267 1179 Hasta
283 1140 487 1182 retraham,
514 1148 549 1175 et
570 1143 710 1176 instabo
727 1143 798 1176 illis
815 1142 945 1186 gravis.

158 1191 280 1236 Turpe
320 1194 416 1226 enim
452 1193 557 1226 nobis
592 1200 627 1226 et
659 1200 802 1238 praeter
841 1192 1098 1238 turpitudinem

1207 1102 1307 1143 Ignes
1324 1102 1369 1134 ad
1385 1101 1529 1134 navalia
1547 1100 1811 1134 incendantur?

1207 1156 1301 1187 [lect.
1341 1152 1500 1193 Vincite,
1540 1152 1835 1197 quandoquidem
1865 1151 2031 1186 omnibus
2064 1151 2151 1186 haec

1571 1203 1724 1247 placent.

175 1294 179 1295 ⁷
519 1245 733 1278 damnosum
751 1246 807 1283 sit,
1207 1256 1305 1289 Vade
1317 1283 1326 1295 ,
1360 1255 1502 1288 contine
1519 1256 1624 1288 duces
1640 1254 1840 1292 sociorum;
1872 1255 2033 1289 celeriter
2055 1256 2149 1289 enim

158 1294 236 1327 Deo
256 1295 490 1334 concedente,
513 1293 634 1329 hostes
651 1297 784 1341 absque
801 1307 919 1340 pugna
1567 1306 1740 1339 exercitus

158 1345 371 1385 Dimsttere,
395 1346 538 1391 quinos
557 1347 755 1380 affecerunt
771 1348 892 1380 multis
910 1346 1024 1379 malis·
1206 1358 1346 1391 Moveri
1377 1363 1514 1401 posset,
1555 1357 1704 1391 audiens
1735 1357 1820 1391 istos
1844 1364 2040 1393 nocturnos
2065 1371 2147 1393 con-

109 1395 181 1430 105
212 1400 300 1430 Aen.
324 1396 504 1436 „Utinam
531 1409 622 1431 esses
651 1404 725 1430 tam
746 1399 908 1442 sapiens,
931 1409 1039 1442 quam
1066 1408 1099 1429 es

519 1461 629 1482 manu
645 1456 845 1494 promptus.

156 1498 321 1539 „Verum
340 1511 415 1531 non
428 1511 539 1540 unus,
563 1500 626 1545 qui
643 1501 764 1534 omnia
782 1501 881 1541 sclat,

157 1549 300 1590 „Natus
316 1556 386 1588 est3
415 1551 519 1584 alteri
535 1552 633 1585 aliud
648 1553 748 1586 adest
764 1565 907 1593 munus,
1123 1559 1127 1599 Ῑ

157 1601 244 1641 „Tu
262 1601 408 1646 quidem
424 1614 585 1646 pugnare
597 1630 606 1643 ,
631 1604 691 1636 alii
707 1605 797 1638 bene
815 1603 999 1638 consulere
1018 1614 1097 1647 pos-
1122 1630 1126 1643 ,

523 1654 656 1701 suntss).
1122 1645 1126 1690 i

155 1702 228 1747 Qui
246 1703 394 1737 audiens
411 1703 502 1747 ignis
520 1705 633 1745 faces,
659 1706 772 1740 credis

107 1753 178 1787 110
201 1753 340 1798 Fugere
357 1755 533 1796 Graecos,
555 1763 590 1789 et
608 1757 801 1790 exercitum
818 1758 871 1791 vis
888 1759 1048 1795 educere,

154 1805 350 1840 Transiens
366 1807 478 1840 fossas
494 1807 531 1840 in
548 1808 665 1841 media
685 1815 801 1843 nocte.

151 1857 264 1902 Atqui
279 1858 455 1892 transiens
472 1870 596 1892 cavam
611 1860 894 1904 profunditatem
906 1860 1095 1898 fossarum,

1570 1420 1719 1452 gressus.

1157 1470 1228 1504 140
1253 1468 1329 1512 Ego
1348 1468 1488 1500 mittam
1506 1467 1770 1511 exploratorem
1787 1466 1958 1509 hostiurn,

1205 1521 1251 1554 Et
1267 1521 1296 1554 si
1314 1518 1471 1553 hostiurn
1492 1519 1594 1552 dolos
1616 1520 1873 1559 audiverimus,

1205 1573 1262 1606 Tu
1280 1571 1401 1605 onmia
1419 1570 1563 1611 audies,
1593 1577 1628 1604 et
1641 1583 1810 1615 praesens
1827 1571 1925 1605 scies0

1203 1625 1239 1658 Si
1257 1630 1376 1657 autem
1394 1622 1567 1656 solverint
1586 1623 1631 1655 ad
1647 1623 1768 1667 fugam
1786 1623 1982 1663 tendentes,

1202 1676 1327 1709 Tubae
1346 1675 1550 1718 clangorem
1572 1680 1760 1718 expectans
1777 1675 1940 1713 observa,

1155 1734 1225 1770 145
1260 1735 1453 1779 Tanquam
1479 1746 1554 1767 non
1581 1745 1752 1767 mansuro
1779 1747 1853 1771 me;
1893 1734 1952 1767 sed
1982 1734 2146 1767 accedam

1565 1785 1713 1818 navium

1201 1836 1313 1870 Sulcis
1328 1833 1396 1868 hac
1415 1842 1519 1868 nocte
1538 1836 1582 1868 ad
1599 1836 1773 1880 Argi-vum
1793 1836 1996 1870 exercitum.

153 1908 190 1941 Si
205 1920 279 1941 110„
297 1908 458 1943 invenies
474 1907 593 1944 hostes
610 1923 652 1944 ex
670 1917 764 1944 term
1118 1896 1123 1987 i
1199 1892 1284 1923 Aen.
1316 1887 1420 1920 Mitte
1449 1899 1556 1932 quam
1583 1887 1762 1931 primurn;
1804 1900 1900 1921 nunc
1925 1887 2019 1921 enim
2048 1895 2142 1921 recte

152 1959 288 2003 Fugere
299 1986 308 2000 ‚
330 1962 390 1994 sed
407 1961 445 1994 in
460 1967 560 1994 tuam
575 1960 715 1997 hastam
732 1962 973 2007 respicientes,
1199 1992 1208 2003 r
1384 1989 1392 1995 ·
1468 1989 1475 1996 ⁸
1562 1945 1683 1973 Sflsstls·
1905 1991 1912 1997 .
1994 1991 2001 1998 ι

103 2008 176 2045 115
199 2011 322 2045 Victus
342 2024 415 2045 non
434 2013 568 2056 poteris
585 2015 703 2048 redire
726 2015 771 2047 ad
788 2013 882 2047 hauc
900 2013 1093 2046 civitatem.
1117 1989 1122 2041 1
1207 1992 1334 2024 secum
1357 1989 1494 2023 wdebffl
1509 2002 1566 2022 me
1588 1990 1802 2048 tOlffflntem
1816 2018 1825 2031 ν
1853 1992 2027 2037 q¹¹¹dq⁰¹d
2053 2004 2142 2036 ΟΡυὸ

153 2063 347 2107 Quomodo
367 2063 461 2096 enim
486 2065 653 2098 transibit
671 2066 842 2099 exercitus
861 2066 898 2098 in
923 2063 1091 2108 fugiendo
1386 2092 1393 2099 ‚
1557 2042 1676 2099 fue-slt-
1869 2093 1876 2100 ·
1968 2094 1975 2101 .
2015 2094 2023 2101 .

510 2116 638 2160 palos?
1196 2097 1291 2130 Hect.
1322 2093 1498 2138 Quisnam
1526 2092 1790 2151 Tromnqrum,
1816 2106 1877 2139 qul
1901 2095 1992 2128 adsit
2012 2106 2050 2127 m
2072 2092 2140 2128 hoc

150 2164 198 2198 Et
214 2167 397 2210 quomodo
414 2178 478 2210 per
494 2174 620 2211 pontes
638 2168 841 2202 transibunt
860 2167 1008 2213 equites,
1562 2145 1724 2185 c⁰n³¹h02

1116 2204 1119 2212 ι
1177 2203 1193 2215 μ·

1148 2206 1220 2239 100
1242 2204 1329 2237 Vult
1347 2204 1552 2249 explorator
1570 2205 1615 2237 ad
1630 2217 1739 2238 naves
1755 2204 1976 2238 Graecorum
1998 2204 2076 2238 ire?

1196 2256 1286 2301 Quis
1302 2257 1380 2289 vult
1394 2257 1437 2289 de
1456 2255 1573 2300 patria
1590 2256 1681 2289 bene
1698 2254 1854 2289 mereri?

149 2216 227 2250 Nisi
244 2218 415 2261 fregerint
431 2225 594 2252 rotarum
610 2219 715 2253 axes?

149 2267 304 2303 Vincens
316 2281 402 2302 vero
414 2268 530 2304 adhuc
546 2268 655 2305 habes
671 2272 891 2305 resistentem
902 2267 1090 2308 Achillem,
1258 2308 1266 2314 θ
1380 2308 1386 2313 .
1499 2308 1503 2312 ,
1698 2307 1705 2313 ,
2084 2307 2091 2313 .

101 2320 173 2355 120
196 2319 269 2365 Qui
283 2332 359 2354 non
373 2321 466 2355 sinet
477 2328 510 2355 te
526 2322 670 2356 iniicere
688 2323 807 2367 ignem
824 2323 988 2362 navibus,
1195 2307 1514 2365 Quis-pollicetur?
1537 2320 1622 2340 num
1645 2308 1730 2365 ‘1¹1¹ss
1748 2319 1893 2351 possum
1912 2318 1976 2364 ego
1994 2319 2115 2340 omma

147 2371 272 2417 Neque
291 2372 349 2406 ifle
365 2373 414 2407 sic
430 2373 523 2407 sinet
540 2375 696 2409 Graecos
714 2387 860 2419 rapere,
891 2380 931 2407 ut
956 2380 995 2406 m
1019 2370 1089 2405 exi*
1113 2409 1116 2415 .
1192 2360 1337 2392 Patriae
1364 2365 1397 2392 et
1421 2371 1524 2392 socus
1555 2359 1846 2414 subministrare,
1886 2359 2014 2405 qulbus
2048 2371 2137 2403 opus

512 2426 644 2460 stimas.
1112 2417 1116 2512 Ι
1562 2416 1613 2442 eSt
1626 2409 1637 2442 ἱ)

1111 2556 1114 2572 t

147 2473 287 2509 Ardens
305 2475 401 2509 enim
418 2475 474 2509 vir
491 2483 561 2518 est,
585 2483 620 2511 et
634 2478 794 2512 munitus
810 2489 933 2511 manu·
1192 2463 1315 2496 Dolon.
1340 2461 1416 2505 Ego
1434 2473 1501 2505 pro
1520 2467 1635 2505 patria
1656 2459 1724 2495 hoc
1739 2462 1937 2506 periculum

1112 2523 1114 2554 i
1144 2519 1216 2555 155
1251 2521 1422 2560 Subiens‚
1464 2520 1667 2564 speculator
1703 2522 1747 2553 ad
1776 2532 1884 2554 naves
1911 2520 2131 2554 Graecorum

97 2588 303 2593 ·——
1111 2574 1114 2627 ἰ
1552 2572 1634 2604 volo
1651 2572 1716 2612 ire,

1111 2642 1114 2654 .

1110 2712 1114 2722 .

1192 2624 1238 2657 Et
1254 2622 1375 2656 omnia
1396 2622 1615 2657 Graecorum
1636 2635 1854 2667 cognoscens
1873 2622 2033 2662 consilia,

130 2658 161 2691 9)
182 2661 214 2685 Η.
234 2661 252 2684 1.
273 2660 299 2683 iu
318 2660 401 2684 Editt.
418 2662 508 2690 1558..
531 2662 605 2687 1562.
626 2663 690 2686 nota
708 2668 813 2693 marg.:
833 2664 892 2686 Non
911 2661 1002 2686 onmia
1020 2666 1087 2690 pos·
1111 2666 1113 2691 2
1191 2675 1331 2708 Redibo
1350 2672 1418 2707 huc
1430 2687 1436 2693 ι
1458 2672 1552 2707 hunc
1569 2675 1728 2708 hborem
1746 2675 1783 2707 in
1799 2686 1856 2708 me
1872 2673 2005 2717 recipio

1429 2700 1436 2712 ‚
1583 2697 1591 2707 ⁴
2010 2698 2018 2707 .

163 2701 257 2718 Sumus
277 2701 379 2718 omues.
