2373 2980
42 98 54 152 ᾧ]
95 113 168 150 109

198 199 374 234 Saturnus
390 202 425 230 et
438 196 640 231 MercurIus
662 196 892 240 cognationes
904 222 913 236 ‚
940 196 1094 229 familia-

40 267 45 278 *
94 251 238 291 ritates,
265 249 471 284 societatem
496 247 814 288 commerciorum,
842 253 1092 281 contractuum

95 309 131 337 et
146 313 332 336 sacrorum
353 299 471 334 efficit.

196 351 332 397 Iupiter
355 357 389 384 et
411 350 531 391 Mars,
565 349 729 384 sodalitia
759 362 825 395 per
853 349 1093 393 magistratus,

95 409 158 437 aut
175 403 262 437 alias
281 402 569 447 gubernationes.

197 453 333 499 Iupiter
350 459 385 487 et
399 452 539 492 Venus,
566 450 740 484 amicitias
757 462 821 494 per
835 450 993 495 publicas
1013 458 1094 495 per-

94 517 223 546 sonas,
265 516 356 551 quae
386 503 566 537 sacrificiis
600 508 661 535 aut
692 501 868 536 vaticiniis
899 508 1094 546 occupatae

94 563 190 591 sunt.

198 605 333 651 Iupiter
349 611 382 638 et
391 603 611 643 Mercurius,
639 603 927 637 conversationes
945 608 1095 647 propter

95 658 211 692 studia
233 656 418 690 doctrinae
437 661 472 688 et
488 654 633 688 artium.

199 708 298 741 Mars
332 713 366 740 et
391 705 513 739 Venus
544 705 680 738 faciunt
710 704 999 739 conversationes
1030 716 1095 748 per

95 770 256 799 amores,
284 757 458 791 adulteria
475 762 509 789 et
523 755 775 789 scortationes:
811 768 902 802 quae
921 762 1042 789 tamen
1061 762 1095 788 et

95 809 317 855 periculosae
334 814 436 848 sunt,
462 813 494 840 et
509 819 584 840 non
602 807 664 840 diu
683 812 765 840 sunt
780 807 905 841 laetae.

199 860 297 894 Mars
324 866 359 892 et
382 858 584 892 Mercurius
611 857 838 898 inimicitias,
871 856 1037 890 infamias
1061 862 1096 890 et.

94 911 190 945 rixas
222 911 424 955 significant
466 909 594 942 litteris
623 909 812 943 mandatas
842 915 877 942 et
912 908 1094 942 veneficia.

93 963 216 997 Venus
241 968 276 995 et
303 960 503 995 MercurIus
529 959 729 1004 significant
760 959 1022 993 familiaritates
1053 971 1095 993 ex

94 1014 251 1054 artibus,
285 1013 410 1047 studiis
435 1018 469 1045 et
491 1011 707 1045 commercio
729 1010 952 1052 litterarum,
987 1016 1049 1044 aut
1075 1022 1095 1043 a

95 1065 307 1099 mulieribus
324 1070 432 1097 ortas.

196 1114 420 1149 Incrementa
437 1126 523 1147 vero
542 1119 577 1146 et
596 1113 822 1146 decrementa
846 1112 1011 1145 brevium
1039 1124 1095 1146 so-

96 1167 284 1201 dalitatum
326 1166 518 1199 iudicanda
550 1171 633 1198 sunt
668 1176 709 1197 ex
738 1163 971 1206 congruentia
1008 1175 1095 1208 qua-

95 1224 179 1252 tuor
194 1217 470 1262 praecipuorum
488 1216 664 1248 locorum.
711 1214 803 1248 Nam
822 1214 860 1245 in
877 1213 1095 1253 cardinibus,

95 1275 199 1313 parte
215 1269 402 1307 fortunae,
439 1278 479 1299 ac
502 1266 679 1299 luminum
706 1265 812 1305 locis,
848 1264 1001 1298 accessio
1029 1265 1094 1298 erit

96 1319 287 1357 illustrior;
332 1319 391 1351 sed
425 1330 504 1350 cum
529 1317 573 1349 ab
595 1316 663 1349 illis
686 1316 773 1349 locis
798 1316 950 1349 aberunt
973 1316 1094 1349 stellae

95 1370 352 1415 significantes,
385 1368 523 1401 effectio
553 1367 620 1400 erit
642 1367 868 1400 imbecillior.

199 1420 266 1453 Sed
285 1420 430 1464 quando
454 1417 542 1451 boni
567 1423 732 1457 eventus,
767 1418 912 1463 quando
940 1419 1025 1451 mali
1050 1419 1094 1452 ab

95 1470 217 1504 amicis
242 1470 492 1514 impendeant,
535 1481 577 1501 ex
610 1468 780 1514 qualitate
804 1469 987 1502 stellarum
1011 1482 1094 1503 con-

94 1521 320 1566 gruentium,
346 1522 441 1553 bona
460 1520 515 1553 vel
531 1520 623 1552 mala
636 1546 645 1560 ,
672 1520 884 1553 sumendum
904 1527 967 1555 est.

492 1624 547 1655 De
571 1623 689 1655 servis.

198 1696 392 1730 Servorum
410 1702 443 1729 et
459 1694 692 1728 dominorum
711 1695 924 1729 concordiae
942 1695 999 1728 vel
1024 1695 1094 1729 dis-

94 1747 237 1781 cordiae
251 1753 442 1781 sumuntur
461 1759 502 1779 ex
520 1745 594 1780 XII.
613 1747 721 1779 domo
734 1773 743 1786 ,
772 1753 805 1780 et
821 1759 840 1780 a
858 1747 1092 1791 congruentia

92 1799 275 1833 stellarum
297 1798 371 1832 eius
386 1797 456 1831 loci
473 1798 510 1830 in
528 1797 667 1841 genesi,
702 1810 763 1831 seu
781 1810 861 1831 cum
880 1799 918 1831 in
939 1799 1092 1832 eundem

92 1850 209 1884 locum
239 1849 422 1890 insistent,
457 1861 519 1883 seu
542 1861 621 1882 cum
650 1855 754 1882 erunt
780 1849 984 1894 oppositae;
1018 1862 1093 1882 ma-

91 1901 186 1934 xime
205 1913 309 1941 vero,
337 1913 417 1934 cum
443 1900 650 1933 dominator
674 1900 765 1944 signi
789 1900 863 1934 eius
886 1901 977 1940 loci,
1012 1913 1091 1934 cum

91 1953 319 1986 dominatore
335 1951 534 1985 nativitatis
553 1952 730 1985 consentit
747 1958 809 1985 aut
826 1952 999 1986 dissentit.

410 2063 466 2095 De
489 2063 773 2106 pereyrinatione.

194 2138 312 2172 Locus
339 2138 640 2183 peregrinationis
674 2137 827 2172 sumitur
861 2150 879 2170 a
913 2139 1090 2174 luminum

90 2190 212 2236 positu
235 2191 281 2223 ad
306 2196 446 2230 centra,
473 2190 662 2223 amborum
692 2188 855 2235 quidem,
891 2191 951 2223 sed
978 2192 1091 2235 magis

90 2242 235 2279 Lunae;
270 2254 354 2274 nam
378 2241 416 2274 in
441 2253 586 2281 occasu,
632 2247 694 2274 aut
725 2241 933 2275 cadentibus
958 2242 1045 2276 locis
1071 2256 1089 2276 a

90 2293 295 2328 cardinibus
311 2292 617 2337 peregrinationes
633 2299 666 2326 et
685 2293 847 2325 locorum
873 2295 1089 2328 mutationes

90 2345 275 2390 significat.
342 2343 440 2377 Idem
467 2344 641 2388 significat
666 2351 700 2377 et
724 2343 843 2384 Mars,
876 2344 949 2378 sive
972 2346 1009 2378 in
1034 2358 1089 2379 oc-

91 2410 193 2437 casu,
220 2395 347 2430 sivein
368 2396 477 2429 domo
505 2397 651 2429 cadente
678 2408 696 2428 a
724 2395 898 2436 culmine,
935 2408 1014 2430 cum
1038 2398 1090 2431 lu-

90 2448 246 2482 minibus
263 2454 325 2481 aut
343 2447 527 2492 oppositus
546 2455 614 2489 est,
642 2454 703 2481 aut
719 2452 938 2491 tetragonus.

193 2499 231 2532 Si
247 2506 365 2533 autem
385 2505 418 2531 et
435 2511 517 2543 pars
532 2500 697 2533 fortunae
715 2498 781 2532 erit
801 2499 838 2531 in
857 2499 965 2543 signis
982 2499 1089 2543 signi-

90 2551 278 2585 ficantibus
296 2550 645 2596 peregrinationem,
680 2556 753 2583 tota
774 2551 867 2591 vita,
902 2562 1088 2584 conversa-

90 2603 141 2636 tio
161 2609 195 2635 et
211 2602 368 2636 actiones
388 2610 492 2636 erunt
511 2604 605 2647 apud
623 2609 771 2636 exteros.

193 2653 239 2687 Et
256 2666 333 2687 cum
352 2655 498 2688 benefici
515 2656 679 2699 planetae
698 2654 899 2698 adspiciunt
914 2653 1089 2698 significa-

91 2712 206 2740 torem
233 2705 420 2746 itinerum,
455 2713 515 2740 aut
543 2708 734 2741 succedunt
758 2705 808 2745 ei,
843 2711 947 2739 erunt
972 2705 1087 2738 clarae

273 110 412 148 XLVII.
449 109 849 146 INTERPRETATIO
876 109 1049 145 OPERIS
1075 109 1463 156 QUADRIPARTITI
1488 108 1771 146 PTOLEMAEI
1796 109 1886 146 LIB.
1903 109 1964 146 IV.

2069 113 2143 148 110

1147 202 1182 229 et
1195 198 1331 230 faustae
1348 197 1504 232 actiones
1522 198 1617 242 apud
1634 203 1772 231 exteros
1791 203 1826 230 et
1838 197 1974 231 reditus
1996 199 2143 240 maturi,

1146 259 1187 280 ac
1212 259 1286 280 non
1318 248 1492 293 impediti.
1559 248 1649 282 Cum
1681 260 1766 282 vero
1798 248 1949 281 malefici
1979 249 2143 293 planetae

1146 297 1421 342 significatorem
1437 299 1606 332 itinerum
1625 299 1840 345 adspiciunt,
1856 305 1962 333 erunt
1973 299 2143 341 difficilia,

1147 350 1320 382 damnosa
1343 355 1378 382 et
1398 347 1598 393 periculosa
1625 351 1767 385 itinera.
1829 350 2002 384 Sumatur
2023 357 2142 385 autem

1147 399 1385 434 consideratio
1420 401 1704 442 commixtionis,
1744 401 1877 448 ubique
1907 402 2004 435 iuxta
2030 402 2145 436 domi-

1146 451 1246 485 nium
1266 463 1410 491 eorum,
1439 451 1501 496 qui
1525 453 1677 485 eundem
1706 453 1823 486 locum
1851 452 2073 497 adspiciunt,
2106 460 2146 487 ut

1147 514 1254 547 supra
1272 501 1438 536 diximus.

1252 552 1343 586 Cum
1377 552 1514 586 lumina
1549 558 1633 586 sunt
1665 553 1703 585 in
1739 553 1905 587 orientali
1933 555 2145 600 quadrante,

1146 603 1389 648 peregrinatio
1405 603 1472 637 erit
1487 615 1609 637 versus
1632 603 1828 644 orientem,
1863 611 1924 638 aut
1946 605 2145 640 meridiem.

1148 655 1217 688 Sed
1237 667 1316 688 cum
1335 654 1468 689 suntin
1488 654 1700 688 occidentali
1724 655 1943 700 quadrante,
1979 662 2040 689 aut
2067 657 2144 701 ipso

1148 718 1295 746 occasu,
1323 706 1391 739 erit
1407 705 1649 750 peregrinatio
1669 717 1791 739 versus
1808 706 2088 750 septentrionem
2113 713 2147 740 et

1149 769 1326 791 occasum.

1250 807 1297 840 Et
1311 819 1390 841 cum
1407 806 1548 851 signum
1568 806 1769 849 significans
1788 806 1854 840 iter
1872 807 1939 840 erit
1955 807 2147 849 uniforme,

1148 865 1210 892 aut
1226 870 1306 892 cum
1325 858 1552 891 dominantes
1564 857 1687 891 stellae
1711 864 1816 891 erunt
1839 858 2057 899 uniformes,
2084 872 2147 903 per

1148 910 1337 943 intervalla
1355 915 1389 942 et
1403 921 1478 942 non
1496 908 1635 943 assidua
1653 908 1781 942 itinera
1800 909 2049 953 suscipientur.
2078 910 2146 943 Sed

1149 974 1228 995 cum
1245 967 1351 994 erunt
1367 961 1520 994 duarum
1539 960 1734 1004 figurarum
1747 986 1756 1000 ,
1781 960 1943 994 assiduae
1960 967 1994 994 et
2008 961 2147 1006 longin-

1149 1024 1240 1058 quae
1258 1011 1564 1056 peregrinationes
1583 1016 1699 1045 erunt.

1250 1061 1386 1107 Iupiter
1402 1068 1521 1096 autem
1541 1069 1576 1095 et
1592 1061 1712 1096 Venus
1738 1075 1817 1095 cum
1843 1069 2015 1108 praesunt
2038 1061 2148 1106 signis

1150 1121 1184 1148 et
1198 1114 1413 1154 luminibus,
1438 1114 1613 1158 praebent
1632 1125 1755 1147 secura
1780 1120 1814 1146 et
1837 1121 1935 1158 grata
1960 1114 2089 1147 itinera
2114 1119 2149 1146 et

1149 1165 1339 1199 comitatus
1354 1178 1416 1199 seu
1434 1177 1497 1209 per
1521 1165 1702 1209 praesides
1727 1165 1936 1209 regionum,
1967 1177 2032 1210 per
2060 1176 2148 1210 quas

1148 1216 1446 1260 proficiscendum
1465 1215 1551 1255 erit,
1576 1227 1637 1249 seu
1654 1227 1717 1260 per
1733 1216 1884 1255 amicos;
1919 1223 1954 1250 et
1979 1217 2149 1250 accedent

1147 1268 1263 1301 bonae
1281 1273 1507 1312 tempestates
1525 1273 1559 1300 et
1576 1267 1678 1310 copia
1698 1274 1978 1302 commeatuum.

1250 1319 1287 1352 Si
1312 1320 1418 1352 etiam
1443 1318 1643 1351 Mercurius
1675 1317 1822 1352 adiuvat
1850 1317 1943 1352 hanc
1973 1318 2148 1363 significa-

1148 1369 1306 1409 tionem,
1340 1369 1407 1403 erit
1430 1369 1568 1403 occasio
1595 1369 1810 1411 utilitatum,
1848 1370 2090 1404 accessionum
2114 1375 2149 1402 et

1148 1421 1341 1454 donorum.

1252 1471 1341 1505 Cum
1358 1483 1444 1504 vero
1464 1471 1639 1504 Saturnus
1664 1477 1698 1503 et
1712 1471 1810 1505 Mars
1837 1473 2072 1505 dominantur
2096 1471 2149 1504 lu-

1148 1523 1318 1563 minibus,
1339 1528 1373 1555 et
1388 1522 1543 1555 maxime
1554 1522 1582 1556 si
1597 1522 1668 1555 sint
1687 1522 1844 1566 oppositi
1859 1524 2053 1557 secundum
2072 1523 2149 1555 lon-

1148 1574 1367 1618 gitudinem,
1405 1579 1642 1618 corrumpunt
1668 1585 1707 1606 ea
1732 1574 1848 1614 bona,
1888 1585 1978 1619 quae
2009 1574 2150 1613 adsunt,

1149 1632 1182 1659 et
1198 1625 1385 1670 implicant
1400 1625 1540 1669 magnis
1557 1625 1723 1669 periculis
1738 1637 1815 1665 eos,
1840 1625 1902 1671 qui
1921 1625 1989 1658 iter
2002 1624 2149 1658 faciunt.

1149 1677 1238 1710 Cum
1259 1682 1364 1710 erunt
1380 1676 1417 1709 in
1434 1676 1542 1720 signis
1566 1674 1743 1717 humidis,
1770 1676 2075 1721 navigationesffi)
2096 1676 2148 1709 in-

1146 1729 1299 1768 faustas,
1342 1734 1404 1761 aut
1434 1727 1568 1761 reditus
1598 1740 1662 1772 per
1692 1728 1769 1760 loca
1801 1728 1897 1760 invia
1924 1734 1985 1761 aut
2009 1728 2147 1760 deserta

1147 1779 1364 1824 significant;
1398 1778 1436 1811 in
1454 1778 1549 1818 fixis,
1585 1779 1705 1823 lapsus
1731 1791 1796 1823 per
1817 1779 1895 1812 loca
1923 1780 2055 1819 ardua,
2092 1779 2148 1811 vel

1146 1831 1250 1864 flatus
1267 1836 1477 1868 ventorum,
1513 1829 1550 1862 in
1576 1830 1820 1864 solstitialibus
1845 1836 1878 1863 et
1904 1830 2147 1875 aequinoctia-

1146 1883 1257 1922 libus,
1285 1882 1440 1914 defectus
1456 1888 1720 1915 commeatuum
1741 1887 1775 1914 et
1792 1882 1956 1919 morbos;
1984 1882 2022 1914 in
2040 1881 2148 1925 signis

1146 1931 1342 1967 humanam
1367 1933 1517 1975 figuram
1539 1930 1774 1973 habentibus,
1812 1933 2021 1973 latrocinia,
2062 1932 2147 1966 insi-

1146 1985 1241 2025 dias,
1271 1984 1509 2017 crudelitates.

1248 2034 1287 2068 ln
1305 2035 1543 2075 terrestribus,
1560 2033 1794 2068 lacerationes
1812 2035 2024 2068 metuendae
2042 2041 2147 2068 erunt

1146 2098 1163 2119 a
1181 2087 1303 2120 bestiis
1317 2093 1351 2120 et
1368 2092 1484 2119 terrae
1500 2092 1630 2119 motus.
1683 2085 1729 2118 Et
1746 2098 1826 2119 cum
1846 2087 1945 2120 adest
1962 2098 2032 2119 una
2051 2086 2146 2119 Mer-

1145 2137 1281 2177 curius,
1306 2137 1462 2182 pericula
1482 2144 1587 2171 erunt
1604 2149 1621 2169 a
1643 2137 1872 2178 fulminibus,
1901 2150 1919 2170 a
1937 2137 2145 2181 periculosis

1145 2188 1475 2228 criminationibus,
1519 2201 1538 2221 a
1573 2188 1797 2232 serpentibus
1827 2195 1861 2221 et
1884 2195 2143 2222 venenatorum

1144 2240 1283 2274 ictibus.
1352 2240 1532 2273 Sumenda
1565 2246 1617 2273 est
1641 2240 1735 2272 enim
1763 2239 1915 2284 qualitas
1939 2245 2144 2280 eventuum,

1143 2297 1218 2324 tum
1238 2292 1366 2332 fausta,
1383 2297 1458 2324 tum
1479 2291 1646 2331 infausta,
1674 2303 1715 2324 ex
1732 2290 1937 2324 diversitate
1957 2291 2047 2323 circa
2063 2303 2143 2324 cau-

1144 2355 1219 2376 sam
1238 2349 1272 2376 et
1298 2355 1338 2376 ex
1364 2343 1450 2376 locis
1476 2354 1602 2376 causae
1630 2341 1799 2386 actionis,
1835 2348 1896 2375 aut
1919 2343 2143 2382 facultatum,

1144 2400 1205 2427 aut
1231 2394 1412 2438 corporis,
1447 2400 1509 2427 aut
1534 2392 1717 2437 dignitatis
1736 2392 1833 2426 iuxta
1858 2393 2143 2438 dispositionem,

1144 2458 1234 2491 quae
1253 2445 1472 2478 dominatur.

1246 2497 1386 2542 Quibus
1410 2508 1495 2529 vero
1521 2495 1678 2529 articulis
1704 2502 1908 2540 temporum
1934 2494 1971 2528 hi
1995 2502 2140 2529 eventus

1143 2548 1323 2587 accidant,
1351 2547 1564 2580 sumendum
1584 2553 1635 2580 est
1659 2559 1700 2580 ex
1725 2547 1897 2592 qualitate
1922 2554 2139 2591 temporum,

1143 2600 1270 2645 quibus
1290 2599 1454 2643 planetae
1481 2600 1523 2631 ad
1543 2599 1619 2632 loca
1640 2599 1874 2643 significantia
1897 2599 2138 2642 pervenerint.

1173 2719 1221 2748 27)
1240 2717 1448 2750 navigationes]
1467 2718 1517 2743 Ed.
1534 2717 1608 2742 1553.
1629 2722 1725 2741 errore
1743 2717 1873 2747 typogn:
1903 2714 2066 2746 navigatine
