2373 2980
207 104 302 140 1119

209 189 306 225 1185
338 192 433 225 Thes.
460 189 561 222 Bona
585 187 691 220 verba
716 198 860 232 quaeso.

618 238 726 270 iubes.

259 295 355 328 Thes.
384 292 416 325 Ο
433 303 539 336 quam
558 289 703 333 indigna
721 288 851 322 dixisti.

255 349 331 379 Am.
359 343 554 380 periimus,
582 341 741 373 celeriter
758 340 939 384 periimus.

259 398 356 430 Thes.
385 394 480 439 Quid
507 392 580 426 ais?
609 391 695 437 quid
718 391 872 425 faciens?

614 443 806 475 certamine

255 498 431 541 Deceptus
449 495 619 529 iuncturis
644 492 778 539 hydrae
795 492 958 527 habentis
978 500 1120 527 centum
1139 506 1196 527 ca-

613 552 698 590 pita.

259 602 353 634 Thes.
383 598 476 632 lstuil
495 603 672 630 certamen
696 596 846 629 mortuis
870 596 952 629 dolo
975 595 1120 630 Iunonis
1141 608 1195 628 ac·
1220 589 1222 596 λ

625 648 761 695 ςῑᾱῑμ).

555 724 764 774 [strophe
796 724 853 769 4.]

209 799 306 834 1190
333 801 410 832 Am.
441 796 503 828 Hic
522 801 573 828 est
587 806 686 827 meus
704 793 795 826 filius

255 848 492 886 Laboriosns,
520 847 563 879 ad
582 857 737 889 pugnam
758 844 949 887 Gigantum

255 900 362 934 Venit
379 912 456 933 cum
476 897 552 930 Diis
567 895 802 939 Phlegraeum

256 952 295 986 In
314 963 477 996 campum
493 954 659 982 scutatus.

210 1003 305 1038 1195
337 1004 432 1036 Thes.
460 1000 539 1033 Heu
553 997 623 1032 heu
636 1024 644 1037 ,
673 996 751 1041 quis
770 995 825 1026 vir
843 995 930 1026 adeo
950 1000 999 1026 est
1019 992 1163 1025 infelix?

552 1072 766 1121 [strophe
793 1068 854 1117 5.]

256 1152 334 1183 Am.
362 1147 443 1181 Non
458 1143 559 1177 facile
579 1152 769 1185 cognosces
788 1139 895 1172 alium
914 1138 1134 1172 miseriorem

258 1198 449 1232 Hominem
468 1202 502 1229 et
519 1194 630 1237 magis
648 1192 900 1225 errabundum.

260 1252 357 1285 Thes.
384 1248 504 1294 Quare
523 1245 607 1289 tegit
624 1244 793 1277 miserum
815 1247 920 1286 caput
938 1239 1056 1275 veste?

549 1319 767 1369 [Str-ephe
794 1316 858 1366 6.]

259 1400 337 1432 Am.
365 1393 562 1426 Reveretur
578 1395 679 1422 tumn
698 1388 901 1431 adspectum
915 1413 923 1425 ‚

211 1449 308 1485 1200
335 1445 379 1478 Et
399 1441 593 1476 amicitiam
617 1445 825 1483 cognatam,

258 1498 303 1532 Et
322 1497 466 1530 caedem
484 1493 653 1526 filiorum.

262 1551 359 1584 Thes.
386 1544 493 1590 Atqui
511 1542 611 1581 veui,
640 1547 677 1574 ut
692 1552 762 1573 una
779 1537 938 1575 doleain3
965 1537 1087 1581 detege
1108 1549 1200 1570 eum.

242 1661 273 1686 4)
293 1657 374 1682 Thes.
392 1652 483 1677 Venio
502 1664 535 1668 —
553 1649 660 1674 accidit.
681 1648 737 1680 (vs.
753 1645 972 1673 1163—1189.)]
990 1642 1031 1668 sie
1046 1644 1095 1668 Ed.
1112 1644 1201 1675 1562.;
1225 1598 1228 1654 i

278 1689 503 1751 Edi'liffixienio
523 1726 582 1743 cum
601 1718 681 1746 aliis,
708 1715 753 1745 qui
772 1714 843 1744 apud
861 1713 948 1743 Asopi
967 1714 1069 1737 fluenta

312 1759 424 1784 Manent
442 1755 540 1779 armati
560 1756 654 1776 terrae
673 1751 780 1774 Atticae
800 1750 930 1773 invenes,

313 1796 370 1818 Tuo
389 1792 463 1818 filio,
490 1795 504 1813 o
525 1795 628 1815 senex,
654 1785 805 1809 auxiliares
825 1783 918 1806 ferens
938 1782 1040 1811 copias.

312 1829 397 1852 Fama.
416 1825 485 1849 enim
505 1822 582 1846 venit
600 1819 827 1844 Erecbtliidarum
846 1817 1001 1843 civitatem,

315 1862 392 1892 Quod
411 1861 522 1888 sceptra
539 1856 601 1887 agri
620 1855 698 1878 liuius
722 1852 858 1882 accipiens
879 1852 971 1880 Lycus

315 1897 356 1920 Ad
375 1895 474 1918 bellum
493 1892 589 1916 vobis.
620 1892 648 1912 et
668 1893 783 1918 pugnam
802 1888 963 1915 opponatur.

314 1930 482 1955 Persolvens
501 1925 697 1949 retributiones
708 1939 715 1947 .
741 1927 810 1951 quae
829 1921 856 1943 in
873 1926 915 1943 me
928 1921 1044 1944 cuntulit
1059 1921 1203 1951 Hercules,

315 1965 381 1989 Cum
401 1963 530 1986 servaret
549 1966 590 1983 me
609 1959 642 1981 ab
661 1957 774 1980 inferis:
801 1955 912 1985 adsum,
938 1955 961 1977 si
981 1955 1043 1984 quid
1063 1961 1129 1985 opus
1150 1957 1202 1986 est,

623 1997 723 2014 St‘llex.

317 2036 370 2057 Ant
389 2037 469 2056 manu
489 2034 565 2055 mea,
589 2029 636 2050 ant
657 2025 802 2048 sociorum.

315 2069 416 2092 Ehem.
441 2064 504 2095 qnid
522 2062 685 2086 cadaverum
704 2059 799 2081 horum
819 2057 953 2085 repletum
973 2059 1016 2080 est
1035 2056 1143 2082 sotum?

316 2103 383 2126 Num
404 2099 541 2129 posterior
560 2092 640 2118 sum?
667 2096 693 2116 et
712 2092 868 2119 graviorum
890 2092 1021 2114 malornm

317 2135 432 2160 'tardior
452 2137 551 2161 expers
571 2125 651 2152 sum?
677 2127 738 2156 qnis
757 2126 806 2148 hos
826 2125 963 2148 interfecit
982 2124 1103 2156 pueros?

317 2171 402 2195 Cuius
423 2167 586 2191 existentem
605 2164 673 2186 hanc
693 2161 772 2183 video
791 2157 926 2182 uxorem?

316 2205 376 2229 Non
395 2202 467 2226 enim
487 2199 590 2230 proelio
610 2196 687 2227 pueri
706 2193 938 2223 congrediuntur3

317 2239 421 2262 Verum
439 2234 514 2259 aliud
532 2234 608 2256 certe
626 2236 727 2254 novum
748 2228 857 2251 invenio
878 2229 986 2252 malum.

318 2274 378 2298 Am.
399 2272 420 2295 Ο
441 2269 510 2294 oleis
529 2267 648 2290 fertilem
670 2265 767 2287 collem
786 2263 920 2286 babitans,

318 2308 399 2332 Thes.
417 2306 473 2329 Cur
492 2308 534 2326 me
553 2299 754 2324 miserabilibus
774 2297 922 2325 compellas
941 2295 1112 2326 prooemiis?

319 2342 378 2366 Am.
398 2338 481 2363 Passi
500 2342 593 2360 sumus
614 2334 759 2363 passiones
778 2331 854 2353 diras
874 2336 890 2354 a
910 2331 977 2356 Diis,

319 2376 400 2400 Thes.
418 2371 500 2396 Pueri
519 2369 566 2393 isti
584 2369 628 2398 qui
647 2369 726 2392 sunt,
752 2367 786 2389 ob
805 2371 873 2395 quos
892 2363 1100 2395 lachrymaris?

321 2411 380 2434 Am.
399 2406 498 2432 Genuit
517 2404 622 2434 quidem
642 2408 717 2425 meus
737 2400 809 2423 filius
828 2400 939 2427 infelix;

321 2443 375 2468 sed
393 2448 453 2465 cum
471 2439 579 2470 genitor
598 2438 688 2460 esset.
711 2434 859 2458 trucidavit
871 2450 878 2458 .

320 2478 469 2501 Funestam
487 2473 596 2496 caedem
614 2473 739 2500 patrans.

321 2512 402 2536 Thes.
422 2507 573 2536 Auspicata
591 2506 713 2534 loquere.
751 2503 810 2527 Am.
831 2502 950 2532 Cupidos
969 2503 1054 2528 iubes,

321 2547 402 2571 Thes.
421 2544 443 2567 Ο
462 2541 601 2570 indignum
620 2538 737 2562 facinus.

321 2582 381 2605 Am.
402 2576 556 2601 Periimus,
583 2575 672 2596 actum
692 2574 735 2594 est
755 2571 892 2595 ocissime.

323 2615 403 2639 Thes.
424 2609 494 2641 Quid
511 2604 576 2632 ais?
604 2607 668 2637 quid
687 2602 813 2629 faciens?
849 2607 906 2630 Am.
926 2606 1091 2630 vesanienti
1110 2606 1210 2636 impetu
1233 2617 1236 2632 0

322 2647 472 2673 Perculsus
493 2641 656 2671 centicipitis
675 2640 804 2663 tincturis
823 2641 937 2670 hydrae.

782 99 904 134 PHlL.
938 98 1051 135 MEL.
1084 93 1285 134 SCRIPTA
1316 92 1650 134 PffiLOLOGiCA.

920 190 998 221 Am.
1025 186 1194 221 volentes
1219 200 1221 215 2

938 394 1015 426 Am.
1043 391 1194 425 Furioso
1220 406 1221 440 i

2141 105 2238 139 1120

1586 185 1800 234 [Strophe
1828 188 1890 237 7.]

1296 258 1373 289 Am.
1402 254 1434 289 Ο
1450 254 1496 288 fili
1510 281 1519 294 ,
1547 254 1692 288 demitte
1708 255 1751 288 ab
1769 255 1878 290 oculis

1220 320 1221 332 1
1295 306 1435 340 Vestem
1449 333 1457 346 ,
1485 306 1610 347 reiice,
1638 307 1783 340 ostende
1800 307 1925 340 faciem
1943 308 2020 342 soli.

1250 356 1346 393 1205
1375 358 1536 390 Alternat
1553 355 1746 403 lachrymis
1765 358 1962 393 alternante
1981 371 2088 393 onere
2098 360 2142 407 ⁵).

1299 409 1466 453 Supplico
1487 409 1531 441 ad

1299 460 1461 493 Mentum
1480 465 1581 493 tuum
1601 466 1635 493 et
1649 471 1760 504 genua
1781 467 1814 494 et

1298 511 1447 544 Manum
1468 511 1657 545 advolutus
1668 538 1676 552 ‚

1298 561 1345 595 Et
1361 574 1466 595 canas
1479 560 1681 607 lachrymas
1700 562 1875 597 emittens.

1252 615 1348 649 1210
1375 613 1408 646 O
1424 613 1493 653 fili,

1300 663 1434 698 Cohibe
1451 665 1611 698 animum
1629 665 1722 698 saevi
1740 664 1871 705 leonis,
1898 671 1937 698 ut

1297 716 1450 749 Emittas
1466 716 1647 749 fremitum
1664 716 1706 748 de
1727 717 1832 750 caede
1848 715 1958 760 impia
1970 742 1979 755 ‚

1299 768 1395 800 Mala
1415 768 1535 801 volens
1550 767 1653 801 malis
1673 767 1822 807 addere,
1848 780 1868 800 o
1890 766 1992 813 fili⁶).

1304 820 1400 853 Thes.
1427 818 1513 862 Age.
1566 818 1618 851 Te
1631 845 1639 858 ‚
1668 817 1729 863 qui
1748 820 1845 852 sedes
1862 818 1899 851 in
1917 818 2046 852 misera
2063 819 2165 859 sede,

324 2683 403 2708 Thes.
424 2677 536 2704 lunonis
554 2677 605 2700 hoc
622 2676 761 2698 certamen
780 2675 913 2705 quoddam
937 2680 971 2698 ex
996 2674 1059 2699 dolo
1084 2675 1211 2700 mortuis.
1235 2707 1237 2713 Ι

629 2715 645 2733 o
664 2714 757 2731 senex.

1251 869 1349 905 1215
1376 870 1569 915 Alloquor,
1597 875 1635 902 ut
1650 870 1814 904 ostendas
1831 869 1952 903 amicis
1966 870 2104 903 vultum
2127 876 2242 905 tuum.

1301 921 1409 961 Vide,
1450 921 1480 955 si
1501 920 1549 954 sic
1572 921 1841 967 tenebrarum')
1864 921 2004 965 nigram
2026 921 2157 955 nubem
2179 919 2242 955 ha-

1658 972 1760 1011 beat,

1301 1023 1373 1068 Qui
1407 1023 1585 1056 malorum
1619 1029 1765 1057 tuorum
1798 1023 2037 1056 calamitatem
2074 1023 2158 1057 velit
2185 1035 2242 1057 oc-

1660 1073 1817 1107 cultare?

1302 1125 1421 1170 Quare
1437 1122 1526 1157 mihi
1543 1125 1759 1158 contendens
1774 1136 1920 1158 manum
1938 1124 2094 1158 ostendis
2105 1137 2242 1165 necem,

1301 1176 1353 1210 Ne
1371 1188 1427 1209 me
1444 1175 1702 1209 contaminatio
1720 1175 1868 1213 invadat
1880 1175 2028 1221 alloquii
2043 1175 2122 1211 tui?

1253 1228 1351 1263 1220
1378 1225 1477 1261 Nihil
1494 1239 1618 1260 recuso
1633 1232 1748 1260 tecum
1768 1226 1889 1260 infelix
1906 1238 1991 1260 esse.

1302 1279 1444 1312 Etenim
1464 1279 1514 1312 fui
1532 1278 1726 1324 aliquando
1745 1278 1845 1317 felix;
1862 1278 1923 1311 illo
1942 1277 2163 1312 redeundum
2181 1284 2244 1312 est.

1303 1331 1399 1375 Quid
1418 1342 1473 1363 me
1490 1330 1627 1363 salvum
1645 1342 1686 1362 ex
1703 1329 1840 1363 miseriS
1857 1329 1895 1361 in
1911 1329 2026 1362 lucem
2046 1328 2221 1363 eduxisti?

1304 1381 1405 1421 „Odi
1423 1381 1575 1425 gratiam
1595 1381 2049 1417 amicorum,senescentem
2063 1407 2071 1420 ‚

1304 1460 1324 1473 „
1335 1433 1378 1466 Et
1397 1445 1477 1467 eum
1488 1459 1497 1472 ,
1524 1432 1585 1477 qui
1600 1432 1670 1465 frui
1689 1432 1763 1465 vult
1778 1432 1882 1465 rebus
1899 1431 2021 1470 bonis,

1285 1601 1317 1628 5)
1334 1598 1462 1622 Alternat
1476 1609 1510 1614 —
1530 1598 1639 1625 onere]
1660 1597 1700 1620 sic
1718 1596 1768 1620 Ed.
1786 1596 1875 1625 1562.;
1902 1596 1978 1620 Fix.:
2005 1596 2114 1620 Pondus
2132 1597 2246 1627 aequale

1322 1633 1486 1662 (amicitiae
1503 1632 1600 1656 debita
1619 1629 1734 1662 officia)
1752 1632 1841 1654 certat
1860 1636 1920 1654 cum
1937 1631 1998 1655 tuis
2017 1630 2147 1655 lacrimis.

1287 1684 1317 1716 6)
1338 1684 1395 1708 Am.
1415 1683 1466 1707 Hic
1483 1695 1517 1700 ——
1536 1688 1551 1706 o
1572 1681 1618 1705 fili.
1639 1681 1694 1712 (νε.
1710 1681 1933 1710 1190-1213.)]
1951 1681 1992 1705 sic
2008 1682 2057 1706 Ed.
2076 1682 2168 1710 1562.;
2198 1682 2246 1705 Ed.

1324 1719 1414 1742 1558:

1357 1761 1415 1785 Αηι.
1433 1761 1512 1783 Meus
1533 1759 1575 1782 hie
1592 1759 1682 1789 filius,

1357 1796 1407 1818 llle
1429 1794 1587 1817 laboriosus
1607 1794 1643 1816 ad

1358 1829 1461 1852 Bellum
1480 1827 1677 1858 giganticidum

1354 1863 1440 1887 Venit
1459 1869 1519 1886 cum
1539 1861 1596 1884 Diis
1613 1861 1795 1893 Phlegraeum

1356 1898 1387 1921 In
1406 1902 1529 1926 campum
1548 1898 1681 1920 armatus.

1357 1932 1439 1956 Thes.
1460 1931 1550 1959 Eheu,
1576 1931 1637 1960 quis
1655 1930 1780 1954 virorum
1798 1930 1866 1953 adeo
1885 1929 1981 1953 infelix
2001 1927 2067 1954 est?

1356 1967 1417 1990 Am.
1437 1966 1497 1989 Non
1515 1964 1600 1988 facile
1618 1970 1770 1995 cognoscas
1789 1964 1873 1987 alium
1893 1964 1980 1995 magis
2000 1965 2187 1995 laboriosnm,

1357 2001 1392 2023 Et
1411 1999 1500 2030 magis
1520 1999 1702 2022 errabundum
1721 1999 1793 2022 inter
1811 1999 1953 2023 mortales.

1359 2034 1438 2058 Thes.
1457 2033 1527 2063 Quid
1547 2033 1618 2056 enim
1637 2033 1759 2056 vestibus
1778 2032 1911 2057 miserum
1929 2033 2033 2064 obtegit
2052 2030 2155 2065 caput?

1357 2070 1418 2093 Am.
1437 2068 1581 2091 Revereus
1601 2069 1675 2090 tuum
1697 2067 1817 2096 vultum,

1357 2104 1393 2127 Et
1411 2101 1558 2126 amicitiam
1577 2101 1825 2132 consanguineam,

1361 2137 1533 2166 caedemque
1550 2135 1678 2159 filiorum.

1360 2172 1442 2196 Thes.
1460 2170 1515 2193 Sed
1532 2170 1567 2193 ad
1584 2169 1773 2193 condolentem
1792 2169 1872 2200 veni,
1897 2169 1994 2201 detege
2013 2170 2109 2201 ipsum.

1359 2206 1419 2230 Am.
1441 2205 1463 2228 Ο
1483 2204 1540 2235 fili,
1566 2204 1670 2227 dimitte
1689 2205 1722 2227 ab
1742 2204 1830 2227 oculis

1359 2240 1474 2263 Vestem
1486 2255 1493 2267 ,
1520 2238 1621 2264 reiice.
1646 2238 1745 2261 faciem
1764 2238 1817 2261 soli
1835 2238 1959 2263 ostende.

1360 2273 1532 2303 „Autoritas
1550 2273 1675 2303 opposita
1691 2272 1843 2302 lachrymis
1860 2272 2008 2298 contendit.

1360 2307 1550 2337 supplicamus
1569 2307 1604 2330 ad

1360 2343 1446 2366 Tuum
1465 2343 1582 2364 mentum
1601 2340 1764 2366 advolutus,
1790 2342 1816 2362 et

1362 2376 1458 2400 Genua
1476 2377 1502 2399 et
1521 2380 1645 2403 manum,

1361 2410 1525 2439 Senilesque
1545 2409 1700 2438 lachrymas
1724 2409 1862 2434 emittens.

1362 2445 1391 2468 lo
1413 2444 1469 2471 fili,

1364 2478 1480 2501 Contine
1499 2477 1587 2499 leonis
1609 2477 1731 2502 agrestis
1751 2477 1834 2503 iram,
1860 2484 1918 2500 cnm

1362 2512 1511 2536 Fremitum
1533 2512 1566 2534 ad
1587 2511 1696 2534 letalem
1717 2512 1825 2541 impium
1845 2511 2017 2539 stimularis,

1362 2546 1436 2570 Mala
1456 2546 1552 2568 volens
1574 2545 1652 2568 malis
1672 2546 1792 2576 addere,
1819 2552 1833 2569 o
1853 2546 1899 2570 fili.

1294 2606 1324 2634 7)
1343 2606 1431 2636 Vide,
1457 2605 1480 2627 si
1500 2604 1540 2627 sic
1559 2606 1749 2633 tenebrarum]
1769 2604 1810 2628 sic
1830 2605 1912 2636 Editt.
1931 2605 2022 2629 1558..
2046 2605 2116 2628 1562.
2138 2606 2185 2632 (=
2205 2604 2252 2628 Ed.

1330 2640 1415 2664 Basil.
1437 2639 1511 2662 1551.
1527 2636 1588 2667 ⁸16³,
1602 2639 1636 2671 fl
1653 2637 1768 2665 σκότους
1788 2637 1841 2670 γάρ
1862 2636 1943 2666 ὦδ’);
1977 2640 2057 2662 Editt.
2079 2641 2181 2662 recent.
2200 2634 2254 2661 Οὔ-

1329 2672 1497 2733 (gingiua-§3225
1516 2671 1570 2705 γάρ
1590 2670 1642 2697 ὠδ”
1655 2687 1689 2691 -
1701 2674 1783 2697 Nulla
1796 2673 1884 2703 caligo
1898 2674 2009 2701 [Barim
2031 2674 2128 2696 Nullus
2141 2673 2253 2703 nigror]
