2373 2980
14 1268 26 1598 .„-==exvae1-o-.....-,..ae
19 1240 24 1258 Α
20 1193 23 1204 -

87 108 136 144 89
255 105 394 141 XLVII.
439 102 838 141 INTERPRETATIO
862 101 1033 137 OPERIS
1061 101 1448 146 QUADRIPARTITI
1474 102 1759 137 PTOLEMAEI
1794 102 1882 138 LIB.
1899 102 1957 138 Ill.
2078 104 2127 139 90

88 193 332 232 insidiatores,
359 192 472 232 sures,
499 192 683 236 periuros,
716 189 909 223 homicidia
932 187 1082 221 molien—

41 277 43 282 ,
88 252 159 286 tes,
187 245 390 277 inconcessa
415 250 602 283 vorantes,
639 242 836 280 maleficos,
870 238 1082 278 homicidas,

88 296 282 335 veneficos,
311 294 460 338 impios,
495 294 703 338 sacrilegos,
739 289 1009 337 sepulchrorum
1036 290 1082 322 ef-

39 377 41 386 ‚
88 349 240 381 fossores
258 351 292 378 et
310 345 458 378 omnino
473 346 673 379 sceleratos.

361 430 536 463 Saturnus
565 440 640 462 cum
671 429 808 461 Venere.

190 495 430 528 Familiaritas
447 508 526 528 cum
543 494 681 528 Venere
699 495 736 527 in
753 493 838 527 locis
858 493 975 526 minus
993 491 1084 524 vitu-

88 546 278 592 perandis,
303 546 386 579 facit
410 558 530 579 osores
555 546 765 585 mulierum,
795 545 941 589 cupidos
968 542 1082 576 domi-

88 597 265 636 nationis,
294 603 453 630 amantes
470 597 724 637 solitudinum,
749 598 912 630 insuaves
936 595 973 627 iu
1000 606 1083 626 con-

90 648 285 693 gressibus,
334 647 562 688 ambitiosos,
615 654 808 692 apparatus
843 651 1085 691 aspernantes,

88 698 305 742 negligentes
327 698 542 742 elegantiae,
577 698 736 738 invidos,
774 699 934 737 tetricos,
967 697 1085 730 insua-

88 762 149 783 ves
165 750 211 782 ad
225 747 400 782 Venerem
413 776 422 789 ,
446 762 520 782 non
538 756 769 793 aggregantes
787 762 821 783 se
837 748 1085 782 communibus

89 800 339 845 opinionibus,
365 801 561 844 peculiares
586 801 652 833 sibi
679 801 866 844 opiniones
885 798 1085 842 excogitan-

88 857 160 892 tes,
194 851 377 891 fatidicos,
413 852 695 895 superstitiosos,
734 851 912 885 sacrificiis
936 850 1086 888 deditos,

89 902 324 941 sacrificulos,
355 903 548 943 fanaticos,
583 903 690 936 sacris
715 903 926 942 servientes,
961 907 1086 940 castos,

89 954 330 993 verecundos,
356 960 557 987 reverentes
576 954 684 993 alios,
711 953 907 993 studiosos,
937 954 1026 985 fidos
1049 952 1086 983 in

90 1003 268 1044 amicitia,
295 1004 456 1045 stabiles,
485 1006 725 1044 continentes,
759 1017 918 1049 sagaces,
953 1009 1086 1042 cautos,

91 1055 278 1100 querulos,
318 1056 411 1088 male
435 1056 653 1100 suspicantes
679 1057 720 1088 de
745 1056 954 1089 mulieribus
977 1061 1010 1087 et
1035 1066 1087 1086 ze-

90 1106 244 1151 lotypos.

193 1155 233 1189 ln
260 1156 346 1190 locis
370 1169 455 1190 vero
482 1157 661 1197 distortis,
694 1157 844 1196 salaces,
877 1156 1089 1199 impudicos,

92 1208 376 1240 contaminantes
393 1221 428 1241 se
444 1208 627 1251 flagitiosis
650 1208 878 1247 libidinibus,
909 1208 1089 1250 negligen—

92 1265 155 1298 tes,
173 1259 379 1291 immundos
396 1259 433 1290 in
453 1259 656 1299 concubitu,
672 1259 894 1297 libidinosos,
919 1259 1089 1291 insidian-

93 1315 144 1342 tes
175 1309 385 1342 mulierihus
416 1316 449 1342 et
480 1310 634 1342 maxime
665 1309 841 1353 cognatis;
878 1310 1089 1353 petulantes,

93 1359 265 1399 infames,
306 1360 466 1392 furenter
497 1367 640 1393 ruentes
674 1361 711 1392 in
735 1360 932 1399 Venerem,
969 1372 1090 1393 osores

92 1409 302 1449 munditiei,
335 1410 632 1450 subsannatores,
668 1411 942 1451 obtrectatores,
976 1411 1091 1443 ebrio-

92 1473 167 1500 sos,
195 1461 477 1504 superstitiosos,
506 1462 705 1501 adulteros,
733 1462 921 1496 incitantes
948 1468 981 1494 et
1003 1462 1090 1494 inci-

92 1511 156 1544 tati
174 1512 219 1543 ad
234 1512 385 1545 incestos
403 1513 631 1553 concubitus,
660 1525 733 1545 non
757 1513 871 1546 solum
898 1513 1091 1553 naturales,

92 1563 152 1596 sed
179 1562 284 1595 etiam
317 1569 440 1595 contra
466 1570 651 1602 naturam;
689 1570 916 1608 appetentes,
953 1564 1092 1603 seniles,

93 1613 288 1656 flagitiosos
304 1620 338 1645 et
356 1614 580 1648 inconcessos
601 1616 735 1648 ferinos
761 1616 988 1653 concubitus;
1025 1616 1091 1648 im-

92 1665 191 1708 pios,
219 1664 286 1696 Dei
306 1671 588 1709 contemptores,
615 1679 798 1699 sacrorum
817 1667 1011 1707 derisores,
1039 1668 1093 1699 in-

94 1716 203 1756 fidos,
228 1715 486 1754 calumniosos,
516 1719 708 1757 veneficos,
737 1718 962 1761 impostores.

349 1803 523 1835 Saturnus
550 1814 624 1836 cum
648 1803 837 1837 Mercurio.

197 1867 438 1902 Familiaritas
457 1881 537 1902 cum
555 1869 736 1903 Mercurio
762 1870 799 1903 in
824 1871 911 1905 locis
929 1871 1095 1911 laudatis,

96 1918 182 1952 facit
206 1918 365 1953 curiosos
389 1925 624 1961 scrutatores,
658 1922 869 1956 disserentes
893 1924 935 1956 de
960 1923 1096 1967 legibus

99 1976 134 2003 et
151 1971 194 2003 de
210 1976 360 2011 natura,
396 1983 610 2005 arcanorum
635 1973 814 2013 conscios,
849 1974 1022 2007 miracula
1045 1975 1096 2007 fa-

99 2021 249 2062 cientes,
283 2022 508 2066 deceptores,
540 2023 578 2055 in
604 2024 699 2057 diem
723 2025 905 2070 viventes,
943 2037 1097 2069 sagaces,

98 2072 316 2113 industrios,
343 2073 510 2114 solertes,
534 2075 699 2115 acerbos,
721 2075 921 2120 diligentes,
947 2077 1097 2116 sobrios,

98 2125 262 2164 sedulos,
286 2125 453 2158 laborum
473 2125 640 2170 cupidos,
667 2127 816 2160 feliciter
832 2135 1013 2162 conantes.
1057 2126 1097 2159 In

98 2177 185 2214 locis
220 2188 306 2209 vero
340 2176 517 2218 distortis,
563 2175 842 2217 hallucinantes,
893 2185 1098 2223 nugatores,

98 2234 240 2261 tenaces
271 2227 512 2269 simultatum,
546 2228 864 2270 immisericordes,
908 2242 1098 2264 aerumno-

99 2292 177 2320 sos,
205 2279 350 2313 infestos
369 2280 461 2320 suis,
488 2281 649 2322 invidos,
678 2281 815 2322 tristes,
842 2289 952 2316 noctu
967 2294 1097 2325 vagan-

100 2337 170 2371 tes,
212 2331 458 2372 insidiatores,
501 2333 725 2376 proditores,
769 2334 944 2374 crudeles,
991 2334 1098 2373 fures,

99 2394 243 2426 magos,
268 2383 462 2424 veneficos,
489 2384 670 2425 falsarios,
697 2385 998 2429 praestigiatores,
1024 2396 1098 2417 non

100 2432 273 2468 habentes
308 2447 501 2479 prosperos
534 2448 730 2477 successus,
780 2439 842 2471 sed
876 2438 1006 2471 frustra
1042 2448 1099 2469 co—

100 2491 239 2520 nantes.

524 2574 667 2617 Iupiter.

204 2639 339 2685 Iupiter
353 2641 448 2675 solus
466 2642 632 2676 dominus
650 2643 687 2675 in
706 2641 793 2675 locis
809 2642 983 2682 laudatis,
1014 2641 1100 2674 facit

104 2693 354 2737 magnanimos
366 2720 375 2733 ,
421 2694 614 2735 beneficos,
666 2694 850 2738 religiosos
862 2721 871 2734 ,
920 2692 1097 2727 honorem

1136 187 1213 220 aliis
1232 189 1445 229 tribuentes,
1473 189 1630 222 fruentes
1645 188 1768 228 bonis,
1795 186 1984 228 humanos,
2013 190 2129 233 splen-

1136 238 1258 278 didos,
1295 239 1457 273 liberales
1471 267 1479 279 ,
1515 240 1645 279 iustos,
1681 251 1808 283 magna
1837 246 2018 279 curantes,
2052 252 2129 284 gra-

1136 301 1214 328 ves,
1241 302 1302 322 sua
1322 297 1483 333 agentes,
1511 291 1775 331 misericordes,
1803 291 2020 330 foecundos,
2048 303 2130 335 pru-

1136 341 1278 380 dentes,
1307 347 1466 374 amantes
1484 349 1739 384 cognatorum,
1767 343 2036 386 gubernatores.

1238 390 1277 424 In
1292 392 1378 425 locis
1395 404 1479 424 vero
1503 393 1660 426 distortis
1687 405 1727 426 ac
1751 393 2010 427 sordidioribus
2036 392 2132 426 simi-

1137 441 1204 474 lem
1222 442 1375 487 speciem
1391 443 1512 480 efficit3
1549 444 1610 476 sed
1633 444 1810 477 sordidius
1833 451 1866 477 et
1892 444 2075 478 obscurius
2100 450 2134 477 et

1138 492 1303 534 dilutius,
1331 500 1370 527 ut
1385 506 1450 538 pro
1480 494 1725 537 magnitudine
1752 495 1862 527 animi
1886 496 2035 536 fastum,
2066 507 2131 539 pro

1137 544 1309 588 religione
1325 545 1628 588 superstitionem,
1647 557 1712 589 pro
1731 547 1941 578 verecundia
1963 547 2133 579 timidita-

1138 601 1230 635 tem,
1256 608 1322 639 pro
1342 596 1514 639 gravitate
1533 602 1731 635 tumorem,
1770 608 1835 640 pro
1861 598 2014 630 candore
2037 597 2134 631 stoli-

1139 646 1284 678 ditatem
1298 673 1306 686 ,
1340 659 1406 690 pro
1424 647 1541 679 nitore
1558 647 1778 690 voluptates,
1806 659 1871 690 pro
1891 660 1972 680 cura
1989 661 2135 692 magna—

1138 709 1218 729 rum
1236 709 1355 729 rerum
1368 724 1377 736 ,
1405 704 1587 741 stuporem
1599 724 1608 737 ,
1643 710 1710 741 pro
1727 698 1940 730 liberalitate
1959 700 2135 742 negligen-

1137 748 1224 780 tiam
1236 774 1245 788 ,
1272 748 1320 782 sic
1337 754 1371 780 et
1387 755 1524 781 caetera
1542 750 1770 793 degenerant.

1445 834 1577 876 Iupiter
1601 845 1674 867 cum
1697 834 1829 867 Marte.

1241 899 1483 934 Familiaritas
1503 913 1586 934 vero
1607 914 1686 935 cum
1708 901 1825 934 Marte
1850 902 1887 934 in
1914 902 2000 935 locis
2017 902 2138 935 lauda-

1142 951 1204 991 tis,
1240 951 1325 984 facit
1348 963 1510 996 asperos,
1543 965 1742 996 pugnaces,
1772 953 1962 993 militares,
1991 953 2138 986 idoneos

1141 1002 1413 1045 gubernationi,
1450 1004 1664 1043 concitatos,
1698 1004 1925 1048 impatientes
1948 1004 2140 1044 servitutis,

1141 1054 1315 1093 fervidos,
1344 1054 1508 1097 periculis
1523 1067 1559 1088 se
1577 1055 1802 1095 obiicientes,
1830 1056 2045 1095 industrios,
2072 1056 2139 1087 lin—

1142 1117 1230 1148 guae
1264 1105 1427 1137 libertate
1457 1112 1616 1146 utentes,
1658 1107 1912 1150 redarguentes
1942 1107 2050 1147 alios,
2093 1108 2141 1139 es-

1142 1157 1292 1189 sectores
1328 1168 1452 1188 eorum
1488 1169 1579 1201 quae
1613 1158 1835 1202 suscipiunt,
1888 1159 2141 1198 contentiosos,

1143 1219 1277 1251 gnavos
1302 1207 1340 1238 in
1365 1207 1544 1251 imperiis,
1581 1220 1697 1248 acres,
1732 1209 1978 1249 insidiatores,
2021 1210 2142 1254 aequi-

1144 1258 1226 1291 tatis
1243 1264 1423 1298 amantes,
1459 1259 1598 1299 viriles,
1635 1272 1738 1303 aegre
1759 1261 1960 1301 credentes,
1995 1273 2142 1304 magna-

1144 1309 1281 1348 nimos,
1309 1306 1490 1342 honorum
1512 1311 1679 1354 cupidos,
1708 1311 1919 1351 iracundos,
1948 1313 2069 1344 dextre
2090 1312 2143 1344 iu·

1146 1361 1302 1392 dicantes
1322 1366 1354 1392 et
1373 1372 1447 1392 non
1466 1362 1687 1395 aberrantes.

1247 1410 1317 1443 Sed
1349 1411 1385 1442 in
1415 1411 1501 1444 locis
1533 1412 1710 1453 distortis,
1754 1413 2049 1454 contumeliosos,
2091 1413 2143 1447 sui

1145 1461 1382 1504 negligentes,
1426 1463 1602 1503 crudeles,
1645 1463 1905 1507 implacabiles,
1947 1465 2146 1505 seditiosos,

1145 1512 1338 1552 rixatores,
1366 1525 1440 1544 non
1458 1520 1688 1558 aggregantes
1705 1527 1740 1548 se
1763 1515 2012 1549 communibus
2036 1516 2146 1548 mori-

1146 1564 1232 1603 bus,
1277 1564 1573 1605 calumniatores,
1616 1566 1832 1610 suspicaces‚
1877 1567 2147 1610 praerogativas

1147 1621 1376 1660 quaerentes,
1405 1627 1570 1659 rapaces,
1598 1616 1799 1657 instabiles,
1834 1618 1946 1658 leves,
1983 1618 2051 1650 cito
2070 1631 2147 1651 mu-

1147 1673 1262 1699 tantes
1286 1666 1492 1711 proposita,
1526 1669 1757 1713 praecipites,
1792 1669 2054 1710 inconstantes,
2096 1670 2148 1702 in-

1148 1718 1440 1761 circumspectos,
1468 1718 1647 1762 ingratos,
1681 1720 1926 1761 turbulentos,
1964 1721 2148 1761 attonitos,

1147 1781 1222 1801 non
1258 1770 1388 1802 frustra
1428 1777 1618 1810 conantes,
1669 1784 1913 1815 percussores,
1969 1773 2149 1817 querulos,

1149 1820 1398 1865 profusionum
1424 1828 1601 1861 amantes,
1638 1822 1774 1862 fatuos,
1816 1823 2091 1868 inaequabiliter
2116 1830 2149 1856 et

1149 1872 1223 1905 sine
1240 1872 1361 1915 regula
1376 1871 1556 1913 viventes,
1582 1878 1617 1905 et
1637 1873 1804 1909 furiosos.

1447 1958 1580 2000 Iupiter
1606 1970 1681 1991 cum
1712 1960 1849 1992 Venere.

1254 2023 1495 2058 Familiaritas
1521 2038 1606 2059 vero
1633 2039 1711 2060 cum
1736 2027 1876 2060 Venere
1902 2028 1939 2059 in
1963 2027 2050 2061 locis
2075 2029 2150 2061 lau-

1152 2075 1263 2114 datis,
1289 2075 1374 2108 facit
1397 2083 1558 2110 amantes
1583 2078 1816 2119 munditiem,
1852 2079 2008 2112 suaviter
2032 2080 2150 2112 fruen-

1152 2133 1202 2159 tes
1223 2127 1347 2167 bonis,
1377 2127 1527 2166 nitidos;
1561 2129 1711 2169 artium,
1745 2131 2047 2174 spectaculorum,
2080 2137 2152 2164 stu-

1152 2177 1317 2218 diorum,
1351 2178 1501 2212 musices
1522 2180 1719 2219 studiosos;
1746 2182 1934 2220 delicatos,
1963 2181 2151 2229 simplices,

1151 2230 1346 2268 beneficos,
1373 2230 1627 2274 redarguentes
1646 2233 1752 2271 alios,
1782 2245 1855 2265 non
1875 2238 2031 2274 astutos,
2069 2234 2150 2266 reli-

1152 2281 1290 2325 giosos,
1318 2281 1456 2314 deditos
1475 2284 1708 2317 caeremoniis
1726 2290 1759 2316 et
1777 2281 1913 2323 choris,
1944 2286 2150 2327 prudentes,

1152 2344 1350 2377 propensos
1392 2334 1437 2365 ad
1474 2346 1634 2366 amorem
1672 2341 1705 2367 et
1738 2332 1924 2369 honestam
1959 2335 2149 2375 Venerem,

1153 2385 1379 2429 splendidos,
1416 2392 1554 2428 gratos,
1593 2386 1776 2426 liberales,
1809 2387 1987 2420 studiosos
2016 2388 2149 2421 littera-

1153 2449 1254 2476 rum,
1282 2438 1402 2473 dextre
1419 2436 1637 2477 iudicantes,
1664 2438 1885 2478 moderatos,
1914 2440 2073 2472 modeste
2091 2452 2149 2472 ve-

1152 2500 1299 2528 nereos,
1328 2487 1588 2528 contentiosos,
1616 2488 1715 2533 pios,
1742 2489 1873 2530 iustos,
1906 2487 2087 2524 honorum
2115 2498 2148 2523 et

1153 2540 1287 2584 gloriae
1309 2539 1476 2584 cupidos,
1513 2546 1547 2574 et
1572 2540 1609 2573 in
1633 2553 1792 2582 summa,
1824 2539 1993 2575 honestos
2018 2549 2052 2575 et
2075 2543 2149 2575 lau-

1153 2592 1267 2626 datos.
1434 2596 1437 2599 '

1254 2642 1301 2675 At
1319 2642 1357 2675 in
1374 2643 1460 2677 locis
1477 2643 1569 2678 disto
1623 2644 1651 2676 is
1665 2671 1672 2683 ,
1696 2656 1871 2688 epuarum
1887 2650 2060 2683 amantes,
2090 2645 2148 2676 de-

1150 2694 1294 2735 licatos,
1330 2694 1572 2736 effeminatos,
1606 2695 1813 2735 saltatores,
1846 2695 2014 2728 muliebri
2033 2695 2148 2739 impo—
