2373 2980
167 597 332 639 LXIX.
409 596 584 638 PHIL.
632 595 791 639 MEL.
830 595 1416 639 INTERPRETATIO
1457 598 2028 646 HERACLIDARUM

910 668 1291 712 EURIPIDIS.

79 775 200 832 Huius
226 804 395 842 tragoediae
421 804 624 841 interpretatio
646 804 736 832 latina
756 803 952 832 Melanthonis
974 804 1122 832 invenitur
1145 804 1173 831 in
1200 801 1380 843 Xylandri
1400 804 1489 835 Editt.
1508 804 1618 844 1558„
1643 805 1753 844 1562„
1777 808 1948 846 quibuscum
1971 808 2120 837 Editiones

79 847 258 875 recentiores
279 844 457 883 Bai-nesii,
481 845 683 883 Mus-gravii
704 852 734 874 et
756 844 859 874 Fzzriz·
881 847 999 874 contuli.
1023 861 1064 867 —
1089 847 1232 875 versuum
1255 856 1408 885 numeros,
1431 849 1616 887 stropharum
1638 851 1811 887 partitiones
1837 856 1866 881 et
1887 852 1958 880 alias
1980 851 2117 890 quasdam

79 890 283 927 inscriptiones
307 898 345 918 ex
367 890 423 918 Ed.
447 890 567 918 Barnes.
591 889 731 927 adscripsi
754 890 865 918 uncinis
887 889 1023 918 inclusas.

742 1099 1044 1135 EURIPIDIS
1083 1099 1114 1131 H

1124 1098 1462 1135 ERACLIDAE.

621 1167 843 1196 PHILIPPO
871 1165 1206 1196 MELANTHONE
1241 1165 1566 1198 INTERPRETE.

410 1275 750 1320 Argumentum.

178 1341 295 1376 Iolaus
317 1341 410 1376 filius
434 1349 510 1375 erat
532 1341 693 1387 Iphiclis‚
716 1356 827 1387 nepos
846 1344 1008 1378 Herculis
1032 1356 1073 1377 ex

78 1405 219 1431 sorore;
244 1393 382 1426 iuvenis
402 1406 488 1426 vero
508 1407 587 1427 cum
604 1394 666 1427 illo
683 1395 866 1433 inililavit;
884 1408 989 1429 senex
1010 1408 1072 1439 po-

77 1443 178 1478 steris
204 1443 278 1478 eius
306 1444 500 1478 benevolus
524 1445 717 1478 auxiliator
749 1447 874 1480 adsuit.
933 1446 1072 1480 Liberis

77 1495 172 1528 enim
189 1495 300 1540 pulsis
317 1507 358 1528 ex
375 1502 447 1529 tota
467 1496 615 1530 Graecia
640 1497 684 1530 ab
700 1495 901 1543 Eurystheo
914 1525 922 1538 ‚
951 1505 1072 1542 tegens

78 1559 137 1581 eos
162 1547 260 1580 venit
281 1544 452 1582 Athenas.
524 1547 571 1580 Et
593 1548 642 1580 ibi
675 1549 881 1593 confugiens
907 1550 950 1583 ad
975 1549 1071 1583 Deos

76 1596 203 1632 habuit
219 1599 443 1632 securitatem
455 1625 464 1639 ‚
485 1597 763 1644 Demophoonte
783 1601 945 1646 principe
962 1601 1071 1634 urbis.

78 1649 219 1694 Copreo
235 1662 332 1690 vero,
348 1662 524 1694 praecone
541 1650 746 1696 Eurysthei,
763 1653 913 1686 avellere
929 1653 1070 1685 volente

78 1701 273 1746 supplices,
307 1700 493 1746 prohibuit
521 1715 602 1736 eum
627 1701 881 1747 Demophoon.
934 1704 1069 1737 Praeco

1127 1243 1232 1283 abiit,
1257 1244 1389 1278 bellum
1412 1246 1565 1281 minans.
1619 1246 1863 1293 Demophoon
1887 1256 2005 1283 autem
2030 1248 2116 1282 illud

1126 1293 1215 1327 nihil
1230 1296 1387 1331 curabat.
1441 1298 1509 1331 Sed
1534 1311 1612 1332 cum
1633 1307 1747 1333 essent
1766 1302 1909 1335 oracula
1928 1300 2116 1334 victoriam

1125 1346 1379 1390 significantia,
1413 1348 1440 1382 si
1468 1350 1590 1383 Cereri
1618 1351 1832 1386 interficeret
1857 1352 2117 1386 nobilissimam

1126 1398 1302 1441 puellam,
1332 1412 1463 1443 magno
1489 1402 1613 1435 dolore
1639 1404 1784 1438 affectus
1809 1412 1860 1438 est
1882 1411 2031 1450 propter
2056 1415 2116 1441 ea;

1126 1460 1240 1493 neque
1265 1462 1359 1483 enlm
1384 1453 1592 1496 propriam,
1622 1467 1738 1500 neque
1764 1456 1895 1490 civium
1920 1455 2117 1501 cuiuspiam

1126 1500 1233 1532 filiam
1257 1508 1405 1545 propter
1430 1505 1605 1549 supplices
1629 1506 1827 1541 interficere
1854 1508 1985 1542 iustum
2014 1513 2118 1552 puta-

1127 1552 1197 1585 hat.
1251 1551 1469 1588 Vaticinium
1496 1569 1580 1590 vero
1603 1558 1793 1593 resciscens
1809 1572 1880 1593 una
1897 1573 1938 1593 ex
1954 1558 2116 1593 Herculis

1126 1603 1282 1644 filiabus,
1306 1605 1483 1647 Macaria,
1510 1609 1632 1642 volens
1658 1610 1766 1644 subiit
1787 1618 1953 1645 mortem.
2014 1610 2116 1643 Hanc

1126 1654 1232 1698 igilur
1249 1668 1418 1698 generose
1427 1666 1606 1693 mortuam
1623 1659 1833 1701 honoravit;
1851 1663 1919 1708 ipsi
1933 1674 2019 1696 vero
2036 1674 2117 1695 cum

1127 1706 1348 1741 rescivissent
1362 1706 1480 1743 hostes
1498 1712 1638 1753 adesse,
1664 1713 1826 1748 exierunt
1841 1716 1885 1748 ad
1904 1726 2061 1759 pugnam
2072 1713 2116 1759 ¹).

963 1806 1206 1842 Personae.

488 1880 606 1916 Iolaus

492 1933 652 1978 Copreus

494 1983 634 2019 Chorus

488 2034 732 2081 Demophoon
742 2037 773 2082 2)

1432 1886 1592 1923 Macaria
1616 1891 1718 1937 virgo

1434 1939 1574 1974 Ancilla

1431 1992 1603 2027 Alcmena

1434 2042 1591 2079 Nuntius

982 2086 1210 2134 Eurystheus.

928 2139 1117 2173 Praefatur
1142 2139 1270 2176 Iolaus.

874 2240 1324 2273 HERACLIDAE.

82 2292 265 2341 Uolum,
306 2299 513 2340 Gopreus,
549 2301 731 2341 Chorus,
769 2300 1070 2350 Demophoon]

513 2367 638 2402 Iolaus.

129 2429 204 2464 Iam
224 2431 310 2465 olim
327 2432 376 2466 sic
392 2433 572 2468 decretum
592 2443 643 2470 est
659 2437 755 2481 apud
773 2450 847 2471 me:

133 2481 277 2523 „Iustus
295 2483 351 2517 vir
364 2491 470 2520 natus
487 2493 538 2520 est
553 2487 743 2532 proximis3

117 2617 145 2649 1)
166 2619 239 2642 Haec
257 2618 361 2642 veteris
380 2620 551 2650 argumenti,
571 2621 641 2650 quod
659 2621 686 2645 iu
705 2623 798 2652 Eurip.
818 2624 866 2648 Ed.
889 2624 973 2647 Basil.
997 2624 1068 2647 ¹551.

150 2658 250 2683 graece
269 2653 388 2683 legitur,
414 2654 607 2684 interpretatio
626 2657 811 2681 Melantlionis
831 2658 858 2681 in
878 2659 961 2683 Editt.
983 2659 1069 2687 1558„

152 2687 225 2711 1562.
254 2689 352 2712 exstat.
402 2689 549 2713 Barneslus
574 2689 601 2715 iu
626 2696 679 2714 sua
702 2691 754 2716 Ed.
781 2692 851 2716 idem
879 2695 1069 2723 argumentum

1176 2303 1279 2349 „Qui
1308 2312 1426 2339 autem
1462 2305 1569 2341 habet
1600 2310 1820 2346 voluntatem
1856 2313 2037 2347 incitatam
2077 2314 2112 2347 in

1533 2360 1686 2402 lucrum,

1175 2406 1298 2445 „Urbi
1322 2414 1372 2441 est
1397 2408 1551 2451 inutilis,
1579 2418 1612 2444 et
1636 2413 1787 2448 difficilis
1803 2416 1847 2450 ad
1872 2417 2113 2451 conversatio-

1530 2475 1613 2496 nem
1623 2463 1682 2512 2ἔὶ).

1192 2562 1319 2587 graecum
1339 2565 1397 2582 cum
1417 2559 1504 2589 ipsius
1530 2561 1760 2592 interpretatione
1779 2566 1864 2589 latina
1884 2567 2005 2599 exhibet,
2034 2569 2111 2599 eique

1190 2591 1265 2614 aliud
1284 2593 1366 2616 etiam
1385 2598 1576 2624 argumentum
1595 2604 1628 2621 ex
1648 2600 1809 2628 Apollodori
1828 2602 1993 2626 Bibliotheca
2011 2609 2111 2634 graece

1193 2627 1219 2648 et
1239 2627 1324 2650 latine
1343 2628 1474 2653 adiunxit.

1155 2657 1396 2693 2)¹'Demoplioon]
1417 2664 1457 2685 sic
1478 2664 1560 2689 Editt.
1577 2666 1662 2696 1553„
1680 2667 1764 2695 1562,
1785 2669 1856 2693 conf.
1877 2676 1892 2699 p
1915 2670 1974 2695 910.
1991 2673 2056 2695 uota
2069 2672 2109 2696 12.

1155 2693 1203 2725 2³)
1222 2695 1253 2718 Η.
1268 2696 1286 2719 l.
1304 2696 1333 2720 in
1351 2697 1616 2730 Editt.1558.‚1562.
1634 2702 1701 2725 nota
1714 2708 1815 2734 marg.:
1836 2704 1902 2732 Quis
1919 2705 2006 2729 bonus
2021 2703 2112 2730 civis?
