2373 2980
49 109 50 117 ’
84 118 135 154 37
254 116 392 152 xcvii.

444 113 843 151 INTERPRETATIO
869 115 1043 149 OPERIS
1072 115 1460 162 QUADRIPARTITI
1487 116 1773 152 PTOLEMAEI
1800 117 1890 152 LIB.
1914 118 1955 153 ΙΙ.

2082 118 2132 153 38

849 250 1013 280 LIBER
1057 251 1354 283 SECUNDUS.

184 330 420 374 Praecipuam
455 329 653 362 doctrinam
686 329 842 363 breviter
870 328 1079 373 expositam,

43 386 46 395 ⁷
82 388 123 416 ut
145 382 183 415 in
202 382 350 421 tabella,
385 381 617 415 necessariam
635 382 677 413 ad
697 380 957 425 praedictiones
976 392 1080 412 even-

86 440 185 467 tuum
220 433 474 478 singularium,
509 430 680 465 hactenus
706 433 742 464 in
766 444 904 466 summa
933 431 1081 464 tradidi-

83 498 174 519 mus.
237 484 342 518 Nunc
375 484 610 526 adiungamus
647 484 847 516 doctrinam
873 484 917 516 de
941 482 1080 527 praedi-

83 536 202 569 ctione
228 535 483 579 singularium,
511 541 687 580 quatenus
710 535 878 579 possibile
904 540 975 573 est,
1003 533 1080 566 ubi-

83 600 152 633 que
169 587 386 620 naturalium
405 598 591 619 causarum
610 586 787 619 rationem
805 592 1002 631 sequentes.

185 637 274 670 Cum
294 643 411 670 autem
429 638 518 669 duae
535 637 605 670 sint
621 637 833 681 praecipuae
845 643 962 680 partes
978 647 1080 680 prae-

82 688 281 721 dictionum
318 687 660 721 astronomicarum:
711 689 821 721 al‘tera
855 687 1080 726 universalis,

82 751 173 784 quae
204 739 412 783 regionum,
446 739 603 782 gentium
639 745 699 772 aut
722 740 865 772 urbium
891 739 1079 783 qualitates

81 790 233 829 indicat;
262 791 370 823 altera
391 791 638 834 particularis,
667 803 758 835 quae
774 790 995 834 singulorum
1015 787 1079 821 ho-

33 835 37 851 q'
81 841 219 874 minum
240 842 311 874 fata
330 842 548 875 considerat:
571 841 669 886 prius
688 843 731 874 de
749 841 943 875 universali
961 841 1079 873 dicen-

33 936 35 938 ·
81 893 166 926 dum
183 899 252 932 est,
281 892 363 938 quia
384 899 530 926 eventus
553 905 764 937 magnarum
791 893 977 937 regionum
1004 903 1079 924 rna—

81 944 217 977 ioribus
252 950 287 976 et
320 944 553 977 validioribus
582 944 694 978 causis
722 951 931 983 moventur,
969 955 1076 988 quarn

82 1001 229 1028 eventus
247 995 479 1039 particulares
497 993 697 1029 hominum.
752 996 839 1029 Cum
861 995 969 1039 igitur
987 1006 1077 1028 sem-

81 1058 145 1091 per
162 1046 411 1080 imbecilliores
430 1053 580 1079 naturae
599 1047 880 1090 potentioribus,
909 1052 941 1078 et
967 1044 1077 1090 parti-

82 1097 218 1130 culares
253 1097 514 1131 universalibus
548 1098 798 1131 subiiciantur:
842 1109 981 1130 necesse
1027 1102 1077 1129 est

79 1149 180 1193 prius
199 1148 266 1181 dici
292 1149 334 1181 de
358 1149 658 1192 generalioribus,
686 1149 714 1182 si
738 1148 969 1193 particularia
995 1159 1077 1179 con-

81 1199 272 1233 sideraturi
289 1212 423 1232 sumus.
1022 1231 1025 1233 .

187 1250 374 1282 Caeterum
404 1248 490 1282 haec
514 1250 725 1283 universalis
751 1251 990 1284 consideratio
1018 1256 1079 1283 aut

83 1307 134 1334 est
150 1307 306 1333 totarum
334 1301 540 1344 regionum,
569 1307 629 1333 aut
656 1302 812 1344 partium
842 1309 875 1334 et
900 1308 1077 1334 certarum

80 1351 236 1384 urbium.
289 1351 478 1384 Praeterea
504 1358 565 1383 aut
590 1351 743 1384 maiores
768 1353 985 1385 mutationes
1009 1358 1079 1384 sta-

81 1402 125 1434 tis
140 1408 364 1435 recurrentes
390 1402 630 1445 temporibus,
675 1403 935 1442 utvbellorum,
971 1402 1077 1446 pesti-

78 1452 230 1492 lentiae,
267 1459 382 1485 terrae
406 1459 590 1492 motuum,
623 1452 747 1485 diluvii
775 1460 809 1487 et
831 1454 962 1487 similes
987 1453 1079 1486 indi-

80 1510 223 1542 cantur;
252 1510 312 1537 aut
329 1504 480 1537 leviores
497 1511 530 1537 et
545 1506 721 1545 minores,
756 1512 797 1538 ut
822 1518 962 1538 annuae
989 1511 1078 1538 tem-

81 1555 250 1600 pestatis,
274 1555 428 1589 intensio
446 1562 506 1589 aut
524 1556 707 1596 remissiO,
731 1563 792 1589 aut
816 1555 931 1590 hiems
958 1554 1078 1589 horri-

79 1607 161 1639 dior
186 1612 248 1639 aut
271 1602 415 1647 mitior,
443 1607 546 1641 flatus
574 1614 784 1648 ventorum,
810 1616 946 1648 aestus,
975 1609 1078 1641 uber-

80 1664 153 1698 tas,
181 1657 350 1691 sterilitas
368 1665 402 1691 et
421 1659 487 1690 alia
508 1656 613 1692 huius
630 1659 779 1703 generis.

182 1709 422 1742 Anteferenda
441 1717 490 1743 est
515 1716 632 1743 autem
662 1711 861 1743 observatio
886 1716 1076 1744 eventuum

79 1759 279 1800 maiorum,
316 1768 349 1793 et
367 1761 427 1806 qui
444 1762 526 1794 totis
545 1761 749 1805 regi0nibus
775 1763 958 1802 accidunt,
994 1774 1078 1806 pro-

78 1817 158 1855 pter
192 1823 333 1845 causam
360 1813 591 1856 praedictam.
652 1812 789 1845 Horum
823 1813 978 1857 cognitio
1006 1814 1076 1846 duo

79 1862 249 1908 requirit:
279 1863 435 1907 primum
456 1864 800 1904 considerationem,
829 1866 871 1897 ad
892 1877 979 1910 quas
998 1877 1078 1909 par-

79 1920 130 1947 tes
154 1913 341 1957 Signiferi,
386 1922 419 1948 et
443 1917 487 1947 ad
516 1929 604 1961 quas
628 1916 744 1949 stellas
772 1916 951 1960 quaelibet
978 1917 1075 1960 regio

79 1965 276 2009 pertineat;
317 1968 473 1999 secundo
502 1966 846 2007 considerationem,
890 1967 1011 2012 quales
1041 1967 1077 1999 in

80 2016 227 2060 singulis
259 2018 419 2061 partibus
452 2018 655 2051 ess'ectiones
690 2019 841 2051 existant
869 2025 965 2051 certo
990 2025 1079 2056 tem<

79 2080 167 2111 pore
185 2075 333 2112 propter
351 2070 506 2103 desectus
523 2070 720 2109 luminum,
747 2071 935 2103 transitum
957 2082 1078 2102 erran-

80 2118 168 2151 tium
185 2120 366 2153 stell:.1·um
380 2147 388 2160 ,
418 2127 515 2154 ortus
534 2127 567 2153 et
585 2121 769 2155 stationes.

183 2170 284 2203 Hanc
315 2172 585 2205 consensionem
620 2172 776 2216 primum
810 2172 905 2205 iuxta
933 2178 1079 2204 natura-

79 2221 148 2253 lem
166 2222 341 2255 rationem
361 2235 599 2267 exponamus,
628 2223 744 2256 obiter
760 2224 865 2256 etiam
889 2223 1078 2256 recitantes

81 2273 238 2316 gentium
272 2275 508 2318 proprietates
537 2274 698 2318 corporis
723 2281 756 2307 et
782 2288 944 2314 morum,
989 2287 1078 2319 quae

80 2336 154 2356 non
172 2331 253 2357 suut
272 2326 407 2358 alienae
426 2339 442 2358 a
469 2326 625 2359 naturali
642 2326 813 2371 qualitate
837 2327 1019 2360 stellarum
1047 2332 1080 2358 et

80 2375 286 2419 signorum,
315 2377 442 2422 quibus
460 2378 636 2410 subiectae
654 2383 747 2412 sunt.

249 2481 303 2512 De
319 2482 525 2523 proprietate
547 2480 731 2514 universali
744 2482 908 2524 yentt’nm.

183 2554 463 2600 Distinguuntur
498 2564 616 2590 autem
656 2558 814 2601 gentium
843 2557 1079 2602 proprietates

82 2618 161 2639 cum
182 2607 277 2640 iuxta
295 2609 483 2652 parallelos
500 2616 534 2642 et
559 2610 727 2653 angulos,
763 2616 839 2642 tum
866 2609 960 2642 iuxta
985 2610 1079 2654 posi-

81 2664 157 2691 tum
181 2658 225 2690 ad
252 2657 460 2704 Eclipticam
488 2670 521 2694 et
546 2660 677 2695 Solem.
732 2661 823 2695 Nam
849 2673 928 2694 cum
954 2668 1077 2695 nostra

80 2706 257 2742 habitatio
290 2710 335 2743 sit
364 2711 401 2743 in
425 2723 498 2745 uno
524 2712 728 2757 aquilonari
753 2713 973 2758 quadrante,
1017 2713 1078 2745 alii

1134 329 1281 362 subiecti
1318 330 1589 364 australioribus
1624 331 1825 374 parallelis,
1869 332 1930 376 qui
1967 339 2049 365 sunt
2085 333 2129 365 ab

1133 381 1397 426 Aequinoctiali
1423 381 1466 412 ad
1490 380 1685 424 Tropicum
1720 383 1914 422 aestivum,
1958 396 2036 416 cum
2070 384 2130 418 Sol

1133 433 1268 465 feratur
1285 444 1391 476 supra
1419 444 1542 464 eorum
1568 433 1757 473 verticem,
1792 434 1904 478 magis
1928 434 2017 474 usti,
2053 440 2129 467 atra

1134 496 1285 527 corpora
1306 481 1459 523 hahent,
1477 489 1511 515 et
1528 482 1661 526 crispos
1681 490 1713 515 et
1732 485 1858 518 densos
1870 485 2027 529 capillos,
2046 498 2131 517 con-

1134 541 1284 567 tractam
1317 534 1464 573 faciem,
1502 534 1674 566 tabefacta
1707 536 1887 576 membra,
1922 543 2050 569 natura
2075 548 2130 568 ca-

1132 586 1196 618 lidi
1231 592 1264 619 et
1300 585 1460 618 moribus
1495 585 1708 630 plerumque
1735 586 1821 625 feri,
1865 594 2012 631 propter
2039 587 2130 620 adsi-

1133 638 1243 670 duum
1262 643 1396 670 aestum
1416 636 1451 668 in
1469 636 1540 669 suis
1560 636 1665 675 Iocis,
1691 649 1780 682 quos
1799 650 1967 671 vocamus
1983 636 2131 671 Aethio-

1132 700 1205 731 pes.
1258 689 1309 721 Ac
1333 700 1405 720 non
1431 687 1547 721 solum
1574 687 1641 731 ipsi
1666 688 1752 721 tales
1775 694 1877 728 sunt,
1912 690 1971 721 sed
1995 695 2028 721 et
2056 689 2130 722 eius

1133 739 1203 772 loci
1221 751 1282 771 aer
1300 745 1333 771 et
1349 738 1547 771 animantia
1565 745 1597 771 et
1615 739 1758 782 plantae
1777 745 1860 772 sunt
1877 739 2062 773 aridiores.

1237 814 1309 859 Qui
1327 826 1411 847 vero
1429 814 1493 847 sub
1512 814 1691 858 parallelis
1705 815 1976 860 aquilonaribus
1986 816 2132 859 degunt,

1135 865 1169 898 id
1188 872 1257 905 est,
1287 872 1381 898 recta
1399 866 1463 898 sub
1488 865 1562 909 ipsa
1581 865 1709 905 Arcto,
1745 866 1826 911 quia
1853 867 1979 910 procul
2003 868 2132 900 absunt

1134 929 1151 949 a
1172 917 1328 949 Zodiaco
1355 923 1388 949 et
1414 917 1530 949 calore
1554 916 1646 950 Solis
1672 918 1785 961 magis
1808 918 2006 960 frigefiunt,
2034 918 2132 951 ideo-

1132 980 1200 1013 que
1218 966 1369 1001 humore
1397 968 1509 1011 magis
1535 969 1739 1008 abundant,
1776 969 1836 1014 qui
1864 969 1979 1002 nutrit
2006 981 2130 1002 eorum

1132 1031 1297 1063 corpora.
1351 1018 1512 1063 Cumque
1539 1032 1612 1051 non
1637 1017 1896 1053 exhauriantur
1920 1026 2037 1059 aestu,
2074 1032 2131 1053 co-

1131 1071 1206 1103 lore
1225 1077 1308 1104 sunt
1327 1070 1547 1110 candidiore,
1565 1071 1755 1114 etcapillos
1774 1069 1906 1104 liabent
1922 1073 2130 1115 promissos,

1131 1134 1279 1165 procera
1300 1127 1333 1154 et
1351 1121 1443 1154 succi
1461 1122 1564 1165 plena
1585 1134 1734 1166 corpora
1756 1129 1789 1155 et
1812 1122 1978 1155 nonnihil
2002 1123 2130 1166 gelida.

1131 1172 1222 1205 Sunt
1239 1179 1355 1205 autem
1374 1179 1407 1205 et
1428 1172 1495 1216 ipsi
1522 1173 1603 1206 seris
1628 1174 1788 1207 moribus
1814 1181 1961 1218 propter
1990 1174 2130 1207 assidua

1131 1223 1284 1266 frigora,
1312 1229 1346 1255 et
1368 1224 1548 1266 longiores
1572 1231 1654 1257 sunt
1671 1223 1804 1259 hiemes
1829 1226 1865 1258 in
1891 1238 1932 1258 eo
1958 1238 2058 1265 aere,
2097 1231 2131 1257 et

1132 1274 1342 1318 grandiores
1368 1275 1514 1308 arbores
1541 1281 1573 1307 et
1597 1288 1724 1309 saevae
1750 1277 1895 1311 bestiae.
1952 1276 2130 1309 Vocamus

1133 1332 1250 1358 autem
1270 1323 1334 1359 hos
1353 1326 1567 1369 generaliter
1582 1325 1742 1371 Scythas.

1237 1401 1309 1446 Qui
1328 1408 1445 1434 autem
1467 1409 1591 1435 tenent
1615 1403 1691 1435 loca
1718 1403 1903 1437 interiecta
1927 1403 2020 1436 inter
2037 1403 2130 1436 Tro-

1131 1451 1250 1495 picum
1271 1452 1443 1485 aestivum
1461 1459 1495 1486 et
1510 1454 1665 1493 Arcton,
1693 1455 1774 1499 quia
1794 1467 1910 1500 neque
1926 1467 2032 1499 supra
2053 1467 2132 1488 ver-

1132 1503 1235 1535 ticem
1266 1504 1426 1548 ipsorum
1452 1504 1513 1537 Sol
1537 1503 1720 1546 evehitur,
1753 1517 1869 1551 neque
1893 1506 1975 1539 inde
1999 1506 2130 1550 longis-

1131 1555 1219 1587 sime
1239 1556 1281 1588 ad
1300 1556 1470 1589 Austrum
1496 1557 1646 1596 recedit,
1674 1557 1711 1589 in
1737 1569 1817 1590 aere
1840 1558 1972 1601 degunt
1997 1564 2131 1602 tempe-

1132 1612 1210 1638 rato
1222 1632 1230 1645 ,
1252 1607 1313 1652 qui
1333 1620 1553 1653 quamquam
1571 1608 1713 1652 frigoris
1729 1615 1762 1641 et
1778 1615 1894 1642 aestus
1912 1609 2130 1643 differentias

1131 1655 1257 1698 habet,
1284 1664 1404 1691 tamen
1420 1656 1487 1692 hae
1507 1671 1581 1691 non
1599 1666 1681 1692 sunt
1698 1672 1870 1704 magnae,
1897 1673 1962 1694 nec
1981 1673 2130 1704 magnas

1131 1708 1353 1743 diversitates
1371 1710 1407 1742 in
1425 1710 1636 1754 corporibus
1652 1717 1767 1744 aestus
1784 1718 1817 1744 et
1833 1711 1963 1755 frigora
1984 1712 2130 1746 faciunt.

1130 1758 1214 1792 Ideo
1249 1761 1368 1794 colore
1403 1762 1521 1794 medio
1543 1769 1644 1802 sunt,
1679 1763 1851 1795 mediocri
1875 1769 2032 1803 statura,
2068 1775 2130 1795 na—

1132 1818 1211 1844 tura
1242 1819 1460 1856 temperata,
1503 1813 1683 1846 coniuncti
1710 1812 2013 1855 habitationibus,
2056 1815 2130 1858 pla-

1132 1863 1201 1895 cidi
1227 1864 1398 1897 moribus.
1460 1864 1620 1905 Horum,
1658 1865 1718 1910 qui
1742 1865 1928 1909 propiores
1952 1872 2035 1899 sunt
2058 1866 2130 1898 Au-

1131 1920 1227 1955 stro,
1256 1916 1290 1947 in
1311 1927 1438 1959 genere
1456 1916 1715 1959 ingeniosiores
1735 1923 1767 1949 et
1792 1917 1993 1950 callidiores
2021 1923 2055 1949 et
2075 1929 2129 1949 re-

1132 1978 1211 1999 rum
1244 1967 1449 1999 divinarum
1482 1967 1670 2012 peritiores
1702 1974 1804 2008 suut,
1846 1968 1927 2013 quia
1962 1968 2129 2001 verticale

1132 2024 1304 2061 punctum
1329 2031 1453 2051 eorum
1481 2021 1628 2063 propius
1653 2025 1703 2052 est
1728 2019 1884 2052 Zodiaco
1908 2026 1941 2052 et
1964 2020 2128 2064 planetis,

1132 2069 1260 2114 quibus
1277 2069 1378 2115 quasi
1395 2070 1646 2104 familiariores
1670 2069 1803 2104 habent
1828 2077 1862 2103 et
1882 2071 1948 2115 ipsi
1972 2071 2129 2115 sagacio-

1132 2132 1187 2153 res
1206 2121 1344 2154 animas
1371 2122 1406 2153 in
1432 2121 1705 2165 investigatione
1732 2129 1882 2155 naturae
1906 2129 1940 2155 et
1964 2123 2001 2155 in
2027 2122 2128 2155 disci-

1132 2172 1238 2216 plinis
1271 2172 1508 2216 percipiendis
1534 2174 1707 2206 maiorem
1733 2174 1960 2207 celeritatem.
2020 2174 2128 2206 Prae-

1133 2230 1228 2256 terea
1247 2221 1411 2258 homines
1429 2224 1465 2256 in
1481 2224 1629 2257 Oriente
1646 2227 1829 2269 degentes,
1858 2225 1970 2268 magis
1990 2237 2127 2258 mascu—

1132 2275 1185 2308 los
1210 2275 1350 2309 animos
1374 2283 1407 2308 et
1430 2276 1605 2310 firmiores
1630 2274 1784 2316 habent,
1819 2276 1938 2309 minus
1962 2283 2045 2309 sunt
2071 2288 2128 2309 oc-

1134 2326 1343 2366 cultatores;
1361 2339 1443 2359 nam
1456 2327 1585 2361 Oriens
1605 2334 1754 2360 naturae
1764 2327 1898 2361 Solaris
1915 2334 1976 2361 est.
2006 2328 2127 2372 Quare

1133 2390 1172 2411 ea
1189 2385 1304 2411 terrae
1322 2391 1403 2423 pars
1419 2379 1546 2412 diurna
1562 2406 1571 2419 ,
1594 2379 1706 2413 virilis
1722 2385 1756 2412 et
1777 2381 1898 2412 dextra
1925 2378 2129 2412 existiman-

1133 2431 1176 2462 da
1195 2436 1262 2463 est:
1293 2430 1384 2463 utin
1401 2430 1643 2463 animantibus
1668 2431 1790 2464 dextra
1815 2430 1984 2464 calidiora
2013 2437 2047 2463 et
2070 2431 2128 2463 fn·-

1133 2481 1247 2514 1ni0ra
1265 2488 1358 2515 sunt.

1234 2557 1287 2590 Ad
1300 2556 1528 2589 Occidentem
1548 2569 1633 2590 vero
1654 2558 1838 2601 degentes,
1867 2557 2127 2590 effoeminatio-

1132 2621 1187 2642 res
1203 2615 1305 2648 sunt,
1334 2614 1368 2640 et
1386 2607 1589 2654 molliores,
1607 2615 1641 2641 et
1661 2608 1913 2646 occultatores;
1940 2621 2021 2641 nam
2042 2606 2128 2641 haec

1132 2672 1214 2705 pars
1230 2659 1356 2692 Lunae
1381 2659 1607 2700 attribuitur,
1642 2660 1723 2705 quia
1748 2659 1849 2692 Luna
1874 2666 1955 2704 post
1979 2660 2127 2692 coniun-

1131 2712 1286 2745 ctionem
1302 2723 1444 2755 semper
1461 2711 1618 2754 primum
1634 2713 1677 2745 ab
1695 2723 1820 2745 occasu
1838 2710 2126 2755 conspiciendam

1443 2760 1507 2795 3*
