2373 2980
107 86 184 125 ³5⁷
592 82 683 120 LVI.

158 174 206 208 Et
221 172 304 207 odio
320 169 455 205 habens
470 175 623 203 matrem
634 196 645 210 ‚
673 169 764 204 iuste
780 169 943 214 perdidi,

158 226 259 271 Quae
278 223 393 255 virum
413 222 595 254 absentem
614 233 657 255 ex
672 220 819 255 aedibus
839 233 919 254 cum
946 220 1102 254 exercitu

158 276 293 309 Ducem
313 285 379 318 pro
398 279 471 305 tota
488 272 640 306 Graecia

154 325 340 365 Prodidit,
394 330 428 357 et
462 335 537 357 non
578 322 734 357 servavit
777 322 1099 356 incontaminatum

519 375 669 413 lectum3

101 424 176 462 575
204 426 292 473 Ac⁴)
303 438 382 459 cum
399 426 505 460 sciret
520 438 556 459 se
575 437 750 469 peccasse,
770 436 846 458 non
861 424 929 459 sibi
946 436 1100 468 poenam

150 477 302 518 Inssixit‚
329 479 389 511 sed
408 484 447 510 ut
463 489 537 509 non
554 477 657 509 daret
676 489 828 520 poenam
846 476 998 515 marito,

153 529 343 562 Mulctavit
360 535 394 562 et
410 527 587 560 interfecit
602 540 720 560 meum
739 533 897 572 patrem:

153 580 224 613 Per
249 580 364 620 Deos,
398 578 505 623 (facio
531 579 751 612 mentionem
776 578 939 611 Deorum
964 577 1100 610 incom-

515 630 622 662 mode

150 680 282 714 Dicens
299 693 441 714 causam
461 681 503 713 de
521 680 659 726 caede‚)
677 680 706 713 si
725 680 848 714 matris
866 681 996 713 facturn

100 729 176 766 580
205 732 343 765 Tacens
368 732 576 771 laudarem,
611 731 699 776 quid
724 731 862 764 fecisset
884 728 973 764 mihi
998 735 1100 774 pater

513 780 702 814 mortuus}>

150 833 234 867 Non
243 833 273 880 ⁵)
291 833 374 866 odio
393 831 527 866 habens
543 845 600 865 me
615 831 824 876 exagitasset
840 831 1075 877 Erinnybus?

148 884 207 917 An
221 884 329 916 matri
348 884 492 928 quidem
511 884 641 916 adsunt
656 883 894 917 auxiliatrices
911 885 998 916 deae
1009 909 1019 923 ,

151 934 212 968 Isti
232 947 305 967 non
322 939 503 974 adessent,
531 934 659 967 maiori
679 934 810 967 iniuria
829 933 980 967 affecto?

152 986 231 1025 Tu,
258 999 278 1018 o
294 997 419 1025 senex,
449 985 509 1031 qui
529 985 681 1029 genuisti
700 985 830 1018 malam
849 986 977 1025 filiam,

100 1034 176 1071 585
203 1036 253 1070 Es
271 1035 358 1070 mihi
376 1037 502 1074 exiti0;
530 1049 614 1069 nam
633 1043 781 1080 propter
797 1036 872 1070 eius
888 1036 1062 1069 malitiam

149 1088 259 1121 Patre
277 1089 422 1122 orbatus
434 1115 442 1128 ,
469 1088 581 1122 factus
601 1100 680 1121 sum
698 1087 899 1121 matricida.

150 1139 260 1173 Vides
276 1139 412 1184 Ulyssis
434 1138 647 1182 coniugem?
679 1151 753 1171 non
773 1139 949 1171 interfecit
969 1151 1046 1172 eam

150 1188 408 1228 Telemachus;
455 1201 530 1223 non
560 1189 656 1222 enim
689 1190 938 1233 superinduxit
967 1190 1098 1223 marito

520 1240 690 1273 maritum
703 1266 713 1280 ,

152 1291 221 1325 Sed
238 1297 359 1324 manet
373 1291 471 1324 domi
488 1291 717 1335 impollutum
735 1291 861 1324 cubile.

101 1339 176 1377 590
204 1342 311 1375 Vides
330 1342 534 1387 Apollinem
546 1368 555 1382 ‚
583 1342 646 1387 qui
662 1343 782 1375 sedem
798 1342 955 1374 mediam

151 1391 377 1434 Inhabitans‚
413 1392 540 1426 tribuit
564 1391 771 1426 hominibus
797 1392 991 1426 certissima
1020 1403 1099 1424 ora-

513 1444 612 1483 cula,

152 1494 219 1528 Cui
236 1506 402 1538 paremus
426 1494 464 1526 in
483 1494 670 1534 omnibus,
698 1506 790 1540 quae
808 1493 929 1528 iubet?

151 1545 244 1578 Huic
260 1557 390 1589 pareus
411 1545 571 1578 interfeci
589 1552 758 1578 matrem:

151 1596 280 1630 Ducite
296 1596 395 1629 illum
415 1597 613 1640 pollutum,
637 1603 672 1629 et
689 1595 874 1629 interficite
886 1621 895 1635 ‚

101 1646 177 1683 595
205 1646 266 1681 Ille
283 1648 458 1691 peccavit;
493 1660 566 1680 non
585 1660 661 1691 ego.
724 1647 821 1692 Quid
840 1647 1029 1690 oportebat
1046 1657 1102 1678 me

513 1697 657 1732 faeere?

152 1749 209 1783 An
240 1762 314 1782 non
340 1750 468 1783 sufficit
492 1749 589 1783 Deus
619 1750 664 1782 ad
692 1749 933 1782 conferentem
959 1760 1102 1782 causam

512 1801 549 1833 in
566 1813 647 1834 eum

155 1853 268 1897 Culpa
283 1852 494 1886 solvendum
503 1851 561 1898 ⁶)?
591 1865 662 1897 quo
678 1851 821 1885 tandem
831 1850 862 1895 ⁷)
880 1849 1026 1894 effugiat
1042 1849 1103 1882 ali·

517 1916 596 1948 quis
608 1929 618 1942 ‚

156 1954 192 1988 Si
208 1966 283 1986 non
301 1960 405 1986 autor
423 1954 642 1993 liberatum,
670 1965 714 1985 ne
733 1950 949 1985 interficiar?

155 2005 224 2038 Sed
243 2017 316 2037 non
335 2005 449 2044 dicas,
473 2006 570 2050 quod
588 2002 675 2037 haec
693 2017 766 2036 nou
782 2003 854 2037 sint
871 2008 965 2035 recte
981 2002 1086 2041 facta,

105 2057 180 2091 600
207 2056 276 2089 Sed
296 2068 360 2089 nos
378 2055 411 2088 id
429 2057 550 2089 secisse
570 2056 770 2088 infeliciter.

156 2134 177 2148 ‚‚
189 2107 362 2150 Coniugia
372 2106 404 2153 ⁸)
426 2108 555 2152 quibus
574 2107 781 2140 mortalium
800 2112 883 2139 sunt
899 2104 1012 2138 felicia
1025 2130 1035 2143 ‚

157 2157 258 2199 „Illis
285 2165 334 2191 est
358 2159 461 2191 beata
488 2159 580 2196 vita;
616 2158 744 2203 quibus
770 2163 889 2190 autem
917 2168 991 2189 non
1012 2160 1104 2187 recte

519 2211 673 2249 cadunt,

142 2334 172 2366 4)
191 2335 309 2400 ..ληδξὲε
319 2334 402 2359 Editt.
419 2334 503 2364 1558„
524 2333 617 2364 1562.;
639 2333 730 2364 Barn.‚
752 2333 869 2363 Musgn,
891 2332 964 2358 Fixa
984 2334 1021 2356 At
1034 2334 1108 2361 (Eu-

177 2375 228 2398 ιιι).
299 2387 306 2394 .

144 2420 174 2452 5)
194 2421 264 2450 Non]
277 2421 319 2445 sic
329 2421 412 2447 Editt,
425 2420 509 2451 1558„
532 2420 626 2450 1562.;
650 2421 750 2451 Barn.,
769 2420 886 2450 Musgr.,
907 2419 981 2444 Fix.:
1001 2419 1106 2443 Nonne.

143 2471 174 2503 ὃ)
196 2473 235 2495 An
261 2479 313 2496 non
339 2473 442 2496 sufficit
466 2473 540 2495 Deus
568 2472 602 2494 ad
632 2472 822 2494 conferentem
848 2476 957 2494 causam
990 2471 1015 2494 iu
1047 2478 1107 2494 eum

181 2507 267 2535 Culpa
282 2507 441 2530 solvendum
450 2503 478 2536 ἓ]
498 2507 538 2529 sic
550 2507 598 2529 Ed.
613 2506 703 2534 15623
731 2506 865 2530 Ed.1558.
885 2507 927 2529 Au
948 2512 999 2528 non
1017 2507 1108 2535 potest

180 2541 256 2563 Deus
274 2541 425 2564 conferenti
443 2546 554 2565 causam
573 2541 600 2563 in
621 2547 681 2563 eum
701 2540 815 2569 Culpam
833 2537 967 2563 solvere?
994 2540 1106 2570 (Barim

181 2576 223 2598 An
244 2580 295 2597 non
315 2576 416 2598 suffit-it
431 2576 520 2604 Deus,
537 2575 573 2598 ad
592 2582 650 2605 me,
669 2575 857 2598 conferentem
875 2580 986 2598 causam
1008 2575 1035 2598 iu
1053 2581 1106 2603 me,

184 2609 269 2637 Culpa
289 2607 468 2633 solvendum?

145 2661 177 2692 7)
198 2666 250 2690 quo
270 2659 390 2691 tandem]
411 2661 451 2684 sic
469 2660 517 2692 (=
536 2662 628 2690 Eurip.
648 2661 698 2683 ποῖ
716 2679 721 2684 .
742 2681 749 2686 ,
769 2654 819 2684 οὖν
839 2658 894 2691 ἔτ’)
916 2661 998 2686 Editt.
1019 2662 1106 2693 1562„

184 2696 280 2720 [tarn.V
301 2695 422 2725 Musgr.,
444 2696 516 2723 Fue:
542 2697 590 2719 Ed.
609 2696 682 2719 1558.
705 2702 790 2725 quo.-

741 81 1140 118 INTERPRETATIO
1170 83 1371 118 ORESTIS
1404 82 1657 118 EURIPIDIS.

2071 82 2145 119 558

1205 169 1265 210 „Ii
1282 177 1364 204 sunt
1381 170 1502 205 miseri
1521 171 1616 204 intus
1634 176 1668 202 et
1683 169 1781 204 soris.

1206 223 1305 256 Ultor.
1333 222 1532 262 „Mulieres
1543 222 1574 266 s)
1591 233 1730 265 semper
1750 221 2006 266 impedimento
2033 221 2150 253 omni-

1565 273 1630 306 bus
1656 273 1792 306 casibus

1156 318 1229 355 605
1259 347 1280 362 ‚‚
1291 322 1382 355 Sunt
1398 323 1483 356 viris
1499 325 1543 355 ad
1562 323 1817 358 infelicitatem.

1207 375 1295 417 Tyn.
1323 373 1520 419 Postquam
1539 387 1573 407 es
1591 374 1764 414 ferocior,
1795 381 1829 408 et
1853 386 1928 407 non
1950 373 2043 408 cedis
2069 385 2150 406 ora-

1573 424 1682 463 tioni,

1204 474 1250 507 Et
1267 474 1316 508 sic
1331 475 1524 519 respondes
1542 472 1643 514 mihi,
1661 481 1699 508 ut
1715 473 1802 507 mihi
1817 475 1977 508 dolorem
1995 476 2150 509 adferas:

1206 525 1321 569 Magis
1341 539 1397 559 me
1414 526 1574 559 incendis
1593 538 1738 569 pergere
1757 528 1802 558 ad
1823 532 1920 559 tuam
1939 539 2073 561 necem.

1204 576 1348 609 Faciam
1370 575 1438 610 hoc
1463 575 1652 622 pulchrum
1677 577 1961 610 additamentum
1986 590 2150 611 meorum

1566 628 1730 661 laborum
1742 654 1752 668 ‚

1155 678 1229 712 610
1259 678 1423 724 Quorum
1454 692 1559 713 causa
1593 678 1676 712 veni
1709 684 1901 712 ornaturus
1923 677 2152 724 sepulchrum

1567 730 1672 763 filiae.

1204 780 1297 815 Nam
1316 781 1462 815 veniens
1485 783 1530 815 ad
1554 787 1739 814 evocatam
1763 781 2029 815 multitudinem
2048 781 2152 827 Argi-

1572 845 1700 865 vorum
1713 859 1722 872 ‚

1206 882 1452 916 Commovebo
1468 883 1593 916 urbem
1611 884 1804 923 volentem,
1826 896 1900 916 non
1917 884 2097 917 nolentem
2106 884 2151 931 ⁹),

1205 933 1245 966 ln
1278 941 1312 967 te
1348 941 1382 967 et
1417 941 1516 968 tuam
1547 947 1707 968 sororem
1725 961 1735 975 ‚
1790 942 1829 968 ut
1864 935 1953 968 detis
1991 936 2153 980 lapidatu

1572 998 1740 1029 poenam.

1204 1035 1249 1068 Et
1265 1036 1323 1068 illa
1340 1036 1452 1079 magis
1469 1043 1520 1069 est
1537 1037 1656 1080 digna,
1673 1043 1710 1069 ut
1721 1036 1966 1078 interficiatur,
1985 1050 2091 1084 quam
2102 1045 2153 1080 tu,

1124 1121 1128 1131 ι
1153 1084 1228 1120 615
1258 1087 1359 1131 Quae
1384 1087 1539 1120 irritavit
1564 1093 1597 1120 te
1623 1089 1792 1122 adversus
1815 1094 1987 1130 matrem,
2013 1103 2154 1135 semper

1568 1151 1606 1171 ln
1629 1150 1751 1172 aurem

1205 1188 1353 1222 Mittens
1369 1202 1552 1224 sermones
1568 1187 1714 1223 hostiles
1725 1216 1734 1229 ‚

1204 1240 1384 1275 Nuntians
1399 1242 1536 1274 somnia
1556 1242 1598 1274 de
1614 1241 1903 1285 Agamemnone:

1205 1291 1250 1324 Et
1268 1289 1334 1324 hoc
1346 1318 1354 1331 ‚
1383 1294 1480 1337 quod
1498 1293 1640 1325 oderint
1657 1292 1886 1326 concubitum
1904 1291 2066 1336 Aegisthi

1206 1342 1267 1375 Dii
1284 1343 1408 1376 inferi:
1437 1344 1489 1389 (id
1507 1344 1600 1377 enim
1622 1350 1709 1383 erat,
1736 1345 1832 1389 quod
1850 1350 1882 1376 te
1898 1345 2152 1394 exacerbavit)

1154 1393 1229 1428 620
1257 1393 1382 1426 Donec
1401 1394 1560 1428 incendit
1576 1396 1724 1428 domum
1743 1395 1823 1439 igne
1840 1407 1913 1428 non
1931 1394 2120 1432 Vulcanio.

1207 1445 1390 1485 Menelae,
1432 1446 1497 1479 tibi
1520 1445 1588 1479 hoc
1612 1446 1712 1485 dico,
1749 1452 1783 1479 et
1813 1453 1998 1490 praeterea
2025 1449 2153 1484 faciam

1575 1497 1700 1530 etiam:

1206 1546 1242 1580 Si
1262 1559 1364 1581 curas
1380 1559 1494 1580 meam
1515 1548 1739 1581 inimicitiam
1757 1554 1790 1581 et
1808 1549 2036 1591 affinitatem,

1208 1598 1291 1632 Non
1309 1599 1465 1643 depellas
1479 1600 1538 1633 isti
1553 1612 1675 1632 necem
1695 1606 1819 1633 contra
1836 1600 1950 1639 Deos;

1208 1649 1277 1682 Sed
1295 1650 1370 1683 sine
1390 1662 1407 1682 a
1426 1651 1561 1685 civibus
1577 1651 1729 1684 interfici
1748 1651 1858 1691 saxis,

1157 1699 1233 1736 625
1249 1702 1321 1734 Aut
1334 1713 1409 1734 non
1424 1702 1545 1736 venias
1561 1702 1713 1746 amplius
1732 1702 1768 1735 in
1779 1703 1992 1748 Spartanam
2011 1711 2156 1741 terram.

1209 1752 1305 1785 Haec
1323 1753 1529 1787 memineris
1548 1760 1581 1786 te
1599 1753 1792 1788 audivisse:
1821 1767 1967 1801 „neque
1984 1755 2114 1801 impios

1211 1803 1343 1847 „Elige
1362 1805 1495 1838 amicos
1507 1832 1516 1845 ,
1544 1806 1677 1849 pellens
1694 1805 1784 1849 pios.

1209 1854 1283 1889 Vos
1298 1856 1454 1889 ministri
1471 1856 1589 1889 ducite
1608 1869 1663 1889 me
1681 1857 1724 1889 ab
1743 1856 1807 1890 ista
1828 1858 1950 1892 domo.

1211 1908 1269 1941 Or.
1298 1906 1420 1947 Vade,
1462 1914 1501 1941 ut
1531 1920 1682 1953 sequens
1707 1908 1823 1942 oratio
1851 1909 1926 1943 sine
1952 1909 2156 1954 interpella-

1574 1965 1651 1992 tore
1669 1959 1772 1993 nobis

1158 2009 1233 2043 630
1261 2008 1316 2041 Ad
1334 2006 1428 2042 hunc
1442 2015 1517 2049 eat,
1544 2017 1722 2043 senectam
1739 2011 1910 2056 effugiens
1929 2018 2040 2046 tuam.

1211 2059 1392 2100 Menelae,
1421 2073 1492 2106 quo
1518 2074 1639 2096 moves
1656 2063 1803 2106 pedem,
1828 2064 1865 2096 in
1883 2064 2098 2108 cogitatione

1208 2110 1414 2155 Ingrediens
1432 2112 1507 2145 vias
1523 2114 1681 2157 duplices
1699 2114 1836 2148 duabus
1855 2114 1971 2149 curis?

1208 2164 1305 2198 Men.
1331 2163 1434 2203 Sine,
1463 2176 1601 2197 mecum
1621 2165 1800 2209 cogitans,

1210 2216 1264 2247 Ad
1286 2228 1392 2260 quam
1410 2216 1591 2248 fortunam
1611 2223 1751 2256 vertar,
1779 2216 1915 2249 dubito.

1130 2271 1135 2324 1
1159 2263 1234 2298 635
1264 2267 1323 2300 Or.
1368 2265 1420 2299 'Ne
1453 2279 1548 2300 nunc
1581 2268 1740 2312 perficias
1772 2267 2046 2311 cogitationem,
2095 2268 2156 2301 sed

1580 2331 1695 2351 llleitlll

1212 2367 1424 2400 Orationem
1443 2369 1589 2401 audiens
1610 2370 1727 2413 prius,
1755 2375 1838 2402 tunc
1857 2369 2026 2402 delibera.

1193 2528 1223 2560 8)
1244 2529 1378 2560 Coniugia
1399 2549 1405 2554 .
1420 2547 1426 2554 .
1442 2549 1447 2553 .
1463 2548 1468 2553 .
1490 2530 1633 2557 Mulieres]
1653 2530 1703 2552 hae
1723 2530 1792 2553 duae
1812 2537 1894 2553 voces
1914 2530 1941 2553 iu
1962 2537 2046 2560 marg.
2070 2531 2153 2555 Editt.

1233 2565 1324 2594 1555„
1346 2564 1419 2587 1562.
1437 2568 1500 2587 suut
1521 2565 1660 2594 repetitae.

1194 2625 1225 2652 9)
1246 2630 1300 2647 nou
1327 2624 1479 2652 uolentem]
1505 2623 1545 2646 sic
1570 2623 1621 2655 (Ξ
1646 2625 1739 2653 Eurip.
1769 2620 1817 2647 οὔκ
1842 2621 1980 2655 ἄκουσαν)
2010 2625 2055 2648 Ed.
2078 2625 2152 2651 ¹55⁹,

1232 2661 1345 2686 (Banu,
1369 2660 1491 2689 Musgr.,
1517 2659 1592 2683 Fixa
1625 2665 1674 2683 nee
1692 2658 1836 2690 invitam);
1866 2661 1916 2683 Ειι.
1938 2660 2011 2683 1562.
2032 2666 2084 2683 nou
2105 2666 2155 2684 vo-

1230 2693 1340 2718 tentem.

1556 2729 1603 2763 23
1621 2727 1635 2741 *
