2373 2980
158 83 226 118 751

161 171 258 207 1020
285 170 344 202 Or.
368 164 464 210 Quid
479 163 508 197 si
524 162 606 195 licet
622 160 819 195 interficere
836 161 953 206 ipsum
974 161 1118 206 regem?

211 222 282 265 ΙρΙι.
308 218 399 251 Rem
416 214 534 249 dixisti
551 212 729 246 difficilem
755 213 921 254 advenis,
945 213 1142 247 interficere

564 262 754 308 hospitem.

212 326 270 357 Or.
308 319 439 352 Verum
473 315 502 350 si
527 313 595 348 hoc
626 315 732 348 fuerit
762 314 867 348 saluti
891 313 981 349 mihi
1007 322 1040 349 et
1069 315 1144 354 tibi,

572 365 862 410 periclitandum.

212 424 281 466 lph.
311 420 393 454 Non
418 430 625 463 possumus;
652 417 936 462 magnitudinem
955 417 1008 451 tui
1033 417 1143 451 animi

570 468 691 502 laudo.

211 528 269 559 Or.
296 522 403 568 Quod
420 520 448 554 si
464 519 618 553 occultes
637 532 693 552 me
709 519 800 552 clam
817 519 854 552 in
870 519 1030 564 templo?

163 575 256 612 1025
282 575 354 617 ΙμΙι.
381 572 430 605 Ut
447 570 720 617 expellamurffl)
739 577 949 616 quaerentes
967 571 1130 604 latebras.

212 630 270 662 Or.
294 623 452 670 Noxma)
471 622 565 656 enim
584 623 716 656 furum.

210 680 281 722 ΙρΙι.
309 676 399 710 Sunt
423 675 518 708 intus
546 673 638 707 sacri
658 673 842 713 custodes,
875 684 964 718 quos
985 683 1059 705 non
1081 671 1144 704 fal-

568 725 694 759 lemus.

210 784 269 816 Or.
303 778 383 812 Heu
419 777 596 822 perimus;
633 775 816 821 quomodo
848 773 956 818 igitur
987 773 1144 808 servabi-

564 839 645 860 mur
655 825 726 871 ⁶3)?

209 885 281 927 lple.
296 881 430 913 Videor
447 877 578 912 habere
594 877 775 923 quoddam
792 888 927 909 novum
944 875 1142 910 consiliunt.

160 935 259 969 1030
285 936 343 968 Or.
367 929 507 976 Quale?
530 928 734 973 impertias,
757 934 798 960 ut
817 933 850 959 et
868 939 932 970 ego
949 927 1070 961 sciam.

210 988 281 1029 ΙρΙι.
303 984 394 1017 Utar
410 988 472 1014 tuo
489 981 610 1014 furore
627 980 672 1012 ad
688 978 899 1011 fallendum.

211 1040 268 1071 Or.
299 1032 498 1074 „Mulieres
524 1037 606 1065 sunt
640 1028 845 1073 ingeniosae
870 1029 915 1061 ad
944 1028 1141 1071 excogitan-

569 1082 653 1114 dam
675 1078 854 1113 technam.

210 1140 281 1181 Iph.
308 1135 434 1168 Dicam
452 1139 486 1166 te
503 1132 624 1165 venire
642 1131 867 1164 matricidam
888 1142 929 1163 ex
951 1128 1061 1172 Argo.

211 1192 268 1223 Or.
294 1188 403 1220 Utere
422 1184 510 1218 meis
528 1183 650 1224 malis,
674 1181 703 1215 si
720 1182 805 1215 utile
822 1187 885 1215 est.

162 1238 257 1275 1035
299 1239 369 1282 Iph.
409 1236 517 1281 Quod
550 1246 625 1267 non
653 1234 705 1266 fas
733 1234 778 1267 sit
810 1231 1008 1267 sacrificare
1036 1228 1144 1262 Deae,

290 1284 293 1287 ⁵
567 1286 696 1319 dicam.

210 1346 267 1378 Or.
295 1341 449 1385 Propter
471 1350 578 1384 quam
596 1335 762 1371 causam?
785 1332 910 1367 dubito
929 1333 1036 1366 enim.

210 1395 280 1436 ΙρΙι.
305 1392 432 1425 Dicam
451 1397 483 1424 te
501 1402 573 1423 esse
594 1388 770 1433 pollutum
783 1412 791 1425 ‚
817 1384 1044 1429 purificatum
1059 1394 1142 1415 vero

570 1438 868 1472 interficiendum.

212 1499 270 1529 Or.
297 1493 490 1539 Quomodo
507 1490 574 1524 hac
589 1503 627 1524 re
645 1489 759 1533 magis
777 1493 893 1521 statua
911 1483 1094 1529 capietur?

209 1547 283 1589 lplz.
304 1545 396 1578 Volo
414 1556 492 1578 eam
508 1542 697 1587 purificare
714 1538 815 1585 aquis
832 1536 993 1570 marinis.

194 1680 242 1708 62)
262 1679 444 1709 expellamur]
471 1678 511 1700 sic
528 1676 592 1700 Mel.
612 1673 695 1697 vertit
719 1670 889 1702 ἐκσωθεῖμεν
909 1668 1005 1707 OEditt,
1027 1669 1147 1690 recent.:

230 1715 378 1738 evadamus
405 1712 575 1735 incolumes).
606 1707 752 1737 Xylander
771 1706 832 1728 huic
852 1704 912 1727 voci
938 1709 964 1725 in
989 1708 1075 1731 marg.
1103 1702 1147 1725 Καὶ.

230 1748 306 1772 1562.
328 1748 396 1770 hanc
415 1745 563 1774 adscripsit
581 1742 801 1766 annotationem:
822 1739 919 1767 „Lego
939 1736 988 1764 ἔξω
1007 1736 1104 1767 θεῖμεν
1123 1739 1147 1759 ct

229 1784 324 1806 verto:
361 1783 402 1804 An
434 1782 463 1803 ut
496 1779 671 1802 tenebrarum
704 1773 833 1798 ueneficio
864 1773 983 1795 statuam
1014 1777 1045 1794 ex
1079 1771 1148 1793 aede

227 1813 410 1840 auferanms.''

195 1858 260 1890 aaa)
281 1857 352 1889 Nox]
373 1857 413 1880 sic
434 1855 517 1880 Editt.
538 1853 611 1876 1558.
632 1853 658 1874 et
678 1851 807 1875 reccath:
828 1848 875 1872 Ed.
896 1847 970 1870 1562.
989 1847 1048 1869 Non

195 1902 242 1933 63)
271 1902 316 1926 Or.
344 1902 485 1929 huuquam
503 1909 537 1914 --
557 1888 752 1918 servahhnnr?
780 1894 836 1919 (VS.
862 1887 1081 1920 1007—1028.)]
1112 1889 1149 1911 sic

229 1936 279 1960 Ed.
300 1935 394 1963 1562.;
414 1933 461 1956 Ed.
484 1930 576 1954 1558.:
688 1960 693 1965 .
790 1958 796 1963 .
885 1957 890 1962 ι

266 1972 313 1995 Or.
333 1970 508 1997 Nequaquam
527 1965 589 1987 fiam
608 1963 634 1985 et
656 1962 694 1984 tui
716 1960 813 1983 matris
834 1963 949 1996 occisor.

265 2004 339 2029 satis
360 2006 495 2031 superque
515 1997 630 2027 sanguis
648 1995 732 2018 illins.
769 1994 863 2030 sentio
882 1994 973 2030 autem
992 1993 1089 2015 tecum.

265 2040 301 2063 Et
320 2037 414 2061 vivere
434 2034 530 2061 velim,
551 2033 578 2055 et
597 2031 720 2054 mortuus
741 2028 836 2051 sortiri
856 2032 943 2056 paria.
1001 2059 1006 2064 .

267 2073 350 2097 Certe
370 2069 494 2098 veniam,
514 2067 538 2090 si
557 2065 662 2096 quidem
683 2065 709 2087 et
728 2063 788 2092 ipse
807 2061 962 2085 occumbam
981 2061 1033 2087 hic,

264 2108 395 2132 Domum,
415 2104 439 2127 si
459 2102 578 2126 moriens
597 2104 651 2122 uua
674 2099 761 2121 tecum
780 2100 967 2133 permansero.
1085 2128 1089 2132 ι

266 2141 321 2166 Sed
341 2137 507 2163 senteutiam
522 2141 609 2159 meam
629 2132 699 2156 andi.
732 2131 760 2154 si
778 2131 969 2154 adversarnnn
984 2129 1034 2151 hoc
1052 2128 1151 2151 suisset

262 2176 369 2200 Dianae
382 2190 389 2201 ,
410 2171 542 2203 quomodo
562 2170 620 2199 ipse
640 2166 737 2195 Apollo
760 2171 807 2194 per
826 2163 955 2187 vaticinia
975 2163 1100 2185 iussisset

267 2210 385 2234 Auferre
405 2214 446 2230 me
466 2204 658 2229 sinuum-hrum
679 2201 753 2223 heae
773 2198 895 2222 Palladis
913 2198 947 2220 ad
966 2197 1115 2220 civitatem.

264 2246 300 2267 Et
319 2245 392 2266 tuum
412 2241 515 2263 vultum
537 2231 704 2266 adspicere?
741 2234 837 2258 Omnia
857 2231 925 2254 euim

266 2278 408 2306 colligens
430 2275 494 2297 haec
514 2273 540 2295 in
559 2277 656 2294 uuum.
678 2269 792 2292 reditum
810 2272 891 2296 spero
911 2268 1150 2295 cmisequutnrum.

266 2312 328 2343 lph.
350 2309 488 2340 Quomodo
508 2307 593 2337 igitur
612 2305 705 2330 fieret,
725 2304 754 2325 ut
773 2308 827 2324 non
846 2306 897 2323 uos
918 2300 1076 2338 moriamur,

266 2347 301 2369 Et
320 2345 474 2374 capiamus,
495 2346 563 2371 quae
581 2334 728 2362 volumus?
748 2337 796 2359 hac
815 2335 885 2358 enim
904 2339 950 2372 vra
968 2334 1071 2362 dispice

267 2380 393 2403 Reditum
412 2378 535 2403 domum;
555 2375 621 2397 haee
640 2370 806 2396 consultatio
826 2369 967 2407 proposua
987 2372 1038 2392 est,

268 2414 315 2438 Or.
335 2414 412 2436 Anne
431 2412 581 2440 tyranuum
599 2407 717 2437 perdere
734 2399 900 2435 possumus.e

267 2448 330 2478 1111».
349 2446 470 2469 Arduum
488 2445 538 2467 hoc
557 2442 667 2471 dixisti,
685 2440 808 2469 hospites
828 2437 954 2461 occidere
972 2436 1105 2459 advenas.

268 2484 316 2507 Or.
337 2481 440 2503 Verum
460 2478 484 2501 si
502 2481 530 2500 te
548 2478 642 2499 servat
662 2476 688 2498 et
708 2480 759 2502 me.
779 2471 997 2502 periclitandum.

268 2516 330 2546 1111».
351 2516 410 2538 Non
429 2518 540 2543 queam;
560 2511 609 2534 sed
628 2509 799 2533 alacritatem
818 2507 911 2535 probo.

269 2552 318 2574 or.
342 2548 410 2572 Ouid
430 2552 514 2573 vero.
534 2545 558 2568 si
577 2551 619 2568 me
638 2544 665 2566 in
686 2544 736 2566 hoc
757 2541 858 2570 templo
878 2539 1031 2563 occultares
1053 2535 1143 2561 clam?

268 2584 330 2612 11112.
346 2573 386 2606 'Ut
405 2587 472 2604 sane
490 2580 618 2603 tenebras
638 2577 711 2601 nacti
732 2570 933 2606 effugeremus?

268 2619 316 2642 Or.
336 2616 453 2640 Furihus
473 2614 543 2637 euim
563 2613 661 2635 idonea
680 2612 723 2634 est
743 2616 813 2633 uox.
833 2608 880 2631 sed
899 2607 1007 2630 veritati
1028 2607 1081 2629 lux¹

267 2652 329 2682 [μὴ.
350 2651 419 2673 Sunt
438 2649 511 2671 intus
530 2647 604 2670 sacri
623 2645 770 2671 custodes,
790 2649 858 2672 quos
878 2648 932 2665 nou
953 2641 1104 2665 latebimus,

270 2688 317 2711 vr.
339 2685 431 2714 Eheu,
450 2681 613 2710 occidimus,
633 2678 765 2709 quomodo
786 2677 856 2700 salvi
877 2682 940 2699 esse
959 2672 1128 2705 possumus?

735 75 857 110 Pffll..
882 76 995 111 rMEL.
1031 75 1232 111 SCRIPTA
1260 75 1596 112 PHILOLOGICA.

1170 1380 1175 1514 f

2112 80 2185 117 752

1200 162 1297 198 1040
1327 166 1383 198 Or.
1407 162 1515 197 Estne
1538 162 1635 195 intus
1658 166 1794 202 statua,
1816 169 1965 208 propter
1990 174 2099 209 quam
2116 162 2184 199 huc

1608 211 1795 246 venimus?

1248 267 1321 308 Iph.
1360 264 1507 305 Dicam,
1551 264 1647 310 quod
1671 262 1791 308 cupiat
1817 269 1933 298 statua
1965 264 2079 298 lavari
2101 277 2184 299 con-

1614 321 1764 348 trectata
1782 326 1802 347 a
1820 320 1866 348 te.

1252 369 1308 401 Or.
1333 365 1429 399 Num
1446 372 1486 399 ut
1500 366 1538 398 in
1553 377 1650 399 mare
1667 366 1704 399 id
1722 365 1933 399 eiiceretur?

1246 418 1319 460 Iph.
1348 415 1400 449 Ibi
1411 443 1420 456 ‚
1442 417 1504 450 ubi
1521 417 1622 451 navis
1638 424 1699 451 tua
1714 423 1784 451 stat
1799 416 1908 461 ligata
1926 416 2081 451 funibus.

1251 469 1308 501 Or.
1336 467 1392 500 An
1407 467 1536 514 aliquis
1551 468 1641 503 alius
1659 468 1825 502 manibus
1842 467 1993 511 gestabit
2006 468 2184 501 statuam?

1201 516 1297 552 1045
1323 520 1396 562 lph.
1420 518 1495 563 Ego
1507 546 1516 559 ‚
1543 519 1628 564 quia
1644 517 1735 552 mihi
1749 519 1815 554 soli
1832 519 1915 552 licet
1931 518 2118 562 attingere.

1249 572 1309 604 Or.
1332 570 1482 614 Pylades
1500 570 1539 602 in
1557 583 1628 616 quo
1646 570 1725 604 loco
1750 568 1856 604 huius
1874 570 1990 603 caedis
2006 570 2184 614 ponetur?

1247 623 1320 664 Iple.
1347 620 1495 654 Dicetur
1511 621 1625 655 simile
1645 621 1781 655 crimen
1798 628 1913 655 tecum
1932 619 2076 655 habere.

1250 674 1309 706 Or.
1335 671 1457 706 Facies
1473 670 1562 706 haec
1578 673 1669 706 clam
1680 699 1689 713 ‚
1715 685 1761 706 an
1776 672 1906 706 sciente
1921 671 2029 716 rege?

1252 724 1322 765 lph.
1351 723 1580 758 Persuadebo
1598 724 1647 757 ita
1661 723 1711 762 ei;
1735 735 1811 757 non
1826 723 1922 757 enim
1940 734 2084 768 possum
2102 734 2181 756 eum

1605 775 1729 809 latere.

1202 822 1298 859 1050
1323 827 1382 860 Or.
1404 823 1515 870 Atqui
1534 825 1647 860 facilis
1666 838 1787 859 cursus
1801 825 1903 859 navis
1921 825 2031 859 adest.

1249 877 1321 919 Iph.
1346 876 1499 921 Reliqua
1515 882 1555 910 tu
1573 877 1713 911 curabis
1725 903 1734 917 ‚
1759 883 1799 910 ut
1812 882 1906 909 recte
1924 877 2023 910 fiant.

1250 929 1308 961 Or.
1338 927 1420 960 Una
1435 939 1473 960 re
1490 925 1606 962 adhuc
1623 940 1712 972 opus
1729 934 1798 968 est,
1825 934 1865 961 ut
1878 927 1966 961 istae
1982 924 2051 960 hoc
2070 925 2184 958 occul-

1608 985 1696 1012 tent.

1249 1026 1323 1069 Age
1342 1027 1517 1061 obtestare
1538 1040 1596 1063 eas
1607 1056 1616 1070 ‚
1641 1036 1676 1063 et
1691 1040 1873 1063 sermones
1889 1028 2142 1074 persuadentes

1249 1075 1428 1115 l11venies;
1479 1077 1586 1112 habet
1636 1080 1710 1113 vim
1751 1080 1797 1113 ad
1834 1078 2184 1113 commiserationem

1607 1131 1747 1164 mulier.

1203 1175 1299 1211 1055
1319 1177 1470 1224 Reliqua
1483 1207 1492 1220 ,
1517 1187 1556 1214 ut
1570 1193 1694 1225 spero,
1719 1181 1809 1214 bene
1826 1193 1861 1214 se
1878 1178 2128 1224 habebuntffi).

1250 1230 1322 1271 Iple.
1351 1229 1384 1262 O
1398 1230 1627 1265 charissimae
1647 1231 1835 1271 mulieres,
1861 1232 1906 1265 ad
1924 1243 1988 1265 vos
2002 1230 2175 1275 respici0;

1248 1279 1350 1313 Meae
1375 1293 1431 1315 res
1452 1292 1561 1326 penes
1579 1295 1642 1316 vos
1664 1283 1752 1317 sitae
1776 1288 1877 1323 sunt,
1902 1288 1942 1317 ut
1958 1283 2049 1316 bene
2065 1293 2100 1315 se
2124 1279 2187 1314 ha-

1612 1335 1738 1372 beant;

1251 1381 1317 1415 Vel
1336 1394 1433 1417 secus
1444 1410 1453 1424 ‚
1478 1391 1517 1417 ut
1532 1384 1653 1428 priver
1669 1384 1798 1429 patria,

1250 1431 1295 1465 Et
1312 1434 1420 1467 fratre
1439 1441 1473 1467 et
1490 1441 1641 1479 cognato
1661 1433 1888 1468 charissimis.

1233 1550 1280 1581 64)
1309 1550 1367 1581 [7711.
1398 1550 1503 1573 Videor
1525 1563 1553 1567 —
1574 1552 1718 1575 habebunt.
1745 1553 1801 1579 (vs.
1824 1548 2040 1581 1029—1055.)]
2073 1549 2113 1574 sic
2138 1550 2188 1574 Ed.

1270 1585 1363 1611 1552:
1388 1585 1437 1607 Ed.
1460 1584 1550 1610 1558.:

1307 1619 1365 1649 [ple.
1387 1619 1493 1641 Habere
1512 1619 1608 1642 videor
1627 1625 1727 1643 novum
1746 1619 1809 1642 mihi
1828 1619 1967 1642 inventum
1987 1618 2129 1648 quoddam.

1305 1654 1352 1678 Or.
1376 1653 1462 1681 Quale
1481 1650 1612 1677 tandem?
1627 1653 1792 1677 sententiam
1809 1653 2026 1681 communicato,
2045 1655 2075 1676 nt
2092 1655 2119 1676 et
2138 1658 2189 1683 ego

1613 1687 1724 1711 discam.
1966 1695 1973 1700 ·

1307 1721 1365 1750 Iph.
1387 1721 1461 1744 Tuae
1480 1720 1634 1744 dementiae
1652 1723 1715 1744 utar
1734 1720 1868 1745 consiliis.

1306 1758 1354 1779 Or.
1382 1755 1547 1785 Ingeniosae
1566 1755 1637 1778 enim
1656 1755 1785 1779 mulieres
1803 1755 1838 1778 ad
1855 1754 2048 1778 inveniendum
2069 1755 2189 1779 rraudes.

1309 1789 1366 1818 ιμΙι.
1388 1789 1545 1812 Occisorem
1564 1790 1591 1812 te
1611 1789 1696 1813 dicam
1715 1788 1813 1813 matris
1832 1790 1865 1812 ah
1882 1789 1965 1819 Argis
1984 1789 2105 1812 venisse.

1307 1825 1355 1847 Or.
1375 1824 1460 1846 Utere
1478 1824 1558 1846 malis
1578 1823 1662 1855 meis,
1682 1823 1707 1846 si
1725 1823 1790 1846 utile
1808 1823 1929 1846 futurum
1949 1824 2000 1846 est.

1308 1857 1368 1887 ΙμΙι.
1389 1858 1465 1886 Quod
1485 1858 1562 1880 nefas
1581 1858 1633 1885 sit.
1652 1858 1791 1884 dicemus..
1810 1859 1932 1881 mactare
1951 1857 2034 1883 Deae,

1307 1893 1355 1916 Or.
1377 1892 1460 1920 Quam
1480 1897 1588 1915 causam
1607 1888 1794 1921 praetexens?
1813 1891 1938 1921 suspicor
1957 1891 2027 1915 euim
2047 1891 2180 1922 quiddam.

1308 1926 1367 1955 Iph.
1387 1928 1446 1949 hon
1469 1932 1564 1955 purum
1585 1932 1663 1955 esse,
1683 1926 1732 1949 sed
1751 1927 1875 1949 sanctum
1895 1926 1962 1949 daho
1983 1927 2051 1950 neci.

1308 1962 1355 1984 Or.
1392 1960 1460 1989 Quid
1484 1966 1549 1984 vero
1575 1961 1662 1990 magis
1687 1961 1734 1983 hac
1760 1960 1868 1984 ratione
1892 1961 1966 1983 Deae
1997 1961 2191 1984 simulachrum

1615 1991 1742 2024 capitur?
1902 2022 1905 2023 ⁷

1311 2028 1370 2058 11171·
1388 2028 1466 2051 Ponti
1487 2030 1513 2051 te
1532 2029 1653 2052 sontibus
1672 2029 1794 2052 lustrare
1813 2029 1886 2051 volo.

1309 2067 1357 2087 or.
1389 2064 1481 2086 Manet
1505 2069 1570 2086 vero
1598 2063 1624 2086 in
1649 2063 1726 2086 domo
1751 2063 1960 2090 simulachrum,
1990 2068 2039 2093 pro
2065 2067 2116 2092 quo
2141 2062 2191 2084 hue

1614 2097 1806 2127 navigavimus
1815 2094 1828 2120 ’ἒ

1310 2130 1369 2160 ΙμΙι.
1392 2131 1424 2153 Et
1444 2131 1525 2159 illud.
1545 2132 1616 2161 quod
1635 2131 1723 2155 lavari
1742 2131 1826 2161 velit,
1842 2132 1869 2154 te
1891 2129 2053 2160 attingente.

1310 2167 1356 2189 Or.
1379 2163 1514 2189 Ubinam?
1532 2166 1608 2195 ponti
1627 2166 1661 2189 ad
1678 2165 1787 2189 humida
1804 2165 1846 2188 dic
1865 2161 1957 2188 ostia?

1307 2199 1368 2228 1))Ιι.
1388 2199 1437 2221 Uhi
1452 2200 1531 2222 navis
1546 2200 1654 2223 funibus
1666 2206 1700 2223 ex
1718 2200 1772 2222 liuo
1792 2199 1872 2222 factis
1885 2198 2032 2221 stationem
2047 2198 2121 2221 tenet
2135 2200 2189 2220 tua.

1309 2235 1356 2257 Or.
1376 2233 1432 2255 Tihi
1447 2233 1536 2262 itaque
1553 2234 1612 2262 quis
1628 2234 1699 2256 alius
1713 2233 1739 2256 in
1753 2234 1876 2256 manilius
1892 2233 1962 2255 feret
1976 2228 2191 2255 simulachrum?

1313 2267 1370 2296 Isth.
1396 2268 1472 2298 Ego:
1492 2268 1629 2297 attingere
1648 2268 1719 2290 enim
1737 2267 1781 2290 fas
1800 2269 1843 2290 est
1862 2267 1915 2290 soli
1934 2267 2006 2290 mihi.

1311 2303 1358 2325 Ur.
1380 2301 1500 2331 Pylades
1520 2308 1587 2324 vcro
1606 2301 1648 2324 hic
1667 2301 1744 2324 nohis
1758 2301 1803 2324 ubi
1818 2302 1999 2324 constituetur
2012 2300 2047 2324 ad
2061 2297 2191 2324 caedem?

1310 2336 1368 2364 Asth-
1392 2337 1461 2358 idem
1482 2341 1606 2359 manuum
1624 2335 1673 2358 tihi
1691 2335 1797 2359 dicetur
1816 2336 1952 2365 piaculum
1969 2335 2040 2365 quod
2058 2335 2163 2358 haheat.

1309 2372 1356 2393 ur.
1377 2370 1453 2393 Clam
1473 2376 1556 2400 rege,
1575 2370 1622 2392 aut
1640 2371 1750 2393 conscio
1770 2370 1856 2393 facies
1875 2366 1964 2393 haec?

1309 2404 1368 2434 ΙμΙι,
1389 2403 1563 2427 Pei-suadens
1584 2404 1696 2432 verbis;
1718 2410 1770 2427 uon
1790 2404 1861 2427 enim
1881 2405 1987 2427 latuero
2005 2403 2101 2433 ipsum.

1311 2442 1359 2462 ur.
1378 2439 1467 2467 Atque
1487 2439 1566 2461 navis
1586 2438 1702 2467 impetus
1723 2439 1864 2468 expeditus
1885 2440 1999 2468 paratus
2019 2440 2070 2462 est.

1310 2472 1368 2502 ΙμΙι.
1396 2473 1453 2496 Tibi
1479 2475 1554 2496 certe
1581 2473 1708 2496 convenit
1733 2478 1816 2496 curae
1840 2479 1904 2496 esse
1921 2474 2049 2502 caetera,
2074 2475 2103 2495 ut
2124 2473 2190 2495 hene

1614 2508 1740 2530 habeant.

1309 2542 1355 2565 Or.
1377 2540 1462 2563 Unius
1483 2542 1587 2564 tautum
1606 2547 1673 2570 opus
1692 2543 1752 2569 est,
1771 2542 1854 2564 hasce
1872 2541 2014 2565 occultare
2034 2542 2107 2564 haec.

1307 2575 1360 2598 sed
1380 2576 1541 2604 obsecrato.
1561 2577 1588 2598 et
1608 2581 1751 2599 sermones
1770 2575 1968 2605 persuasibiles

1307 2610 1456 2638 Excogita3
1476 2610 1555 2632 hahet
1569 2610 1639 2633 euim
1659 2610 1712 2633 vim
1727 2610 1860 2639 quandam
1878 2609 1911 2633 ad
1926 2610 2087 2633 movendam
2106 2609 2189 2632 mise-

1617 2644 1762 2668 ricordiam
1783 2644 1889 2668 mulier.

1305 2678 1423 2701 Caetera
1442 2678 1563 2701 fortasse
1582 2680 1681 2702 cuncta
1700 2678 1845 2703 succedent
1866 2683 2005 2708 prospere.
