2373 2980
242 122 316 157 703

294 210 392 243 Ghor.
419 206 452 239 O
475 205 610 250 puella,
645 204 742 248 quod
762 204 803 235 ad
829 209 862 236 te
881 203 1029 242 attinet,
1064 215 1235 247 generose
1260 207 1264 227 ¹

657 253 761 291 facis;

293 311 359 343 Sed
378 310 558 341 fortunam
577 313 681 351 atque
702 305 816 338 Deam
836 303 943 339 habes
961 305 1134 351 iniquam.

246 358 343 396 1405
370 360 453 394 Ach.
496 359 529 392 Ο
563 358 631 391 filia
663 356 964 400 Agamemnonis,
1004 358 1148 390 beatum
1181 369 1263 394 me,

656 408 826 442 Deorum.
835 408 964 454 aliquis

293 463 465 495 Facturus
481 460 646 506 essetss),
682 460 710 493 si
736 466 815 493 tuas
838 460 983 505 nuptias
1008 472 1146 505 possem
1174 457 1237 492 lia-

654 512 756 544 bere:

232 579 235 581 ·
292 564 462 598 Admiror
489 563 676 598 Graeciam
710 568 859 607 propter
883 560 975 595 hanc
1000 569 1098 595 tuam
1126 561 1237 594 virtu-

656 620 726 647 tem
737 640 747 653 ,
775 619 810 646 et
824 619 972 657 propter
985 612 1173 647 Graeciam
1190 618 1236 646 te.

294 667 399 700 Recte
417 665 536 699 dixisti
553 663 658 705 haec,
687 671 721 698 et
738 676 804 708 pro
819 664 991 708 dignitate
1006 664 1145 709 patriae
1157 690 1166 701 ,

292 718 470 752 Omittens
486 728 685 761 repugnare
703 716 867 755 oraculo,
894 717 990 761 quod
1009 723 1042 749 te
1059 715 1179 748 vincit.

245 769 341 804 1410
367 768 576 813 Expendisti
595 769 688 800 bona
705 773 739 800 et
755 767 963 800 necessaria.

294 821 407 864 Magis
426 833 481 853 me
499 827 593 853 tenet
609 818 823 852 desiderium
843 819 1051 862 nuptiarum
1069 824 1225 856 tuarum,

293 872 487 917 Postquam
508 870 746 904 animadverti
766 876 864 902 tuam
883 869 1060 905 indolem:
1091 882 1126 903 es
1142 869 1235 902 enim

654 932 838 966 generosa.

293 975 381 1008 Vide
399 980 536 1012 autem,
564 985 628 1016 ego
647 972 729 1004 volo
749 971 813 1004 tibi
830 971 1035 1003 benefacere
1047 997 1056 1009 ,

292 1026 337 1059 Et
355 1028 482 1059 ducere
503 1025 539 1056 in
555 1025 676 1060 aedes;
711 1022 803 1055 male
828 1020 936 1054 habet
962 1033 1038 1060 me,
1074 1021 1171 1055 testis
1194 1021 1239 1054 sit
1263 1056 1265 1066 2

653 1072 795 1112 Thetis,

246 1127 341 1164 1415
368 1127 445 1163 Nisi
465 1133 499 1160 te
514 1138 616 1160 servo
634 1138 712 1159 cum
731 1124 875 1158 Graecis
894 1135 1067 1168 pugnans.

293 1180 485 1214 Considera
500 1205 508 1218 ‚
535 1190 632 1211 mors
651 1188 819 1220 magnum
838 1181 890 1208 est
906 1175 1054 1208 malum.

291 1233 364 1275 Iph.
392 1230 541 1276 Loquor
559 1230 622 1263 ista
635 1255 644 1269 ,
670 1227 851 1261 neminem
869 1226 1072 1270 respiciens.

292 1284 426 1316 Helena
446 1287 594 1326 propter
611 1281 764 1313 somnam
784 1284 890 1311 autor
908 1284 976 1316 est,
1005 1289 1095 1322 quae
1112 1276 1203 1309 bella

292 1334 338 1368 Et
356 1334 480 1367 caedes
494 1332 603 1366 faciat
620 1332 713 1364 inter
734 1330 847 1367 viros;
876 1336 915 1363 tu
930 1341 1030 1369 vero,
1059 1340 1080 1361 o
1097 1326 1238 1372 hospes,

245 1386 341 1422 1420
368 1385 451 1420 Non
476 1383 642 1417 moriaris
668 1388 816 1427 propter
841 1394 916 1421 me,
957 1392 1073 1426 neque
1099 1380 1238 1413 occidas

651 1445 882 1480 quemquam.

291 1488 374 1522 Sine
391 1499 447 1520 me
463 1486 651 1520 Graeciam
669 1496 812 1519 servare
824 1510 832 1523 ,
861 1483 890 1516 si
907 1482 1094 1527 possimus.

291 1541 376 1574 Ach.
401 1538 434 1572 Ο
457 1538 677 1582 praeclaram
701 1535 944 1573 voluntatem,
985 1545 1060 1566 non
1094 1544 1235 1577 possum

659 1587 704 1620 ad
721 1584 807 1619 haec
831 1584 983 1629 amplius

292 1641 439 1681 Dicere,
466 1639 494 1674 si
515 1639 658 1685 quidem
676 1637 741 1671 tibi
757 1637 820 1670 ista
838 1637 1017 1669 videntur.
1055 1635 1236 1668 Generosa

291 1693 425 1728 Sentis:
460 1703 522 1724 cur
537 1691 631 1724 enim
650 1701 722 1723 non
738 1688 853 1722 dicam
865 1687 911 1734 5⁹)
930 1686 1077 1720 verum?

243 1743 341 1780 1425
369 1744 437 1778 Sed
454 1749 574 1775 tamen
592 1741 666 1775 fieri
688 1746 822 1785 potest,
849 1745 888 1772 ut
911 1745 944 1771 te
970 1737 1109 1771 consilii
1133 1735 1238 1770 huius

653 1791 846 1837 poeniteat.

294 1846 342 1880 Ut
360 1846 468 1890 igitur
484 1844 572 1878 scias
591 1842 678 1877 haec
696 1856 714 1876 a
736 1855 792 1875 me
807 1841 872 1875 tibi
887 1840 979 1874 dicta
993 1867 1001 1879 ,

292 1897 435 1930 Vadens
455 1909 587 1941 ponam
609 1894 695 1928 haec
713 1906 811 1927 arma
831 1893 925 1925 iuxta
946 1904 1044 1924 aram
1058 1917 1066 1929 ,

291 1949 484 1994 Tanquam
503 1960 576 1980 non
592 1947 711 1981 sinens
729 1952 781 1985 te,
808 1945 868 1978 sed
887 1941 1082 1988 prohibens
1103 1939 1206 1974 mori.

292 2000 339 2033 Et
357 2006 394 2033 tu
410 2000 558 2033 fortasse
576 2011 659 2031 mox
676 2010 754 2030 meo
772 1995 920 2029 consilio
938 1994 1046 2027 uteris
1059 2020 1067 2033 ,

244 2052 340 2086 1430
368 2051 524 2096 Quando
541 2050 677 2083 videbis
695 2060 813 2082 ensem
832 2058 944 2091 prope
961 2052 1060 2079 tuum
1086 2044 1234 2077 collum:

291 2103 373 2137 Non
390 2102 504 2136 sinam
525 2108 558 2134 te
578 2102 643 2134 ista
664 2107 722 2133 tua
740 2098 931 2132 temeraria
949 2096 1094 2130 audacia
1114 2095 1224 2132 mori;

292 2155 360 2187 Sed
379 2153 523 2186 veniens
542 2165 620 2186 cum
638 2151 746 2184 armis
765 2150 839 2183 istis
855 2150 898 2182 ad
914 2149 1085 2192 templum
1104 2146 1219 2186 Deae,

292 2205 495 2250 Expectabo
511 2205 582 2238 illic
597 2210 693 2237 tuam
712 2200 962 2247 praesentiam.

290 2258 363 2299 Iph.
388 2256 524 2296 Mater,
564 2255 651 2301 quid
686 2254 790 2287 tacite
824 2252 945 2286 oculos
976 2249 1158 2284 humectas
1187 2249 1236 2281 la-

655 2303 836 2351 chrymis?

245 2356 343 2392 1435
370 2359 455 2402 Clyt.
488 2357 563 2402 Ego
590 2358 717 2392 misera
742 2355 858 2389 habeo
886 2367 1048 2393 causam,
1085 2364 1147 2386 cur
1174 2354 1236 2385 do-

655 2409 746 2441 leam
769 2407 901 2440 animo.

292 2461 365 2502 lplt.
400 2460 523 2494 Potius
551 2472 606 2493 me
639 2470 861 2503 compescas,
903 2469 946 2489 ne
980 2454 1235 2500 languesacias;

655 2511 861 2554 obtempera
881 2505 969 2540 mihi
987 2507 1022 2539 in
1042 2505 1107 2539 hac
1124 2518 1173 2539 re.

276 2647 323 2676 58)
344 2647 433 2673 esset]
456 2646 495 2668 sic
516 2644 598 2667 Editt.
620 2646 737 2671 recentw,
766 2643 846 2665 Editt.
867 2642 956 2669 1558..
979 2642 1051 2665 1562,
1073 2643 1142 2664 erat.

276 2697 324 2723 59)
346 2702 397 2719 non
412 2695 513 2723 dicam]
528 2695 568 2718 sic
583 2694 665 2717 Editt⁴
677 2694 762 2718 1558..
785 2694 873 2722 1562.;
893 2692 976 2718 Etim,
991 2694 1093 2716 recent.
1112 2691 1157 2723 (=
1171 2693 1237 2715 text.
1260 2705 1261 2720 3

313 2734 367 2760 gr.)
390 2736 442 2753 non
463 2730 534 2752 meat
556 2729 613 2759 quis

828 116 951 151 PHIL.
984 116 1097 151 MEL.
1130 116 1332 152 SCRIPTA
1363 116 1702 154 PHILOLOGICA.

2208 121 2284 157 704

1341 207 1427 250 Clyt.
1456 205 1596 245 Dicito,
1622 203 1716 242 filia,
1744 202 1829 248 quia
1852 215 1872 236 a
1896 206 1997 239 nobis
2023 217 2096 238 non
2123 206 2282 240 afficieris

1697 266 1841 288 minna.

1338 309 1411 349 lph.
1439 306 1520 341 Non
1538 305 1644 349 igitur
1660 305 1789 339 evellas
1807 305 1973 350 capillum
1994 313 2092 340 tuum
2105 334 2113 347 ‚

1341 359 1464 404 Reque
1483 357 1572 391 circa
1593 368 1722 401 corpus
1739 356 1919 390 circumda
1936 357 2054 401 nigras
2075 365 2199 392 vestes.

1261 396 1264 443 Ι
1293 408 1389 443 1440
1417 410 1505 453 Clyt.
1530 408 1604 442 cur
1620 406 1688 441 hoe
1703 407 1842 448 dixisti,
1871 420 1892 441 ο
1908 408 2005 441 fllia?
2040 410 2101 443 ubi
2117 416 2150 443 te
2167 411 2283 455 perdi-

1261 447 1264 470 ⁸
1707 460 1815 499 dero,
1844 471 1890 492 an
1910 472 1984 492 non
2004 460 2168 504 lugeam?

1341 513 1413 555 Iph.
1442 511 1541 547 Non:
1570 511 1664 544 salva
1684 523 1775 551 sum,
1803 512 1900 556 quod
1921 512 1964 544 ad
1981 524 2038 544 me
2055 512 2193 552 attinet,
2215 513 2283 545 cla-

1700 574 1775 594 rior
1794 574 1874 595 eris.

1343 615 1429 658 Clyt.
1465 613 1658 658 Quomodo
1683 612 1825 646 dixisti?
1867 625 1941 646 nou
1965 614 2132 647 convenit
2154 626 2210 647 me
2232 615 2283 647 lu-

1609 704 1612 706 *
1705 676 1786 708 gere
1808 670 1905 697 tuam
1927 665 2103 699 mort-em?

1343 717 1414 759 lph.
1435 715 1596 754 Minime,
1621 715 1704 761 quia
1726 713 1814 748 mihi
1833 728 1906 748 non
1922 717 2132 750 excitabitur
2149 716 2284 749 tumba.

1342 769 1427 811 Clyt.
1458 767 1552 812 Quid
1572 779 1676 806 vero,
1704 779 1748 799 an
1766 779 1840 799 non
1857 767 1932 811 ipsa
1949 780 2046 803 mors
2063 767 2284 802 existimatur

1702 818 1911 862 sepultura?

1293 867 1391 903 1445
1418 871 1492 912 [ph.
1519 869 1590 902 Ara
1618 869 1735 909 Deae,
1770 870 1862 903 filiae
1885 869 1996 911 lovis,
2031 871 2099 904 erit
2120 868 2208 903 mihi
2233 881 2284 902 se-

1700 918 1902 964 pulchrum.

1343 973 1429 1016 Clyt.
1456 972 1588 1017 Atqui,
1615 984 1635 1003 o
1653 971 1746 1011 filia,
1774 972 1951 1017 obsequar
1968 971 2049 1004 tibi:
2078 971 2167 1004 bene
2187 970 2284 1004 dicis.

1343 1021 1471 1067 lph.⁶⁰)
1499 1022 1572 1055 Ero
1591 1024 1716 1062 beata,
1751 1029 1784 1055 et
1807 1022 1978 1057 beneficio
2004 1022 2158 1056 afficiens
2174 1022 2285 1055 Grae-

1702 1073 1806 1107 ciam.

1342 1126 1428 1169 Clyt.
1457 1124 1523 1158 Sed
1544 1124 1628 1169 quid
1650 1124 1823 1157 nuntiabo
1841 1125 1908 1159 tnis
1925 1123 2132 1159 sororibus?

1263 1191 1265 1213 ι
1342 1178 1414 1219 ΙρΙι.
1442 1176 1494 1209 Ne
1511 1176 1706 1209 circumdes
1723 1175 1790 1208 illis
1808 1176 1926 1220 nigras
1942 1182 2067 1210 vestes.

1264 1218 1265 1234 ¹
1294 1226 1392 1261 1450
1421 1228 1506 1271 Clyt.
1535 1227 1726 1272 Quodnam
1743 1233 1882 1271 gratum
1908 1228 2055 1260 verbum
2077 1225 2191 1259 dicam
2218 1225 2286 1257 vir-

1707 1278 1847 1322 ginibus
1864 1291 1905 1312 ex
1921 1278 1979 1312 te?

1343 1331 1415 1373 Iph.
1455 1330 1501 1363 Ut
1535 1330 1694 1369 valeant;
1733 1329 1895 1364 Orestem
1933 1328 2028 1364 hunc
2062 1329 2211 1362 educato
2248 1327 2285 1360 in

1702 1393 1832 1415 virum.

1345 1434 1430 1477 Clyt.
1472 1432 1716 1476 Complectere
1758 1443 1865 1471 eum,
1918 1444 2024 1477 quem
2063 1436 2282 1475 postremum

1704 1483 1815 1517 vides.

1341 1536 1413 1577 [pk.
1441 1532 1714 1573 Ocharissime,
1749 1534 1889 1572 iuvisti,
1925 1539 2099 1578 quantum
2126 1529 2284 1574 potuisti,

1262 1563 1264 1605 l
1703 1585 1847 1617 amicos.

1344 1638 1430 1680 Clyt.
1465 1635 1574 1668 Estne
1601 1635 1757 1680 aliquid,
1803 1635 1901 1680 quod
1926 1633 2031 1678 Argis
2053 1632 2118 1666 tibi
2142 1638 2283 1676 gratum

1702 1686 1819 1720 facere
1839 1685 1998 1731 possim?

1262 1753 1265 1783 ς
1296 1735 1392 1772 1455
1419 1739 1493 1781 lph.
1538 1737 1657 1772 Meum
1684 1744 1822 1782 patrem
1848 1745 2022 1783 tuumque
2045 1736 2213 1769 maritum
2241 1745 2283 1765 ne

1699 1789 1830 1823 oderis.

1343 1843 1427 1885 Clyt.
1455 1840 1609 1885 Oportet
1625 1841 1723 1874 illum
1742 1842 1831 1874 dura
1857 1839 2052 1874 certamina
2077 1842 2224 1882 propter
2251 1841 2282 1867 te

1699 1892 1831 1926 subire.

1261 1951 1264 1995 f
1339 1944 1413 1986 lph.
1439 1942 1574 1977 Invitus
1592 1956 1647 1976 me
1664 1955 1730 1988 pro
1747 1943 1897 1977 Graecia
1914 1943 2081 1987 perdidit.

1701 2058 1786 2079 nere
1802 2045 1914 2080 Atrei.

1339 2098 1412 2139 [ple.
1442 2097 1531 2142 Quis
1547 2098 1665 2137 vadit,
1693 2099 1863 2130 ducturus
1880 2109 1955 2136 me,
1984 2103 2175 2142 antequam
2194 2097 2283 2130 lace-
2338 2128 2339 2134 ,

1702 2155 1826 2181 rentur
1849 2147 1995 2181 comae?

1292 2198 1388 2232 1460
1418 2200 1503 2242 Clyt.
1530 2199 1607 2243 Ego
1626 2206 1741 2233 tecum
1760 2200 1830 2232 ibo.

1340 2251 1413 2292 Iph.
1441 2250 1677 2296 Nequaquam
1691 2277 1700 2291 ,
1727 2263 1801 2284 non
1820 2256 1911 2283 recte
1932 2250 2030 2284 dicis.

1341 2302 1426 2344 Clyt.
1453 2300 1661 2335 Adhaerens
1688 2309 1768 2335 tuae
1794 2302 1894 2336 vesti.

1697 2352 1805 2394 mihi,
1833 2360 1957 2386 mater.

1341 2403 1466 2443 Mane,
1494 2401 1560 2436 hoc
1578 2404 1703 2438 melius
1722 2412 1754 2438 et.
1773 2403 1860 2438 mihi
1878 2412 1911 2438 et
1928 2404 2003 2438 tibi.

1338 2454 1476 2500 Aliquis
1491 2452 1618 2488 horum
1636 2457 1852 2490 famulorum
1871 2457 1981 2501 patris
1997 2457 2186 2491 comitetur
2205 2470 2260 2491 me

1337 2506 1376 2538 ln
1391 2512 1534 2550 pratum
1550 2506 1687 2540 Dianae
1698 2535 1707 2547 ,
1735 2508 1794 2541 ubi
1811 2509 2006 2541 mactabor.

1260 2586 1261 2597 ,
1291 2555 1387 2591 1465
1416 2558 1501 2600 Clyt.
1529 2557 1561 2590 O
1578 2558 1646 2590 filia
1663 2586 1671 2597 ,
1699 2559 1809 2593 vadis.
1865 2560 1934 2602 ῙρΙι.
1966 2559 2009 2592 Et
2026 2571 2097 2591 non
2115 2561 2234 2593 redeo.

1320 2726 1367 2756 so)
1389 2723 1461 2756 lm]
1483 2725 1507 2747 tn
1527 2725 1571 2747 aa.
1593 2725 1665 2748 iss-2.
1687 2726 1781 2749 omiss.

1342 1996 1428 2039 Clyt.
1455 1995 1524 2028 Sed
1540 1996 1645 2034 dolo,
1679 2008 1753 2028 non
1776 2007 1965 2039 generose,
2000 2000 2033 2027 et
2058 1995 2202 2039 indigne
2226 2007 2283 2039 ge-
2335 1995 2336 2000 ¹

1956 2303 2027 2345 Iph.
2061 2303 2276 2349 Obtempera
2332 2277 2333 2281 ¹

2340 1295 2343 1336 d
