<?xml version="1.0" encoding="UTF-8"?>
<!DOCTYPE html PUBLIC "-//W3C//DTD XHTML 1.0 Transitional//EN"
    "http://www.w3.org/TR/xhtml1/DTD/xhtml1-transitional.dtd">
<html xmlns="http://www.w3.org/1999/xhtml" xml:lang="en" lang="en">
 <head>
  <title>
</title>
<meta http-equiv="Content-Type" content="text/html;charset=utf-8" />
  <meta name='ocr-system' content='tesseract 3.04.00' />
  <meta name='ocr-capabilities' content='ocr_page ocr_carea ocr_par ocr_line ocrx_word'/>
</head>
<body>
  <div class='ocr_page' id='page_1' title='image "./operaquaesupersu18melauoft/operaquaesupersu18melauoft_0259.png"; bbox 0 0 2373 2980; ppageno 0'>
   <div class='ocr_carea' id='block_1_1' title="bbox 119 102 195 139">
    <p class='ocr_par' dir='ltr' id='par_1_1' title="bbox 119 102 195 139">
     <span class='ocr_line' id='line_1_1' title="bbox 119 102 195 139; baseline -0.013 0"><span class='ocrx_word' id='word_1_1' title='bbox 119 102 195 139; x_wconf 77' lang='lat'>493</span> 
     </span>
    </p>
   </div>
   <div class='ocr_carea' id='block_1_2' title="bbox 585 98 1706 138">
    <p class='ocr_par' dir='ltr' id='par_1_2' title="bbox 585 98 1706 138">
     <span class='ocr_line' id='line_1_2' title="bbox 585 98 1706 138; baseline 0.004 -6"><span class='ocrx_word' id='word_1_2' title='bbox 585 98 675 134; x_wconf 88' lang='lat' dir='ltr'><strong>LIX.</strong></span> <span class='ocrx_word' id='word_1_3' title='bbox 735 98 1136 135; x_wconf 82' lang='lat' dir='ltr'><strong>INTERPRETATIO</strong></span> <span class='ocrx_word' id='word_1_4' title='bbox 1163 101 1427 137; x_wconf 87' lang='lat' dir='ltr'><strong>HIPPOLYTI</strong></span> <span class='ocrx_word' id='word_1_5' title='bbox 1456 102 1706 138; x_wconf 82' lang='lat' dir='ltr'>EURIPIDIS.</span> 
     </span>
    </p>
   </div>
   <div class='ocr_carea' id='block_1_3' title="bbox 2096 106 2171 142">
    <p class='ocr_par' dir='ltr' id='par_1_3' title="bbox 2096 106 2171 142">
     <span class='ocr_line' id='line_1_3' title="bbox 2096 106 2171 142; baseline 0.013 -1"><span class='ocrx_word' id='word_1_6' title='bbox 2096 106 2171 142; x_wconf 83' lang='lat'>494</span> 
     </span>
    </p>
   </div>
   <div class='ocr_carea' id='block_1_4' title="bbox 836 185 1465 223">
    <p class='ocr_par' dir='ltr' id='par_1_4' title="bbox 836 185 1465 223">
     <span class='ocr_line' id='line_1_4' title="bbox 836 185 1465 223; baseline 0.008 -5"><span class='ocrx_word' id='word_1_7' title='bbox 836 185 1074 220; x_wconf 80' lang='lat' dir='ltr'>Personae</span> <span class='ocrx_word' id='word_1_8' title='bbox 1102 185 1242 222; x_wconf 87' lang='lat' dir='ltr'>huius</span> <span class='ocrx_word' id='word_1_9' title='bbox 1271 189 1465 223; x_wconf 88' lang='lat' dir='ltr'>fabulae.</span> 
     </span>
    </p>
   </div>
   <div class='ocr_carea' id='block_1_5' title="bbox 539 244 660 278">
    <p class='ocr_par' dir='ltr' id='par_1_5' title="bbox 539 244 660 278">
     <span class='ocr_line' id='line_1_5' title="bbox 539 244 660 278; baseline 0.025 -3"><span class='ocrx_word' id='word_1_10' title='bbox 539 244 660 278; x_wconf 89' lang='lat' dir='ltr'>Venus</span> 
     </span>
    </p>
   </div>
   <div class='ocr_carea' id='block_1_6' title="bbox 541 296 758 342">
    <p class='ocr_par' dir='ltr' id='par_1_6' title="bbox 541 296 758 342">
     <span class='ocr_line' id='line_1_6' title="bbox 541 296 758 342; baseline 0.005 -13"><span class='ocrx_word' id='word_1_11' title='bbox 541 296 758 342; x_wconf 84' lang='lat' dir='ltr'>Hippolytus</span> 
     </span>
    </p>
   </div>
   <div class='ocr_carea' id='block_1_7' title="bbox 538 346 1195 383">
    <p class='ocr_par' dir='ltr' id='par_1_7' title="bbox 538 346 1195 383">
     <span class='ocr_line' id='line_1_7' title="bbox 538 346 1195 383; baseline 0.003 -2"><span class='ocrx_word' id='word_1_12' title='bbox 538 346 678 381; x_wconf 86' lang='lat' dir='ltr'>Chorus</span> <span class='ocrx_word' id='word_1_13' title='bbox 696 360 737 381; x_wconf 85' lang='lat' dir='ltr'>ex</span> <span class='ocrx_word' id='word_1_14' title='bbox 756 347 968 382; x_wconf 84' lang='lat' dir='ltr'>mulieribus</span> <span class='ocrx_word' id='word_1_15' title='bbox 984 349 1195 383; x_wconf 88' lang='lat' dir='ltr'>Troezeniis</span> 
     </span>
    </p>
   </div>
   <div class='ocr_carea' id='block_1_8' title="bbox 538 399 887 485">
    <p class='ocr_par' dir='ltr' id='par_1_8' title="bbox 538 399 887 485">
     <span class='ocr_line' id='line_1_8' title="bbox 538 399 744 446; baseline -0.01 -13"><span class='ocrx_word' id='word_1_16' title='bbox 538 399 676 433; x_wconf 81' lang='lat' dir='ltr'>Ancilla</span> <span class='ocrx_word' id='word_1_17' title='bbox 687 399 744 446; x_wconf 73' lang='lat'>²²)</span> 
     </span>
     <span class='ocr_line' id='line_1_9' title="bbox 541 448 887 485; baseline -0.006 0"><span class='ocrx_word' id='word_1_18' title='bbox 541 449 671 485; x_wconf 87' lang='lat' dir='ltr'>Nutrix</span> <span class='ocrx_word' id='word_1_19' title='bbox 688 448 762 484; x_wconf 88' lang='lat' dir='ltr'>Pha</span> <span class='ocrx_word' id='word_1_20' title='bbox 769 451 851 484; x_wconf 89' lang='lat' dir='ltr'>edra</span> <span class='ocrx_word' id='word_1_21' title='bbox 857 463 887 484; x_wconf 88' lang='lat' dir='ltr'>e.</span> 
     </span>
    </p>
   </div>
   <div class='ocr_carea' id='block_1_9' title="bbox 1385 247 1657 486">
    <p class='ocr_par' dir='ltr' id='par_1_9' title="bbox 1385 247 1551 383">
     <span class='ocr_line' id='line_1_10' title="bbox 1386 247 1551 282; baseline 0 -1"><span class='ocrx_word' id='word_1_22' title='bbox 1386 247 1551 282; x_wconf 87' lang='lat' dir='ltr'>Phaedra</span> 
     </span>
     <span class='ocr_line' id='line_1_11' title="bbox 1387 298 1547 333; baseline 0.006 -1"><span class='ocrx_word' id='word_1_23' title='bbox 1387 298 1547 333; x_wconf 80' lang='lat' dir='ltr'><strong>Theseus</strong></span> 
     </span>
     <span class='ocr_line' id='line_1_12' title="bbox 1385 349 1542 383; baseline 0.006 -1"><span class='ocrx_word' id='word_1_24' title='bbox 1385 349 1542 383; x_wconf 81' lang='lat' dir='ltr'><strong>Nuntius</strong></span> 
     </span>
    </p>

    <p class='ocr_par' dir='ltr' id='par_1_10' title="bbox 1386 400 1657 486">
     <span class='ocr_line' id='line_1_13' title="bbox 1386 400 1657 434; baseline 0.004 -1"><span class='ocrx_word' id='word_1_25' title='bbox 1386 400 1486 433; x_wconf 83' lang='lat' dir='ltr'>Alter</span> <span class='ocrx_word' id='word_1_26' title='bbox 1510 401 1657 434; x_wconf 89' lang='lat' dir='ltr'>nuntius</span> 
     </span>
     <span class='ocr_line' id='line_1_14' title="bbox 1390 451 1520 486; baseline 0.015 -2"><span class='ocrx_word' id='word_1_27' title='bbox 1390 451 1520 486; x_wconf 90' lang='lat' dir='ltr'>Diana.</span> 
     </span>
    </p>
   </div>
   <div class='ocr_carea' id='block_1_10' title="bbox 826 527 1490 558">
    <p class='ocr_par' dir='ltr' id='par_1_11' title="bbox 826 527 1490 558">
     <span class='ocr_line' id='line_1_15' title="bbox 826 527 1490 558; baseline -0.002 -1"><span class='ocrx_word' id='word_1_28' title='bbox 826 527 1144 558; x_wconf 89' lang='lat' dir='ltr'>HIPPOLYTUS</span> <span class='ocrx_word' id='word_1_29' title='bbox 1175 527 1490 558; x_wconf 83' lang='lat' dir='ltr'>CORONATUS.</span> 
     </span>
    </p>
   </div>
   <div class='ocr_carea' id='block_1_11' title="bbox 424 588 829 635">
    <p class='ocr_par' dir='ltr' id='par_1_12' title="bbox 424 588 829 635">
     <span class='ocr_line' id='line_1_16' title="bbox 424 588 829 635; baseline 0.002 -13"><span class='ocrx_word' id='word_1_30' title='bbox 424 589 475 622; x_wconf 80' lang='lat' dir='ltr'>Ve</span> <span class='ocrx_word' id='word_1_31' title='bbox 485 600 507 622; x_wconf 82' lang='lat' dir='ltr'>n</span> <span class='ocrx_word' id='word_1_32' title='bbox 517 600 538 622; x_wconf 80' lang='lat' dir='ltr'><em>u</em></span> <span class='ocrx_word' id='word_1_33' title='bbox 549 601 566 622; x_wconf 77' lang='lat' dir='ltr'>s</span> <span class='ocrx_word' id='word_1_34' title='bbox 591 589 775 633; x_wconf 75' lang='lat' dir='ltr'>praefatur</span> <span class='ocrx_word' id='word_1_35' title='bbox 785 588 829 635; x_wconf 82' lang='lat'>³).</span> 
     </span>
    </p>
   </div>
   <div class='ocr_carea' id='block_1_12' title="bbox 119 654 1127 2130">
    <p class='ocr_par' dir='ltr' id='par_1_13' title="bbox 175 654 1038 701">
     <span class='ocr_line' id='line_1_17' title="bbox 175 654 1038 701; baseline 0.002 -13"><span class='ocrx_word' id='word_1_36' title='bbox 175 654 252 700; x_wconf 83' lang='lat' dir='ltr'>Ego</span> <span class='ocrx_word' id='word_1_37' title='bbox 271 655 417 689; x_wconf 87' lang='lat' dir='ltr'>celebris</span> <span class='ocrx_word' id='word_1_38' title='bbox 432 656 526 690; x_wconf 89' lang='lat' dir='ltr'>inter</span> <span class='ocrx_word' id='word_1_39' title='bbox 543 655 707 691; x_wconf 90' lang='lat' dir='ltr'>homines</span> <span class='ocrx_word' id='word_1_40' title='bbox 726 663 760 690; x_wconf 90' lang='lat' dir='ltr'>et</span> <span class='ocrx_word' id='word_1_41' title='bbox 778 669 852 690; x_wconf 89' lang='lat' dir='ltr'>non</span> <span class='ocrx_word' id='word_1_42' title='bbox 871 656 1038 701; x_wconf 84' lang='lat' dir='ltr'>ignobilis</span> 
     </span>
    </p>

    <p class='ocr_par' dir='ltr' id='par_1_14' title="bbox 174 706 789 748">
     <span class='ocr_line' id='line_1_18' title="bbox 174 706 789 748; baseline 0 -8"><span class='ocrx_word' id='word_1_43' title='bbox 174 706 249 740; x_wconf 87' lang='lat' dir='ltr'>Dea</span> <span class='ocrx_word' id='word_1_44' title='bbox 267 719 377 740; x_wconf 90' lang='lat' dir='ltr'>vocor</span> <span class='ocrx_word' id='word_1_45' title='bbox 395 707 536 748; x_wconf 88' lang='lat' dir='ltr'>Venus,</span> <span class='ocrx_word' id='word_1_46' title='bbox 563 715 598 742; x_wconf 91' lang='lat' dir='ltr'>et</span> <span class='ocrx_word' id='word_1_47' title='bbox 614 708 650 741; x_wconf 91' lang='lat' dir='ltr'>in</span> <span class='ocrx_word' id='word_1_48' title='bbox 670 708 789 748; x_wconf 89' lang='lat' dir='ltr'>coelo,</span> 
     </span>
    </p>

    <p class='ocr_par' dir='ltr' id='par_1_15' title="bbox 176 758 1126 844">
     <span class='ocr_line' id='line_1_19' title="bbox 176 758 1126 805; baseline -0.001 -13"><span class='ocrx_word' id='word_1_49' title='bbox 176 758 222 793; x_wconf 89' lang='lat' dir='ltr'>Et</span> <span class='ocrx_word' id='word_1_50' title='bbox 238 760 334 804; x_wconf 90' lang='lat' dir='ltr'>apud</span> <span class='ocrx_word' id='word_1_51' title='bbox 353 771 431 800; x_wconf 91' lang='lat' dir='ltr'>eos,</span> <span class='ocrx_word' id='word_1_52' title='bbox 466 760 670 805; x_wconf 82' lang='lat' dir='ltr'>quicunque</span> <span class='ocrx_word' id='word_1_53' title='bbox 695 759 789 792; x_wconf 87' lang='lat' dir='ltr'>intra</span> <span class='ocrx_word' id='word_1_54' title='bbox 814 771 932 800; x_wconf 88' lang='lat' dir='ltr'>mare,</span> <span class='ocrx_word' id='word_1_55' title='bbox 967 760 1126 804; x_wconf 86' lang='lat' dir='ltr'>finesque</span> 
     </span>
     <span class='ocr_line' id='line_1_20' title="bbox 540 810 740 844; baseline 0 0"><span class='ocrx_word' id='word_1_56' title='bbox 540 810 740 844; x_wconf 88' lang='lat' dir='ltr'>Atlanticos</span> 
     </span>
    </p>

    <p class='ocr_par' dir='ltr' id='par_1_16' title="bbox 174 861 812 902">
     <span class='ocr_line' id='line_1_21' title="bbox 174 861 812 902; baseline 0.003 -8"><span class='ocrx_word' id='word_1_57' title='bbox 174 861 349 894; x_wconf 76' lang='lat' dir='ltr'>Habitant</span> <span class='ocrx_word' id='word_1_58' title='bbox 361 889 369 902; x_wconf 94' lang='lat'>‚</span> <span class='ocrx_word' id='word_1_59' title='bbox 398 861 558 896; x_wconf 74' lang='lat' dir='ltr'>videntes</span> <span class='ocrx_word' id='word_1_60' title='bbox 576 863 699 896; x_wconf 89' lang='lat' dir='ltr'>lumen</span> <span class='ocrx_word' id='word_1_61' title='bbox 717 863 812 896; x_wconf 88' lang='lat' dir='ltr'>solis.</span> 
     </span>
    </p>

    <p class='ocr_par' dir='ltr' id='par_1_17' title="bbox 125 911 1126 959">
     <span class='ocr_line' id='line_1_22' title="bbox 125 911 1126 959; baseline -0.002 -13"><span class='ocrx_word' id='word_1_62' title='bbox 125 911 148 947; x_wconf 89' lang='lat'><em>5</em></span> <span class='ocrx_word' id='word_1_63' title='bbox 177 913 356 954; x_wconf 82' lang='lat' dir='ltr'>„Honore</span> <span class='ocrx_word' id='word_1_64' title='bbox 387 913 503 947; x_wconf 85' lang='lat' dir='ltr'>afficio</span> <span class='ocrx_word' id='word_1_65' title='bbox 536 926 616 954; x_wconf 88' lang='lat' dir='ltr'>eos,</span> <span class='ocrx_word' id='word_1_66' title='bbox 661 913 723 959; x_wconf 89' lang='lat' dir='ltr'>qui</span> <span class='ocrx_word' id='word_1_67' title='bbox 758 914 881 947; x_wconf 85' lang='lat' dir='ltr'>colunt</span> <span class='ocrx_word' id='word_1_68' title='bbox 910 924 1026 945; x_wconf 90' lang='lat' dir='ltr'>meam</span> <span class='ocrx_word' id='word_1_69' title='bbox 1063 924 1126 956; x_wconf 90' lang='lat' dir='ltr'>po-</span> 
     </span>
    </p>

    <p class='ocr_par' dir='ltr' id='par_1_18' title="bbox 547 965 719 1005">
     <span class='ocr_line' id='line_1_23' title="bbox 547 965 719 1005; baseline -0.006 -7"><span class='ocrx_word' id='word_1_70' title='bbox 547 965 697 999; x_wconf 90' lang='lat' dir='ltr'>tentiam</span> <span class='ocrx_word' id='word_1_71' title='bbox 709 992 719 1005; x_wconf 91' lang='lat'>,</span> 
     </span>
    </p>

    <p class='ocr_par' dir='ltr' id='par_1_19' title="bbox 176 1015 1127 1113">
     <span class='ocr_line' id='line_1_24' title="bbox 176 1015 1127 1062; baseline -0.002 -13"><span class='ocrx_word' id='word_1_72' title='bbox 176 1015 338 1057; x_wconf 86' lang='lat' dir='ltr'>„Everto</span> <span class='ocrx_word' id='word_1_73' title='bbox 363 1022 502 1058; x_wconf 88' lang='lat' dir='ltr'>autem,</span> <span class='ocrx_word' id='word_1_74' title='bbox 538 1017 743 1062; x_wconf 84' lang='lat' dir='ltr'>quicunque</span> <span class='ocrx_word' id='word_1_75' title='bbox 765 1015 977 1060; x_wconf 85' lang='lat' dir='ltr'>superbiunt</span> <span class='ocrx_word' id='word_1_76' title='bbox 1001 1016 1127 1048; x_wconf 74' lang='lat' dir='ltr'>adver-</span> 
     </span>
     <span class='ocr_line' id='line_1_25' title="bbox 532 1068 727 1113; baseline 0 -11"><span class='ocrx_word' id='word_1_77' title='bbox 532 1081 590 1102; x_wconf 87' lang='lat' dir='ltr'>sus</span> <span class='ocrx_word' id='word_1_78' title='bbox 607 1080 673 1102; x_wconf 88' lang='lat' dir='ltr'>nos</span> <span class='ocrx_word' id='word_1_79' title='bbox 683 1068 727 1113; x_wconf 82' lang='lat'>⁴).</span> 
     </span>
    </p>

    <p class='ocr_par' dir='ltr' id='par_1_20' title="bbox 174 1116 912 1159">
     <span class='ocr_line' id='line_1_26' title="bbox 174 1116 912 1159; baseline 0 -8"><span class='ocrx_word' id='word_1_80' title='bbox 174 1117 298 1159; x_wconf 88' lang='lat' dir='ltr'>„Inest</span> <span class='ocrx_word' id='word_1_81' title='bbox 312 1116 381 1152; x_wconf 92' lang='lat' dir='ltr'>hoc</span> <span class='ocrx_word' id='word_1_82' title='bbox 400 1119 508 1152; x_wconf 89' lang='lat' dir='ltr'>etiam</span> <span class='ocrx_word' id='word_1_83' title='bbox 527 1119 563 1152; x_wconf 88' lang='lat' dir='ltr'>in</span> <span class='ocrx_word' id='word_1_84' title='bbox 581 1119 743 1153; x_wconf 69' lang='lat' dir='ltr'>De&#39;orum</span> <span class='ocrx_word' id='word_1_85' title='bbox 763 1125 890 1152; x_wconf 87' lang='lat' dir='ltr'>natura</span> <span class='ocrx_word' id='word_1_86' title='bbox 902 1145 912 1159; x_wconf 96' lang='lat'>,</span> 
     </span>
    </p>

    <p class='ocr_par' dir='ltr' id='par_1_21' title="bbox 174 1168 1127 1259">
     <span class='ocr_line' id='line_1_27' title="bbox 174 1168 1127 1214; baseline 0 -11"><span class='ocrx_word' id='word_1_87' title='bbox 174 1170 255 1211; x_wconf 91' lang='lat' dir='ltr'>„Ut</span> <span class='ocrx_word' id='word_1_88' title='bbox 275 1171 474 1214; x_wconf 78' lang='lat' dir='ltr'>gaudeant,</span> <span class='ocrx_word' id='word_1_89' title='bbox 501 1184 582 1204; x_wconf 89' lang='lat' dir='ltr'>cum</span> <span class='ocrx_word' id='word_1_90' title='bbox 609 1169 747 1204; x_wconf 90' lang='lat' dir='ltr'>honore</span> <span class='ocrx_word' id='word_1_91' title='bbox 772 1170 976 1203; x_wconf 81' lang='lat' dir='ltr'>afficiuntur</span> <span class='ocrx_word' id='word_1_92' title='bbox 1000 1170 1043 1203; x_wconf 86' lang='lat' dir='ltr'>ab</span> <span class='ocrx_word' id='word_1_93' title='bbox 1062 1168 1127 1203; x_wconf 92' lang='lat' dir='ltr'>ho-</span> 
     </span>
     <span class='ocr_line' id='line_1_28' title="bbox 544 1222 719 1259; baseline 0.006 -5"><span class='ocrx_word' id='word_1_94' title='bbox 544 1222 719 1259; x_wconf 81' lang='lat' dir='ltr'>minibus3</span> 
     </span>
    </p>

    <p class='ocr_par' dir='ltr' id='par_1_22' title="bbox 175 1270 886 1305">
     <span class='ocr_line' id='line_1_29' title="bbox 175 1270 886 1305; baseline 0.001 -1"><span class='ocrx_word' id='word_1_95' title='bbox 175 1271 373 1305; x_wconf 79' lang='lat' dir='ltr'>Ostendam</span> <span class='ocrx_word' id='word_1_96' title='bbox 391 1284 475 1305; x_wconf 80' lang='lat' dir='ltr'>mox</span> <span class='ocrx_word' id='word_1_97' title='bbox 492 1273 678 1305; x_wconf 87' lang='lat' dir='ltr'>veritatem</span> <span class='ocrx_word' id='word_1_98' title='bbox 698 1270 803 1305; x_wconf 90' lang='lat' dir='ltr'>huius</span> <span class='ocrx_word' id='word_1_99' title='bbox 823 1271 886 1305; x_wconf 89' lang='lat' dir='ltr'>rei.</span> 
     </span>
    </p>

    <p class='ocr_par' dir='ltr' id='par_1_23' title="bbox 125 1321 990 1364">
     <span class='ocr_line' id='line_1_30' title="bbox 125 1321 990 1364; baseline 0 -8"><span class='ocrx_word' id='word_1_100' title='bbox 125 1327 173 1360; x_wconf 85' lang='lat'>10</span> <span class='ocrx_word' id='word_1_101' title='bbox 200 1323 291 1356; x_wconf 87' lang='lat' dir='ltr'>Nam</span> <span class='ocrx_word' id='word_1_102' title='bbox 311 1321 441 1356; x_wconf 85' lang='lat' dir='ltr'>Thesei</span> <span class='ocrx_word' id='word_1_103' title='bbox 460 1323 571 1363; x_wconf 89' lang='lat' dir='ltr'>filius,</span> <span class='ocrx_word' id='word_1_104' title='bbox 599 1336 639 1356; x_wconf 87' lang='lat' dir='ltr'>ex</span> <span class='ocrx_word' id='word_1_105' title='bbox 656 1330 771 1356; x_wconf 87' lang='lat' dir='ltr'>matre</span> <span class='ocrx_word' id='word_1_106' title='bbox 786 1324 990 1364; x_wconf 84' lang='lat' dir='ltr'>Amazone,</span> 
     </span>
    </p>

    <p class='ocr_par' dir='ltr' id='par_1_24' title="bbox 170 1372 1001 1521">
     <span class='ocr_line' id='line_1_31' title="bbox 175 1372 906 1419; baseline -0.001 -12"><span class='ocrx_word' id='word_1_107' title='bbox 175 1374 410 1418; x_wconf 86' lang='lat' dir='ltr'>Hippolytus,</span> <span class='ocrx_word' id='word_1_108' title='bbox 437 1375 631 1419; x_wconf 87' lang='lat' dir='ltr'>discipulus</span> <span class='ocrx_word' id='word_1_109' title='bbox 648 1375 734 1408; x_wconf 91' lang='lat' dir='ltr'>casti</span> <span class='ocrx_word' id='word_1_110' title='bbox 753 1372 906 1415; x_wconf 84' lang='lat' dir='ltr'>Pitthei‚</span> 
     </span>
     <span class='ocr_line' id='line_1_32' title="bbox 173 1423 1001 1466; baseline 0.001 -9"><span class='ocrx_word' id='word_1_111' title='bbox 173 1425 276 1458; x_wconf 91' lang='lat' dir='ltr'>Solus</span> <span class='ocrx_word' id='word_1_112' title='bbox 295 1437 336 1458; x_wconf 81' lang='lat' dir='ltr'>ex</span> <span class='ocrx_word' id='word_1_113' title='bbox 353 1425 488 1459; x_wconf 82' lang='lat' dir='ltr'>civibus</span> <span class='ocrx_word' id='word_1_114' title='bbox 504 1423 610 1459; x_wconf 86' lang='lat' dir='ltr'>huius</span> <span class='ocrx_word' id='word_1_115' title='bbox 628 1432 744 1459; x_wconf 84' lang='lat' dir='ltr'>terrae</span> <span class='ocrx_word' id='word_1_116' title='bbox 761 1425 1001 1466; x_wconf 86' lang='lat' dir='ltr'>Troezeniae,</span> 
     </span>
     <span class='ocr_line' id='line_1_33' title="bbox 170 1475 837 1521; baseline 0 -12"><span class='ocrx_word' id='word_1_117' title='bbox 170 1475 268 1509; x_wconf 89' lang='lat' dir='ltr'>Dicit</span> <span class='ocrx_word' id='word_1_118' title='bbox 282 1488 338 1509; x_wconf 86' lang='lat' dir='ltr'>me</span> <span class='ocrx_word' id='word_1_119' title='bbox 356 1477 545 1521; x_wconf 86' lang='lat' dir='ltr'>pessimam</span> <span class='ocrx_word' id='word_1_120' title='bbox 565 1490 638 1511; x_wconf 92' lang='lat' dir='ltr'>esse</span> <span class='ocrx_word' id='word_1_121' title='bbox 654 1476 814 1510; x_wconf 91' lang='lat' dir='ltr'>Dearum</span> <span class='ocrx_word' id='word_1_122' title='bbox 827 1503 837 1517; x_wconf 93' lang='lat'>,</span> 
     </span>
    </p>

    <p class='ocr_par' dir='ltr' id='par_1_25' title="bbox 170 1527 1006 1575">
     <span class='ocr_line' id='line_1_34' title="bbox 170 1527 1006 1575; baseline -0.002 -14"><span class='ocrx_word' id='word_1_123' title='bbox 170 1527 217 1561; x_wconf 88' lang='lat' dir='ltr'>Et</span> <span class='ocrx_word' id='word_1_124' title='bbox 233 1534 373 1561; x_wconf 80' lang='lat' dir='ltr'>recusat</span> <span class='ocrx_word' id='word_1_125' title='bbox 390 1529 517 1569; x_wconf 88' lang='lat' dir='ltr'>lectos,</span> <span class='ocrx_word' id='word_1_126' title='bbox 544 1541 661 1575; x_wconf 86' lang='lat' dir='ltr'>neque</span> <span class='ocrx_word' id='word_1_127' title='bbox 681 1528 825 1573; x_wconf 84' lang='lat' dir='ltr'>attingit</span> <span class='ocrx_word' id='word_1_128' title='bbox 842 1527 1006 1571; x_wconf 83' lang='lat' dir='ltr'>nuptias;</span> 
     </span>
    </p>

    <p class='ocr_par' dir='ltr' id='par_1_26' title="bbox 123 1577 1124 1672">
     <span class='ocr_line' id='line_1_35' title="bbox 123 1577 1092 1622; baseline -0.003 -7"><span class='ocrx_word' id='word_1_129' title='bbox 123 1579 171 1615; x_wconf 88' lang='lat'>15</span> <span class='ocrx_word' id='word_1_130' title='bbox 198 1579 268 1613; x_wconf 90' lang='lat' dir='ltr'>Sed</span> <span class='ocrx_word' id='word_1_131' title='bbox 285 1591 445 1613; x_wconf 91' lang='lat' dir='ltr'>sororem</span> <span class='ocrx_word' id='word_1_132' title='bbox 463 1578 622 1622; x_wconf 83' lang='lat' dir='ltr'>Phoebi,</span> <span class='ocrx_word' id='word_1_133' title='bbox 650 1580 806 1614; x_wconf 80' lang='lat' dir='ltr'>Dianam</span> <span class='ocrx_word' id='word_1_134' title='bbox 819 1606 828 1619; x_wconf 93' lang='lat'>,</span> <span class='ocrx_word' id='word_1_135' title='bbox 855 1579 966 1612; x_wconf 88' lang='lat' dir='ltr'>filiam</span> <span class='ocrx_word' id='word_1_136' title='bbox 985 1577 1092 1619; x_wconf 88' lang='lat' dir='ltr'>Iovis,</span> 
     </span>
     <span class='ocr_line' id='line_1_36' title="bbox 172 1631 1124 1672; baseline 0 -8"><span class='ocrx_word' id='word_1_137' title='bbox 172 1631 357 1672; x_wconf 89' lang='lat' dir='ltr'>Honorat,</span> <span class='ocrx_word' id='word_1_138' title='bbox 391 1632 598 1666; x_wconf 81' lang='lat' dir='ltr'>existimans</span> <span class='ocrx_word' id='word_1_139' title='bbox 620 1644 698 1666; x_wconf 89' lang='lat' dir='ltr'>eam</span> <span class='ocrx_word' id='word_1_140' title='bbox 724 1631 918 1665; x_wconf 78' lang='lat' dir='ltr'>maximam</span> <span class='ocrx_word' id='word_1_141' title='bbox 940 1643 1013 1665; x_wconf 91' lang='lat' dir='ltr'>esse</span> <span class='ocrx_word' id='word_1_142' title='bbox 1031 1631 1124 1664; x_wconf 89' lang='lat' dir='ltr'>Dea-</span> 
     </span>
    </p>

    <p class='ocr_par' dir='ltr' id='par_1_27' title="bbox 171 1696 1077 1881">
     <span class='ocr_line' id='line_1_37' title="bbox 536 1696 638 1724; baseline 0.01 -8"><span class='ocrx_word' id='word_1_143' title='bbox 536 1696 617 1717; x_wconf 91' lang='lat' dir='ltr'>rum</span> <span class='ocrx_word' id='word_1_144' title='bbox 629 1711 638 1724; x_wconf 95' lang='lat'>,</span> 
     </span>
     <span class='ocr_line' id='line_1_38' title="bbox 172 1732 1077 1779; baseline 0.002 -13"><span class='ocrx_word' id='word_1_145' title='bbox 172 1734 320 1778; x_wconf 87' lang='lat' dir='ltr'>Semper</span> <span class='ocrx_word' id='word_1_146' title='bbox 338 1732 504 1768; x_wconf 83' lang='lat' dir='ltr'>habitans</span> <span class='ocrx_word' id='word_1_147' title='bbox 527 1748 604 1769; x_wconf 90' lang='lat' dir='ltr'>cum</span> <span class='ocrx_word' id='word_1_148' title='bbox 625 1735 763 1779; x_wconf 83' lang='lat' dir='ltr'>virgine</span> <span class='ocrx_word' id='word_1_149' title='bbox 780 1734 817 1767; x_wconf 90' lang='lat' dir='ltr'>in</span> <span class='ocrx_word' id='word_1_150' title='bbox 834 1734 940 1767; x_wconf 89' lang='lat' dir='ltr'>viridi</span> <span class='ocrx_word' id='word_1_151' title='bbox 958 1735 1055 1778; x_wconf 76' lang='lat' dir='ltr'>sylva</span> <span class='ocrx_word' id='word_1_152' title='bbox 1068 1762 1077 1775; x_wconf 90' lang='lat'>,</span> 
     </span>
     <span class='ocr_line' id='line_1_39' title="bbox 171 1785 968 1830; baseline 0.001 -12"><span class='ocrx_word' id='word_1_153' title='bbox 171 1785 327 1830; x_wconf 86' lang='lat' dir='ltr'>Expellit</span> <span class='ocrx_word' id='word_1_154' title='bbox 345 1787 437 1819; x_wconf 86' lang='lat' dir='ltr'>feras</span> <span class='ocrx_word' id='word_1_155' title='bbox 455 1798 472 1819; x_wconf 93' lang='lat' dir='ltr'>e</span> <span class='ocrx_word' id='word_1_156' title='bbox 490 1793 585 1820; x_wconf 83' lang='lat' dir='ltr'>terra</span> <span class='ocrx_word' id='word_1_157' title='bbox 603 1787 784 1820; x_wconf 86' lang='lat' dir='ltr'>velocibus</span> <span class='ocrx_word' id='word_1_158' title='bbox 801 1786 968 1825; x_wconf 88' lang='lat' dir='ltr'>canibus,</span> 
     </span>
     <span class='ocr_line' id='line_1_40' title="bbox 171 1835 969 1881; baseline 0.001 -12"><span class='ocrx_word' id='word_1_159' title='bbox 171 1836 350 1881; x_wconf 88' lang='lat' dir='ltr'>Expetens</span> <span class='ocrx_word' id='word_1_160' title='bbox 365 1838 504 1870; x_wconf 83' lang='lat' dir='ltr'>maiora</span> <span class='ocrx_word' id='word_1_161' title='bbox 522 1835 682 1872; x_wconf 68' lang='lat' dir='ltr'>humana</span> <span class='ocrx_word' id='word_1_162' title='bbox 699 1837 969 1872; x_wconf 86' lang='lat' dir='ltr'>consuetudine.</span> 
     </span>
    </p>

    <p class='ocr_par' dir='ltr' id='par_1_28' title="bbox 119 1887 1124 2090">
     <span class='ocr_line' id='line_1_41' title="bbox 119 1887 1047 1936; baseline -0.003 -12"><span class='ocrx_word' id='word_1_163' title='bbox 119 1889 170 1924; x_wconf 78' lang='grc'>20</span> <span class='ocrx_word' id='word_1_164' title='bbox 198 1888 261 1923; x_wconf 86' lang='lat' dir='ltr'>His</span> <span class='ocrx_word' id='word_1_165' title='bbox 277 1901 342 1933; x_wconf 86' lang='lat' dir='ltr'>ego</span> <span class='ocrx_word' id='word_1_166' title='bbox 362 1901 437 1922; x_wconf 91' lang='lat' dir='ltr'>non</span> <span class='ocrx_word' id='word_1_167' title='bbox 453 1889 615 1928; x_wconf 84' lang='lat' dir='ltr'>invideo;</span> <span class='ocrx_word' id='word_1_168' title='bbox 643 1890 730 1936; x_wconf 92' lang='lat' dir='ltr'>quid</span> <span class='ocrx_word' id='word_1_169' title='bbox 750 1889 844 1922; x_wconf 89' lang='lat' dir='ltr'>enim</span> <span class='ocrx_word' id='word_1_170' title='bbox 864 1901 953 1933; x_wconf 91' lang='lat' dir='ltr'>opus</span> <span class='ocrx_word' id='word_1_171' title='bbox 971 1887 1047 1922; x_wconf 76' lang='lat' dir='ltr'>est?</span> 
     </span>
     <span class='ocr_line' id='line_1_42' title="bbox 171 1939 1124 1988; baseline -0.001 -15"><span class='ocrx_word' id='word_1_172' title='bbox 171 1939 241 1973; x_wconf 90' lang='lat' dir='ltr'>Sed</span> <span class='ocrx_word' id='word_1_173' title='bbox 258 1946 378 1973; x_wconf 81' lang='lat' dir='ltr'>tamen</span> <span class='ocrx_word' id='word_1_174' title='bbox 393 1940 642 1988; x_wconf 59' lang='lat' dir='ltr'>ulciscar⁵)‘oh</span> <span class='ocrx_word' id='word_1_175' title='bbox 660 1954 713 1982; x_wconf 82' lang='lat' dir='ltr'>ea,</span> <span class='ocrx_word' id='word_1_176' title='bbox 731 1953 821 1987; x_wconf 90' lang='lat' dir='ltr'>quae</span> <span class='ocrx_word' id='word_1_177' title='bbox 837 1941 873 1973; x_wconf 90' lang='lat' dir='ltr'>in</span> <span class='ocrx_word' id='word_1_178' title='bbox 887 1953 943 1973; x_wconf 88' lang='lat' dir='ltr'>me</span> <span class='ocrx_word' id='word_1_179' title='bbox 961 1939 1124 1985; x_wconf 89' lang='lat' dir='ltr'>deliquit,</span> 
     </span>
     <span class='ocr_line' id='line_1_43' title="bbox 171 1990 997 2037; baseline 0.001 -14"><span class='ocrx_word' id='word_1_180' title='bbox 171 1991 408 2037; x_wconf 84' lang='lat' dir='ltr'>Hippolytum</span> <span class='ocrx_word' id='word_1_181' title='bbox 425 1990 493 2025; x_wconf 90' lang='lat' dir='ltr'>hoc</span> <span class='ocrx_word' id='word_1_182' title='bbox 510 1992 578 2027; x_wconf 92' lang='lat' dir='ltr'>die.</span> <span class='ocrx_word' id='word_1_183' title='bbox 630 1992 765 2027; x_wconf 90' lang='lat' dir='ltr'>Verum</span> <span class='ocrx_word' id='word_1_184' title='bbox 785 2005 865 2026; x_wconf 88' lang='lat' dir='ltr'>cum</span> <span class='ocrx_word' id='word_1_185' title='bbox 884 1992 997 2025; x_wconf 89' lang='lat' dir='ltr'>multa</span> 
     </span>
     <span class='ocr_line' id='line_1_44' title="bbox 170 2042 1122 2090; baseline -0.002 -13"><span class='ocrx_word' id='word_1_186' title='bbox 170 2044 286 2077; x_wconf 79' lang='lat' dir='ltr'>Antea</span> <span class='ocrx_word' id='word_1_187' title='bbox 321 2044 592 2088; x_wconf 84' lang='lat' dir='ltr'>praepararim,</span> <span class='ocrx_word' id='word_1_188' title='bbox 632 2057 706 2078; x_wconf 91' lang='lat' dir='ltr'>non</span> <span class='ocrx_word' id='word_1_189' title='bbox 733 2057 823 2090; x_wconf 92' lang='lat' dir='ltr'>opus</span> <span class='ocrx_word' id='word_1_190' title='bbox 848 2042 964 2077; x_wconf 87' lang='lat' dir='ltr'>habeo</span> <span class='ocrx_word' id='word_1_191' title='bbox 990 2054 1122 2087; x_wconf 86' lang='lat' dir='ltr'>magno</span> 
     </span>
    </p>

    <p class='ocr_par' dir='ltr' id='par_1_29' title="bbox 535 2096 670 2130">
     <span class='ocr_line' id='line_1_45' title="bbox 535 2096 670 2130; baseline 0.015 -2"><span class='ocrx_word' id='word_1_192' title='bbox 535 2096 670 2130; x_wconf 87' lang='lat' dir='ltr'>labore.</span> 
     </span>
    </p>
   </div>
   <div class='ocr_carea' id='block_1_13' title="bbox 154 2211 1123 2383">
    <p class='ocr_par' dir='ltr' id='par_1_30' title="bbox 154 2211 1123 2383">
     <span class='ocr_line' id='line_1_46' title="bbox 154 2211 1123 2243; baseline 0 -7"><span class='ocrx_word' id='word_1_193' title='bbox 154 2211 208 2238; x_wconf 68' lang='lat'>2³)</span> <span class='ocrx_word' id='word_1_194' title='bbox 226 2212 353 2242; x_wconf 78' lang='lat' dir='ltr'>Ancilla]</span> <span class='ocrx_word' id='word_1_195' title='bbox 374 2213 414 2236; x_wconf 85' lang='lat' dir='ltr'>sic</span> <span class='ocrx_word' id='word_1_196' title='bbox 433 2213 516 2239; x_wconf 75' lang='lat' dir='ltr'>Editt.</span> <span class='ocrx_word' id='word_1_197' title='bbox 539 2215 625 2242; x_wconf 57' lang='lat'>1558„</span> <span class='ocrx_word' id='word_1_198' title='bbox 647 2214 721 2237; x_wconf 73' lang='lat'>1562.</span> <span class='ocrx_word' id='word_1_199' title='bbox 742 2213 835 2243; x_wconf 77' lang='lat' dir='ltr'>(quasi</span> <span class='ocrx_word' id='word_1_200' title='bbox 856 2213 883 2236; x_wconf 85' lang='lat' dir='ltr'>ln</span> <span class='ocrx_word' id='word_1_201' title='bbox 903 2219 1005 2243; x_wconf 80' lang='lat' dir='ltr'>graeco</span> <span class='ocrx_word' id='word_1_202' title='bbox 1026 2219 1123 2243; x_wconf 83' lang='lat' dir='ltr'>perso-</span> 
     </span>
     <span class='ocr_line' id='line_1_47' title="bbox 191 2246 1122 2279; baseline 0.001 -10"><span class='ocrx_word' id='word_1_203' title='bbox 191 2251 287 2270; x_wconf 85' lang='lat' dir='ltr'>narum</span> <span class='ocrx_word' id='word_1_204' title='bbox 305 2248 434 2278; x_wconf 78' lang='lat' dir='ltr'>catalogo</span> <span class='ocrx_word' id='word_1_205' title='bbox 455 2248 594 2278; x_wconf 80' lang='lat' dir='ltr'>interpres</span> <span class='ocrx_word' id='word_1_206' title='bbox 613 2249 745 2278; x_wconf 67' lang='lat' dir='ltr'>legisset:</span> <span class='ocrx_word' id='word_1_207' title='bbox 767 2246 963 2279; x_wconf 71' lang='grc' dir='ltr'>Θεράπαινα);</span> <span class='ocrx_word' id='word_1_208' title='bbox 989 2249 1071 2271; x_wconf 79' lang='lat' dir='ltr'>Bai-n.</span> <span class='ocrx_word' id='word_1_209' title='bbox 1096 2248 1122 2270; x_wconf 87' lang='lat' dir='ltr'>in</span> 
     </span>
     <span class='ocr_line' id='line_1_48' title="bbox 193 2280 1121 2314; baseline 0.002 -11"><span class='ocrx_word' id='word_1_210' title='bbox 193 2286 295 2310; x_wconf 83' lang='lat' dir='ltr'>graeco</span> <span class='ocrx_word' id='word_1_211' title='bbox 315 2283 396 2306; x_wconf 86' lang='lat' dir='ltr'>catal.</span> <span class='ocrx_word' id='word_1_212' title='bbox 416 2283 514 2307; x_wconf 83' lang='lat' dir='ltr'>habet:</span> <span class='ocrx_word' id='word_1_213' title='bbox 536 2280 690 2314; x_wconf 71' lang='grc' dir='ltr'>Θεράπων,</span> <span class='ocrx_word' id='word_1_214' title='bbox 709 2283 736 2306; x_wconf 85' lang='lat' dir='ltr'>in</span> <span class='ocrx_word' id='word_1_215' title='bbox 758 2283 821 2306; x_wconf 86' lang='lat' dir='ltr'>lat.:</span> <span class='ocrx_word' id='word_1_216' title='bbox 842 2283 991 2309; x_wconf 71' lang='lat' dir='ltr'>Famulus:</span> <span class='ocrx_word' id='word_1_217' title='bbox 1017 2284 1121 2312; x_wconf 73' lang='lat' dir='ltr'>Musgr.</span> 
     </span>
     <span class='ocr_line' id='line_1_49' title="bbox 193 2314 1121 2348; baseline 0.002 -10"><span class='ocrx_word' id='word_1_218' title='bbox 193 2315 294 2346; x_wconf 87' lang='lat' dir='ltr'>(aeque</span> <span class='ocrx_word' id='word_1_219' title='bbox 311 2322 345 2340; x_wconf 83' lang='lat' dir='ltr'>ac</span> <span class='ocrx_word' id='word_1_220' title='bbox 364 2317 413 2340; x_wconf 78' lang='lat' dir='ltr'>Ed.</span> <span class='ocrx_word' id='word_1_221' title='bbox 433 2318 517 2343; x_wconf 78' lang='lat' dir='ltr'>Basil.</span> <span class='ocrx_word' id='word_1_222' title='bbox 540 2319 628 2345; x_wconf 79' lang='lat'>1551.)</span> <span class='ocrx_word' id='word_1_223' title='bbox 649 2318 675 2340; x_wconf 86' lang='lat' dir='ltr'>in</span> <span class='ocrx_word' id='word_1_224' title='bbox 695 2323 752 2348; x_wconf 59' lang='lat' dir='ltr'>giu:</span> <span class='ocrx_word' id='word_1_225' title='bbox 787 2314 978 2348; x_wconf 72' lang='grc' dir='ltr'>Θεράπαιιίιι,</span> <span class='ocrx_word' id='word_1_226' title='bbox 1010 2317 1036 2340; x_wconf 87' lang='lat' dir='ltr'>in</span> <span class='ocrx_word' id='word_1_227' title='bbox 1056 2317 1121 2342; x_wconf 61' lang='lat' dir='ltr'>lan:</span> 
     </span>
     <span class='ocr_line' id='line_1_50' title="bbox 191 2349 1044 2383; baseline 0.002 -11"><span class='ocrx_word' id='word_1_228' title='bbox 191 2350 340 2380; x_wconf 50' lang='lat' dir='ltr'>ramulam</span> <span class='ocrx_word' id='word_1_229' title='bbox 367 2352 427 2377; x_wconf 78' lang='lat' dir='ltr'>le.</span> <span class='ocrx_word' id='word_1_230' title='bbox 448 2352 475 2375; x_wconf 87' lang='lat' dir='ltr'>in</span> <span class='ocrx_word' id='word_1_231' title='bbox 494 2359 553 2383; x_wconf 60' lang='lat' dir='ltr'>gin:</span> <span class='ocrx_word' id='word_1_232' title='bbox 581 2349 772 2383; x_wconf 65' lang='grc' dir='ltr'>Θεριέποιντες,</span> <span class='ocrx_word' id='word_1_233' title='bbox 793 2352 819 2375; x_wconf 92' lang='lat' dir='ltr'>in</span> <span class='ocrx_word' id='word_1_234' title='bbox 839 2352 903 2376; x_wconf 81' lang='lat' dir='ltr'>lat.:</span> <span class='ocrx_word' id='word_1_235' title='bbox 930 2351 1044 2375; x_wconf 79' lang='lat' dir='ltr'>Famuli.</span> 
     </span>
    </p>
   </div>
   <div class='ocr_carea' id='block_1_14' title="bbox 156 2399 1121 2569">
    <p class='ocr_par' dir='ltr' id='par_1_31' title="bbox 156 2399 1121 2569">
     <span class='ocr_line' id='line_1_51' title="bbox 156 2399 1120 2433; baseline 0.003 -9"><span class='ocrx_word' id='word_1_236' title='bbox 156 2399 185 2428; x_wconf 80' lang='grc'>3)</span> <span class='ocrx_word' id='word_1_237' title='bbox 207 2401 302 2426; x_wconf 83' lang='lat' dir='ltr'>Venus</span> <span class='ocrx_word' id='word_1_238' title='bbox 321 2404 477 2433; x_wconf 79' lang='lat' dir='ltr'>praefatur]</span> <span class='ocrx_word' id='word_1_239' title='bbox 505 2404 546 2428; x_wconf 82' lang='lat' dir='ltr'>sic</span> <span class='ocrx_word' id='word_1_240' title='bbox 566 2405 590 2428; x_wconf 88' lang='lat' dir='ltr'>h.</span> <span class='ocrx_word' id='word_1_241' title='bbox 608 2405 625 2429; x_wconf 90' lang='grc' dir='ltr'>Ι.</span> <span class='ocrx_word' id='word_1_242' title='bbox 646 2404 730 2428; x_wconf 85' lang='lat' dir='ltr'>Editt.</span> <span class='ocrx_word' id='word_1_243' title='bbox 750 2404 842 2431; x_wconf 68' lang='lat'>1558..</span> <span class='ocrx_word' id='word_1_244' title='bbox 863 2403 955 2430; x_wconf 64' lang='lat'>1562:</span> <span class='ocrx_word' id='word_1_245' title='bbox 988 2404 1014 2427; x_wconf 85' lang='lat' dir='ltr'>in</span> <span class='ocrx_word' id='word_1_246' title='bbox 1035 2404 1120 2427; x_wconf 80' lang='lat' dir='ltr'>Editt.</span> 
     </span>
     <span class='ocr_line' id='line_1_52' title="bbox 193 2435 1121 2469; baseline 0.004 -12"><span class='ocrx_word' id='word_1_247' title='bbox 193 2435 288 2466; x_wconf 80' lang='lat' dir='ltr'>Barn.‚</span> <span class='ocrx_word' id='word_1_248' title='bbox 308 2438 411 2468; x_wconf 74' lang='lat' dir='ltr'>Musgr.</span> <span class='ocrx_word' id='word_1_249' title='bbox 433 2438 534 2469; x_wconf 85' lang='lat' dir='ltr'>(aeque</span> <span class='ocrx_word' id='word_1_250' title='bbox 556 2444 589 2462; x_wconf 88' lang='lat' dir='ltr'>ac</span> <span class='ocrx_word' id='word_1_251' title='bbox 607 2439 634 2462; x_wconf 89' lang='lat' dir='ltr'>in</span> <span class='ocrx_word' id='word_1_252' title='bbox 658 2438 706 2462; x_wconf 80' lang='lat' dir='ltr'>Ed.</span> <span class='ocrx_word' id='word_1_253' title='bbox 729 2438 814 2462; x_wconf 84' lang='lat' dir='ltr'>Basil.</span> <span class='ocrx_word' id='word_1_254' title='bbox 836 2439 926 2466; x_wconf 78' lang='lat'>1551.)</span> <span class='ocrx_word' id='word_1_255' title='bbox 946 2439 996 2462; x_wconf 82' lang='lat' dir='ltr'>hoc</span> <span class='ocrx_word' id='word_1_256' title='bbox 1014 2439 1121 2468; x_wconf 83' lang='lat' dir='ltr'>quidem</span> 
     </span>
     <span class='ocr_line' id='line_1_53' title="bbox 191 2469 1121 2503; baseline 0.006 -12"><span class='ocrx_word' id='word_1_257' title='bbox 191 2469 252 2492; x_wconf 89' lang='lat' dir='ltr'>loco</span> <span class='ocrx_word' id='word_1_258' title='bbox 266 2471 354 2495; x_wconf 85' lang='lat' dir='ltr'>solum</span> <span class='ocrx_word' id='word_1_259' title='bbox 374 2479 510 2503; x_wconf 82' lang='lat' dir='ltr'>personae</span> <span class='ocrx_word' id='word_1_260' title='bbox 528 2476 626 2497; x_wconf 85' lang='lat' dir='ltr'>nomen</span> <span class='ocrx_word' id='word_1_261' title='bbox 646 2473 762 2503; x_wconf 80' lang='lat' dir='ltr'>legitur,</span> <span class='ocrx_word' id='word_1_262' title='bbox 791 2473 838 2496; x_wconf 85' lang='lat' dir='ltr'>sed</span> <span class='ocrx_word' id='word_1_263' title='bbox 860 2473 1035 2502; x_wconf 75' lang='lat' dir='ltr'>praecedenti</span> <span class='ocrx_word' id='word_1_264' title='bbox 1056 2480 1121 2503; x_wconf 83' lang='lat' dir='ltr'>per-</span> 
     </span>
     <span class='ocr_line' id='line_1_54' title="bbox 190 2507 1120 2539; baseline 0.006 -14"><span class='ocrx_word' id='word_1_265' title='bbox 190 2509 319 2528; x_wconf 83' lang='lat' dir='ltr'>sonarum</span> <span class='ocrx_word' id='word_1_266' title='bbox 338 2508 464 2538; x_wconf 71' lang='lat' dir='ltr'>catalogo</span> <span class='ocrx_word' id='word_1_267' title='bbox 486 2508 513 2531; x_wconf 90' lang='lat' dir='ltr'>in</span> <span class='ocrx_word' id='word_1_268' title='bbox 532 2508 586 2532; x_wconf 86' lang='lat' dir='ltr'>fine</span> <span class='ocrx_word' id='word_1_269' title='bbox 604 2508 672 2531; x_wconf 86' lang='lat' dir='ltr'>haec</span> <span class='ocrx_word' id='word_1_270' title='bbox 690 2507 783 2531; x_wconf 83' lang='lat' dir='ltr'>addita</span> <span class='ocrx_word' id='word_1_271' title='bbox 802 2510 880 2532; x_wconf 84' lang='lat' dir='ltr'>sunt:</span> <span class='ocrx_word' id='word_1_272' title='bbox 901 2508 1049 2539; x_wconf 75' lang='lat' dir='ltr'>Prologum</span> <span class='ocrx_word' id='word_1_273' title='bbox 1069 2514 1120 2531; x_wconf 86' lang='lat' dir='ltr'>au-</span> 
     </span>
     <span class='ocr_line' id='line_1_55' title="bbox 190 2538 443 2569; baseline 0.028 -10"><span class='ocrx_word' id='word_1_274' title='bbox 190 2538 245 2560; x_wconf 85' lang='lat' dir='ltr'>tem</span> <span class='ocrx_word' id='word_1_275' title='bbox 263 2539 321 2569; x_wconf 80' lang='lat' dir='ltr'>agit</span> <span class='ocrx_word' id='word_1_276' title='bbox 338 2541 443 2566; x_wconf 83' lang='lat' dir='ltr'>Venus.</span> 
     </span>
    </p>
   </div>
   <div class='ocr_carea' id='block_1_15' title="bbox 155 2588 1119 2650">
    <p class='ocr_par' dir='ltr' id='par_1_32' title="bbox 155 2588 1119 2650">
     <span class='ocr_line' id='line_1_56' title="bbox 155 2588 1119 2646; baseline 0.006 -34"><span class='ocrx_word' id='word_1_277' title='bbox 155 2588 236 2646; x_wconf 47' lang='grc' dir='ltr'>4)ιὲξὶ</span> <span class='ocrx_word' id='word_1_278' title='bbox 257 2589 322 2646; x_wconf 65' lang='lat' dir='ltr'>huin</span> <span class='ocrx_word' id='word_1_279' title='bbox 340 2592 537 2625; x_wconf 80' lang='lat' dir='ltr'>Editt.1558.‚</span> <span class='ocrx_word' id='word_1_280' title='bbox 568 2593 642 2619; x_wconf 79' lang='lat'><strong>1562.</strong></span> <span class='ocrx_word' id='word_1_281' title='bbox 660 2594 726 2617; x_wconf 80' lang='lat' dir='ltr'>nota</span> <span class='ocrx_word' id='word_1_282' title='bbox 746 2593 880 2625; x_wconf 64' lang='lat' dir='ltr'>margum</span> <span class='ocrx_word' id='word_1_283' title='bbox 913 2593 999 2618; x_wconf 69' lang='lat' dir='ltr'>Deum</span> <span class='ocrx_word' id='word_1_284' title='bbox 1020 2595 1119 2618; x_wconf 88' lang='lat' dir='ltr'>volun-</span> 
     </span>
     <span class='ocr_line' id='line_1_57' title="bbox 220 2629 382 2650; baseline 0.019 -4"><span class='ocrx_word' id='word_1_285' title='bbox 220 2629 242 2647; x_wconf 82' lang='lat' dir='ltr'>s.</span> <span class='ocrx_word' id='word_1_286' title='bbox 306 2630 382 2650; x_wconf 84' lang='lat' dir='ltr'>onor.</span> 
     </span>
    </p>
   </div>
   <div class='ocr_carea' id='block_1_16' title="bbox 153 2673 1119 2741">
    <p class='ocr_par' dir='ltr' id='par_1_33' title="bbox 153 2673 1119 2741">
     <span class='ocr_line' id='line_1_58' title="bbox 153 2673 1119 2711; baseline 0.008 -15"><span class='ocrx_word' id='word_1_287' title='bbox 153 2673 183 2706; x_wconf 84' lang='lat'>5)</span> <span class='ocrx_word' id='word_1_288' title='bbox 204 2674 339 2704; x_wconf 83' lang='lat' dir='ltr'>ulciscar]</span> <span class='ocrx_word' id='word_1_289' title='bbox 358 2676 399 2700; x_wconf 84' lang='lat' dir='ltr'>sic</span> <span class='ocrx_word' id='word_1_290' title='bbox 419 2676 464 2708; x_wconf 67' lang='grc' dir='ltr'>(Ξ</span> <span class='ocrx_word' id='word_1_291' title='bbox 478 2678 570 2707; x_wconf 80' lang='lat' dir='ltr'>Eurip.</span> <span class='ocrx_word' id='word_1_292' title='bbox 590 2676 796 2711; x_wconf 76' lang='grc' dir='ltr'>τιμωρήσομαι)</span> <span class='ocrx_word' id='word_1_293' title='bbox 814 2680 899 2704; x_wconf 82' lang='lat' dir='ltr'>Editt.</span> <span class='ocrx_word' id='word_1_294' title='bbox 918 2681 1006 2711; x_wconf 58' lang='lat'>1558„</span> <span class='ocrx_word' id='word_1_295' title='bbox 1027 2682 1119 2709; x_wconf 73' lang='lat' dir='ltr'>Bam,</span> 
     </span>
     <span class='ocr_line' id='line_1_59' title="bbox 187 2709 907 2741; baseline 0.008 -9"><span class='ocrx_word' id='word_1_296' title='bbox 187 2709 312 2741; x_wconf 76' lang='lat' dir='ltr'>Musgr.,</span> <span class='ocrx_word' id='word_1_297' title='bbox 333 2709 411 2741; x_wconf 51' lang='lat' dir='ltr'>Fiam</span> <span class='ocrx_word' id='word_1_298' title='bbox 438 2712 484 2735; x_wconf 84' lang='lat' dir='ltr'>Ed.</span> <span class='ocrx_word' id='word_1_299' title='bbox 502 2712 576 2736; x_wconf 82' lang='lat'><strong>1562.</strong></span> <span class='ocrx_word' id='word_1_300' title='bbox 595 2714 682 2738; x_wconf 86' lang='lat' dir='ltr'>male:</span> <span class='ocrx_word' id='word_1_301' title='bbox 706 2720 759 2738; x_wconf 88' lang='lat' dir='ltr'>uon</span> <span class='ocrx_word' id='word_1_302' title='bbox 779 2714 907 2741; x_wconf 79' lang='lat' dir='ltr'>ulciscar.</span> 
     </span>
    </p>
   </div>
   <div class='ocr_carea' id='block_1_17' title="bbox 1173 586 2217 2741">
    <p class='ocr_par' dir='ltr' id='par_1_34' title="bbox 1173 586 2217 2741">
     <span class='ocr_line' id='line_1_60' title="bbox 1230 586 2005 630; baseline 0.001 -10"><span class='ocrx_word' id='word_1_303' title='bbox 1230 586 1322 620; x_wconf 90' lang='lat' dir='ltr'>Nam</span> <span class='ocrx_word' id='word_1_304' title='bbox 1341 587 1543 619; x_wconf 83' lang='lat' dir='ltr'>venientem</span> <span class='ocrx_word' id='word_1_305' title='bbox 1568 598 1648 619; x_wconf 87' lang='lat' dir='ltr'>eum</span> <span class='ocrx_word' id='word_1_306' title='bbox 1668 598 1709 619; x_wconf 87' lang='lat' dir='ltr'>ex</span> <span class='ocrx_word' id='word_1_307' title='bbox 1723 586 1833 620; x_wconf 90' lang='lat' dir='ltr'>domo</span> <span class='ocrx_word' id='word_1_308' title='bbox 1851 587 2005 630; x_wconf 87' lang='lat' dir='ltr'>Pitthei‚</span> 
     </span>
     <span class='ocr_line' id='line_1_61' title="bbox 1179 636 2158 686; baseline 0.006 -16"><span class='ocrx_word' id='word_1_309' title='bbox 1179 636 1229 674; x_wconf 73' lang='lat'>,⁶25</span> <span class='ocrx_word' id='word_1_310' title='bbox 1256 638 1312 671; x_wconf 86' lang='lat' dir='ltr'>Ad</span> <span class='ocrx_word' id='word_1_311' title='bbox 1329 638 1482 672; x_wconf 77' lang='lat' dir='ltr'>videnda</span> <span class='ocrx_word' id='word_1_312' title='bbox 1500 644 1533 671; x_wconf 90' lang='lat' dir='ltr'>et</span> <span class='ocrx_word' id='word_1_313' title='bbox 1553 637 1729 670; x_wconf 86' lang='lat' dir='ltr'>initianda</span> <span class='ocrx_word' id='word_1_314' title='bbox 1747 641 1956 673; x_wconf 78' lang='lat' dir='ltr'>veneranda</span> <span class='ocrx_word' id='word_1_315' title='bbox 1977 644 2158 686; x_wconf 72' lang='lat' dir='ltr'>mysteria,</span> 
     </span>
     <span class='ocr_line' id='line_1_62' title="bbox 1229 688 1869 734; baseline 0.002 -11"><span class='ocrx_word' id='word_1_316' title='bbox 1229 688 1407 729; x_wconf 81' lang='lat' dir='ltr'>Athenas,</span> <span class='ocrx_word' id='word_1_317' title='bbox 1435 690 1547 734; x_wconf 89' lang='lat' dir='ltr'>patris</span> <span class='ocrx_word' id='word_1_318' title='bbox 1564 689 1693 723; x_wconf 86' lang='lat' dir='ltr'>nobilis</span> <span class='ocrx_word' id='word_1_319' title='bbox 1713 690 1869 724; x_wconf 88' lang='lat' dir='ltr'>coniunx</span> 
     </span>
     <span class='ocr_line' id='line_1_63' title="bbox 1229 740 2016 786; baseline 0.004 -13"><span class='ocrx_word' id='word_1_320' title='bbox 1229 741 1364 775; x_wconf 86' lang='lat' dir='ltr'>Videns</span> <span class='ocrx_word' id='word_1_321' title='bbox 1384 740 1567 781; x_wconf 85' lang='lat' dir='ltr'>Phaedra,</span> <span class='ocrx_word' id='word_1_322' title='bbox 1596 748 1768 786; x_wconf 80' lang='lat' dir='ltr'>occupata</span> <span class='ocrx_word' id='word_1_323' title='bbox 1790 743 1892 776; x_wconf 86' lang='lat' dir='ltr'>estin</span> <span class='ocrx_word' id='word_1_324' title='bbox 1910 744 2016 777; x_wconf 89' lang='lat' dir='ltr'>corde</span> 
     </span>
     <span class='ocr_line' id='line_1_64' title="bbox 1231 791 2022 838; baseline 0.003 -12"><span class='ocrx_word' id='word_1_325' title='bbox 1231 791 1446 826; x_wconf 85' lang='lat' dir='ltr'>Vehementi</span> <span class='ocrx_word' id='word_1_326' title='bbox 1463 805 1607 833; x_wconf 88' lang='lat' dir='ltr'>amore,</span> <span class='ocrx_word' id='word_1_327' title='bbox 1632 792 1740 838; x_wconf 85' lang='lat' dir='ltr'>idque</span> <span class='ocrx_word' id='word_1_328' title='bbox 1760 806 1841 827; x_wconf 90' lang='lat' dir='ltr'>meo</span> <span class='ocrx_word' id='word_1_329' title='bbox 1862 794 2022 829; x_wconf 90' lang='lat' dir='ltr'>consilio.</span> 
     </span>
     <span class='ocr_line' id='line_1_65' title="bbox 1231 843 2184 891; baseline 0.002 -13"><span class='ocrx_word' id='word_1_330' title='bbox 1231 844 1278 878; x_wconf 85' lang='lat' dir='ltr'>Et</span> <span class='ocrx_word' id='word_1_331' title='bbox 1302 845 1513 891; x_wconf 81' lang='lat' dir='ltr'>priusquam</span> <span class='ocrx_word' id='word_1_332' title='bbox 1541 844 1680 877; x_wconf 72' lang='lat' dir='ltr'>veniret</span> <span class='ocrx_word' id='word_1_333' title='bbox 1704 845 1741 877; x_wconf 87' lang='lat' dir='ltr'>in</span> <span class='ocrx_word' id='word_1_334' title='bbox 1762 843 1856 879; x_wconf 89' lang='lat' dir='ltr'>hanc</span> <span class='ocrx_word' id='word_1_335' title='bbox 1880 852 2012 879; x_wconf 87' lang='lat' dir='ltr'>terram</span> <span class='ocrx_word' id='word_1_336' title='bbox 2031 846 2184 880; x_wconf 87' lang='lat' dir='ltr'>Troeze-</span> 
     </span>
     <span class='ocr_line' id='line_1_66' title="bbox 1602 908 1723 937; baseline 0 -9"><span class='ocrx_word' id='word_1_337' title='bbox 1602 908 1700 929; x_wconf 85' lang='lat' dir='ltr'>mam</span> <span class='ocrx_word' id='word_1_338' title='bbox 1714 923 1723 937; x_wconf 90' lang='lat'>‚</span> 
     </span>
     <span class='ocr_line' id='line_1_67' title="bbox 1182 947 1994 993; baseline 0 -11"><span class='ocrx_word' id='word_1_339' title='bbox 1182 949 1230 983; x_wconf 80' lang='lat'>30</span> <span class='ocrx_word' id='word_1_340' title='bbox 1258 947 1313 981; x_wconf 83' lang='lat' dir='ltr'>Ad</span> <span class='ocrx_word' id='word_1_341' title='bbox 1332 948 1446 992; x_wconf 83' lang='lat' dir='ltr'>ipsam</span> <span class='ocrx_word' id='word_1_342' title='bbox 1464 960 1590 993; x_wconf 85' lang='lat' dir='ltr'>rupem</span> <span class='ocrx_word' id='word_1_343' title='bbox 1608 947 1786 988; x_wconf 78' lang='lat' dir='ltr'>Palladis,</span> <span class='ocrx_word' id='word_1_344' title='bbox 1815 960 1832 981; x_wconf 91' lang='lat' dir='ltr'>e</span> <span class='ocrx_word' id='word_1_345' title='bbox 1849 949 1994 993; x_wconf 86' lang='lat' dir='ltr'>regione</span> 
     </span>
     <span class='ocr_line' id='line_1_68' title="bbox 1231 999 2081 1044; baseline 0.004 -12"><span class='ocrx_word' id='word_1_346' title='bbox 1231 999 1347 1032; x_wconf 89' lang='lat' dir='ltr'>Huius</span> <span class='ocrx_word' id='word_1_347' title='bbox 1366 1006 1483 1032; x_wconf 85' lang='lat' dir='ltr'>terrae</span> <span class='ocrx_word' id='word_1_348' title='bbox 1501 999 1701 1033; x_wconf 85' lang='lat' dir='ltr'>aedificavit</span> <span class='ocrx_word' id='word_1_349' title='bbox 1718 1001 1891 1044; x_wconf 88' lang='lat' dir='ltr'>templum</span> <span class='ocrx_word' id='word_1_350' title='bbox 1911 1000 2081 1042; x_wconf 86' lang='lat' dir='ltr'>Veneris,</span> 
     </span>
     <span class='ocr_line' id='line_1_69' title="bbox 1232 1051 1827 1089; baseline 0.002 -6"><span class='ocrx_word' id='word_1_351' title='bbox 1232 1051 1373 1083; x_wconf 89' lang='lat' dir='ltr'>Ardens</span> <span class='ocrx_word' id='word_1_352' title='bbox 1391 1062 1514 1084; x_wconf 90' lang='lat' dir='ltr'>amore</span> <span class='ocrx_word' id='word_1_353' title='bbox 1535 1051 1707 1089; x_wconf 88' lang='lat' dir='ltr'>absentis;</span> <span class='ocrx_word' id='word_1_354' title='bbox 1737 1057 1771 1084; x_wconf 87' lang='lat' dir='ltr'>et</span> <span class='ocrx_word' id='word_1_355' title='bbox 1791 1052 1827 1084; x_wconf 92' lang='lat' dir='ltr'>in</span> 
     </span>
     <span class='ocr_line' id='line_1_70' title="bbox 1232 1102 2217 1147; baseline 0.002 -12"><span class='ocrx_word' id='word_1_356' title='bbox 1232 1102 1421 1136; x_wconf 88' lang='lat' dir='ltr'>Posterum</span> <span class='ocrx_word' id='word_1_357' title='bbox 1456 1103 1500 1135; x_wconf 83' lang='lat' dir='ltr'>ab</span> <span class='ocrx_word' id='word_1_358' title='bbox 1532 1102 1730 1147; x_wconf 87' lang='lat' dir='ltr'>Hippolyto</span> <span class='ocrx_word' id='word_1_359' title='bbox 1764 1103 1852 1136; x_wconf 82' lang='lat' dir='ltr'>dixit</span> <span class='ocrx_word' id='word_1_360' title='bbox 1884 1104 2084 1138; x_wconf 86' lang='lat' dir='ltr'>dedicatam</span> <span class='ocrx_word' id='word_1_361' title='bbox 2116 1111 2185 1138; x_wconf 84' lang='lat' dir='ltr'>sta·</span> <span class='ocrx_word' id='word_1_362' title='bbox 2212 1112 2217 1113; x_wconf 51' lang='lat'><em>⁷</em></span> 
     </span>
     <span class='ocr_line' id='line_1_71' title="bbox 1594 1160 1803 1189; baseline 0.01 -3"><span class='ocrx_word' id='word_1_363' title='bbox 1594 1160 1692 1186; x_wconf 90' lang='lat' dir='ltr'>tuam</span> <span class='ocrx_word' id='word_1_364' title='bbox 1718 1166 1803 1189; x_wconf 88' lang='lat' dir='ltr'>esse.</span> 
     </span>
     <span class='ocr_line' id='line_1_72' title="bbox 1233 1202 2049 1252; baseline 0.004 -15"><span class='ocrx_word' id='word_1_365' title='bbox 1233 1204 1300 1237; x_wconf 88' lang='lat' dir='ltr'>Sed</span> <span class='ocrx_word' id='word_1_366' title='bbox 1320 1211 1510 1250; x_wconf 82' lang='lat' dir='ltr'>postquam</span> <span class='ocrx_word' id='word_1_367' title='bbox 1529 1202 1688 1238; x_wconf 87' lang='lat' dir='ltr'>Theseus</span> <span class='ocrx_word' id='word_1_368' title='bbox 1709 1206 1854 1252; x_wconf 87' lang='lat' dir='ltr'>reliquit</span> <span class='ocrx_word' id='word_1_369' title='bbox 1871 1205 2049 1247; x_wconf 86' lang='lat' dir='ltr'>Athenas,</span> 
     </span>
     <span class='ocr_line' id='line_1_73' title="bbox 1181 1255 2186 1301; baseline 0.002 -11"><span class='ocrx_word' id='word_1_370' title='bbox 1181 1255 1230 1290; x_wconf 83' lang='lat'>35</span> <span class='ocrx_word' id='word_1_371' title='bbox 1270 1256 1424 1301; x_wconf 82' lang='lat' dir='ltr'>Fugiens</span> <span class='ocrx_word' id='word_1_372' title='bbox 1467 1256 1808 1290; x_wconf 85' lang='lat' dir='ltr'>contaminationem</span> <span class='ocrx_word' id='word_1_373' title='bbox 1854 1259 1970 1292; x_wconf 88' lang='lat' dir='ltr'>caedis</span> <span class='ocrx_word' id='word_1_374' title='bbox 2014 1259 2186 1292; x_wconf 88' lang='lat' dir='ltr'>Pallanti-</span> 
     </span>
     <span class='ocr_line' id='line_1_74' title="bbox 1585 1309 1735 1349; baseline 0.007 -8"><span class='ocrx_word' id='word_1_375' title='bbox 1585 1309 1712 1342; x_wconf 87' lang='lat' dir='ltr'>darum</span> <span class='ocrx_word' id='word_1_376' title='bbox 1726 1336 1735 1349; x_wconf 90' lang='lat'>,</span> 
     </span>
     <span class='ocr_line' id='line_1_75' title="bbox 1232 1357 2003 1402; baseline 0.005 -12"><span class='ocrx_word' id='word_1_377' title='bbox 1232 1358 1277 1391; x_wconf 86' lang='lat' dir='ltr'>Et</span> <span class='ocrx_word' id='word_1_378' title='bbox 1294 1358 1439 1402; x_wconf 70' lang='lat' dir='ltr'>navigat</span> <span class='ocrx_word' id='word_1_379' title='bbox 1456 1359 1492 1392; x_wconf 91' lang='lat' dir='ltr'>in</span> <span class='ocrx_word' id='word_1_380' title='bbox 1510 1357 1602 1393; x_wconf 87' lang='lat' dir='ltr'>hanc</span> <span class='ocrx_word' id='word_1_381' title='bbox 1619 1366 1753 1393; x_wconf 88' lang='lat' dir='ltr'>terram</span> <span class='ocrx_word' id='word_1_382' title='bbox 1772 1373 1851 1394; x_wconf 89' lang='lat' dir='ltr'>cum</span> <span class='ocrx_word' id='word_1_383' title='bbox 1872 1373 1982 1395; x_wconf 82' lang='lat' dir='ltr'>uxore</span> <span class='ocrx_word' id='word_1_384' title='bbox 1994 1388 2003 1402; x_wconf 96' lang='lat'>‚</span> 
     </span>
     <span class='ocr_line' id='line_1_76' title="bbox 1230 1410 1828 1454; baseline 0.007 -12"><span class='ocrx_word' id='word_1_385' title='bbox 1230 1410 1419 1454; x_wconf 81' lang='lat' dir='ltr'>Recipiens</span> <span class='ocrx_word' id='word_1_386' title='bbox 1436 1411 1579 1445; x_wconf 80' lang='lat' dir='ltr'>exilium</span> <span class='ocrx_word' id='word_1_387' title='bbox 1600 1412 1707 1445; x_wconf 90' lang='lat' dir='ltr'>unius</span> <span class='ocrx_word' id='word_1_388' title='bbox 1726 1413 1828 1446; x_wconf 85' lang='lat' dir='ltr'>anni:</span> 
     </span>
     <span class='ocr_line' id='line_1_77' title="bbox 1230 1460 1738 1505; baseline 0.004 -12"><span class='ocrx_word' id='word_1_389' title='bbox 1230 1460 1281 1494; x_wconf 84' lang='lat' dir='ltr'>lbi</span> <span class='ocrx_word' id='word_1_390' title='bbox 1299 1474 1443 1505; x_wconf 84' lang='lat' dir='ltr'>gemens</span> <span class='ocrx_word' id='word_1_391' title='bbox 1460 1469 1494 1495; x_wconf 90' lang='lat' dir='ltr'>et</span> <span class='ocrx_word' id='word_1_392' title='bbox 1513 1469 1738 1496; x_wconf 84' lang='lat' dir='ltr'>consternata</span> 
     </span>
     <span class='ocr_line' id='line_1_78' title="bbox 1230 1513 1792 1559; baseline 0.005 -14"><span class='ocrx_word' id='word_1_393' title='bbox 1230 1513 1361 1546; x_wconf 78' lang='lat' dir='ltr'>Misera</span> <span class='ocrx_word' id='word_1_394' title='bbox 1377 1514 1531 1548; x_wconf 86' lang='lat' dir='ltr'>stimulis</span> <span class='ocrx_word' id='word_1_395' title='bbox 1548 1514 1681 1548; x_wconf 88' lang='lat' dir='ltr'>amoris</span> <span class='ocrx_word' id='word_1_396' title='bbox 1699 1515 1792 1559; x_wconf 91' lang='lat' dir='ltr'>perit</span> 
     </span>
     <span class='ocr_line' id='line_1_79' title="bbox 1179 1565 2183 1605; baseline 0.001 -5"><span class='ocrx_word' id='word_1_397' title='bbox 1179 1565 1228 1600; x_wconf 85' lang='lat'>40</span> <span class='ocrx_word' id='word_1_398' title='bbox 1257 1565 1406 1598; x_wconf 90' lang='lat' dir='ltr'>Silentio</span> <span class='ocrx_word' id='word_1_399' title='bbox 1419 1592 1428 1605; x_wconf 93' lang='lat'>,</span> <span class='ocrx_word' id='word_1_400' title='bbox 1454 1572 1488 1599; x_wconf 94' lang='lat' dir='ltr'>et</span> <span class='ocrx_word' id='word_1_401' title='bbox 1506 1578 1613 1599; x_wconf 88' lang='lat' dir='ltr'>nemo</span> <span class='ocrx_word' id='word_1_402' title='bbox 1634 1579 1675 1600; x_wconf 83' lang='lat' dir='ltr'>ex</span> <span class='ocrx_word' id='word_1_403' title='bbox 1691 1565 1865 1601; x_wconf 84' lang='lat' dir='ltr'>ministris</span> <span class='ocrx_word' id='word_1_404' title='bbox 1882 1565 1986 1599; x_wconf 85' lang='lat' dir='ltr'>novit</span> <span class='ocrx_word' id='word_1_405' title='bbox 2003 1567 2183 1602; x_wconf 84' lang='lat' dir='ltr'>morbum.</span> 
     </span>
     <span class='ocr_line' id='line_1_80' title="bbox 1231 1615 2108 1662; baseline 0.003 -13"><span class='ocrx_word' id='word_1_406' title='bbox 1231 1616 1298 1650; x_wconf 91' lang='lat' dir='ltr'>Sed</span> <span class='ocrx_word' id='word_1_407' title='bbox 1318 1629 1391 1650; x_wconf 88' lang='lat' dir='ltr'>non</span> <span class='ocrx_word' id='word_1_408' title='bbox 1409 1624 1553 1662; x_wconf 89' lang='lat' dir='ltr'>oportet</span> <span class='ocrx_word' id='word_1_409' title='bbox 1566 1615 1662 1651; x_wconf 88' lang='lat' dir='ltr'>hunc</span> <span class='ocrx_word' id='word_1_410' title='bbox 1679 1631 1839 1652; x_wconf 84' lang='lat' dir='ltr'>amorem</span> <span class='ocrx_word' id='word_1_411' title='bbox 1859 1618 1917 1651; x_wconf 88' lang='lat' dir='ltr'>isti</span> <span class='ocrx_word' id='word_1_412' title='bbox 1935 1617 2108 1653; x_wconf 81' lang='lat' dir='ltr'>excidere.</span> 
     </span>
     <span class='ocr_line' id='line_1_81' title="bbox 1231 1667 2180 1714; baseline 0.002 -12"><span class='ocrx_word' id='word_1_413' title='bbox 1231 1668 1428 1702; x_wconf 86' lang='lat' dir='ltr'>Ostendam</span> <span class='ocrx_word' id='word_1_414' title='bbox 1466 1667 1533 1703; x_wconf 86' lang='lat' dir='ltr'>hoc</span> <span class='ocrx_word' id='word_1_415' title='bbox 1568 1670 1751 1714; x_wconf 84' lang='lat' dir='ltr'>negotium</span> <span class='ocrx_word' id='word_1_416' title='bbox 1790 1669 1951 1710; x_wconf 82' lang='lat' dir='ltr'>Theseo,</span> <span class='ocrx_word' id='word_1_417' title='bbox 1995 1675 2029 1703; x_wconf 89' lang='lat' dir='ltr'>et</span> <span class='ocrx_word' id='word_1_418' title='bbox 2062 1672 2180 1714; x_wconf 87' lang='lat' dir='ltr'>palam</span> 
     </span>
     <span class='ocr_line' id='line_1_82' title="bbox 1592 1722 1746 1761; baseline 0.013 -7"><span class='ocrx_word' id='word_1_419' title='bbox 1592 1722 1651 1754; x_wconf 86' lang='lat' dir='ltr'>fiet</span> <span class='ocrx_word' id='word_1_420' title='bbox 1674 1734 1746 1761; x_wconf 89' lang='lat' dir='ltr'>res;</span> 
     </span>
     <span class='ocr_line' id='line_1_83' title="bbox 1227 1769 2164 1820; baseline 0.004 -17"><span class='ocrx_word' id='word_1_421' title='bbox 1227 1770 1272 1803; x_wconf 84' lang='lat' dir='ltr'>Et</span> <span class='ocrx_word' id='word_1_422' title='bbox 1291 1769 1386 1804; x_wconf 87' lang='lat' dir='ltr'>hunc</span> <span class='ocrx_word' id='word_1_423' title='bbox 1404 1784 1521 1805; x_wconf 88' lang='lat' dir='ltr'>meum</span> <span class='ocrx_word' id='word_1_424' title='bbox 1539 1770 1676 1806; x_wconf 88' lang='lat' dir='ltr'>hostem</span> <span class='ocrx_word' id='word_1_425' title='bbox 1691 1800 1700 1813; x_wconf 91' lang='lat'>,</span> <span class='ocrx_word' id='word_1_426' title='bbox 1729 1774 1790 1820; x_wconf 90' lang='lat' dir='ltr'>qui</span> <span class='ocrx_word' id='word_1_427' title='bbox 1810 1772 1897 1807; x_wconf 87' lang='lat' dir='ltr'>mihi</span> <span class='ocrx_word' id='word_1_428' title='bbox 1913 1773 2079 1809; x_wconf 87' lang='lat' dir='ltr'>inimicus</span> <span class='ocrx_word' id='word_1_429' title='bbox 2095 1781 2164 1815; x_wconf 84' lang='lat' dir='ltr'>est,</span> 
     </span>
     <span class='ocr_line' id='line_1_84' title="bbox 1230 1822 2183 1872; baseline 0.004 -17"><span class='ocrx_word' id='word_1_430' title='bbox 1230 1822 1338 1856; x_wconf 86' lang='lat' dir='ltr'>Pater</span> <span class='ocrx_word' id='word_1_431' title='bbox 1374 1823 1562 1857; x_wconf 87' lang='lat' dir='ltr'>interficiet</span> <span class='ocrx_word' id='word_1_432' title='bbox 1599 1825 1936 1869; x_wconf 85' lang='lat' dir='ltr'>imprecationibus,</span> <span class='ocrx_word' id='word_1_433' title='bbox 1986 1839 2074 1872; x_wconf 90' lang='lat' dir='ltr'>quas</span> <span class='ocrx_word' id='word_1_434' title='bbox 2108 1839 2183 1859; x_wconf 84' lang='lat' dir='ltr'>ma-</span> 
     </span>
     <span class='ocr_line' id='line_1_85' title="bbox 1593 1888 1692 1910; baseline 0.02 -2"><span class='ocrx_word' id='word_1_435' title='bbox 1593 1888 1692 1910; x_wconf 86' lang='lat' dir='ltr'>rmus</span> 
     </span>
     <span class='ocr_line' id='line_1_86' title="bbox 1179 1922 2110 1972; baseline 0.006 -15"><span class='ocrx_word' id='word_1_436' title='bbox 1179 1922 1229 1958; x_wconf 82' lang='lat'>45</span> <span class='ocrx_word' id='word_1_437' title='bbox 1258 1924 1351 1964; x_wconf 84' lang='lat' dir='ltr'>Rex,</span> <span class='ocrx_word' id='word_1_438' title='bbox 1379 1925 1588 1970; x_wconf 82' lang='lat' dir='ltr'>Neptunus,</span> <span class='ocrx_word' id='word_1_439' title='bbox 1617 1928 1783 1972; x_wconf 82' lang='lat' dir='ltr'>praebuit</span> <span class='ocrx_word' id='word_1_440' title='bbox 1801 1941 1931 1962; x_wconf 90' lang='lat' dir='ltr'>munus</span> <span class='ocrx_word' id='word_1_441' title='bbox 1949 1927 2110 1969; x_wconf 92' lang='lat' dir='ltr'>Theseo,</span> 
     </span>
     <span class='ocr_line' id='line_1_87' title="bbox 1231 1975 2019 2023; baseline 0.008 -14"><span class='ocrx_word' id='word_1_442' title='bbox 1231 1976 1279 2009; x_wconf 92' lang='lat' dir='ltr'>Ut</span> <span class='ocrx_word' id='word_1_443' title='bbox 1294 1975 1385 2010; x_wconf 87' lang='lat' dir='ltr'>nihil</span> <span class='ocrx_word' id='word_1_444' title='bbox 1402 1978 1531 2012; x_wconf 83' lang='lat' dir='ltr'>frustra</span> <span class='ocrx_word' id='word_1_445' title='bbox 1549 1985 1686 2023; x_wconf 89' lang='lat' dir='ltr'>peteret</span> <span class='ocrx_word' id='word_1_446' title='bbox 1705 1992 1723 2012; x_wconf 90' lang='lat' dir='ltr'>a</span> <span class='ocrx_word' id='word_1_447' title='bbox 1740 1980 1818 2014; x_wconf 92' lang='lat' dir='ltr'>Deo</span> <span class='ocrx_word' id='word_1_448' title='bbox 1837 1994 1878 2014; x_wconf 82' lang='lat' dir='ltr'>ex</span> <span class='ocrx_word' id='word_1_449' title='bbox 1895 1980 2019 2015; x_wconf 81' lang='lat' dir='ltr'>tribus.</span> 
     </span>
     <span class='ocr_line' id='line_1_88' title="bbox 1228 2027 2081 2077; baseline 0.006 -17"><span class='ocrx_word' id='word_1_450' title='bbox 1228 2027 1290 2061; x_wconf 89' lang='lat' dir='ltr'>Illa</span> <span class='ocrx_word' id='word_1_451' title='bbox 1311 2041 1530 2075; x_wconf 85' lang='lat' dir='ltr'>quamquam</span> <span class='ocrx_word' id='word_1_452' title='bbox 1548 2037 1598 2064; x_wconf 85' lang='lat' dir='ltr'>est</span> <span class='ocrx_word' id='word_1_453' title='bbox 1615 2031 1764 2072; x_wconf 89' lang='lat' dir='ltr'>nobilis,</span> <span class='ocrx_word' id='word_1_454' title='bbox 1793 2038 1914 2065; x_wconf 89' lang='lat' dir='ltr'>tamen</span> <span class='ocrx_word' id='word_1_455' title='bbox 1932 2032 2081 2077; x_wconf 88' lang='lat' dir='ltr'>peribit,</span> 
     </span>
     <span class='ocr_line' id='line_1_89' title="bbox 1229 2078 2078 2124; baseline 0.005 -12"><span class='ocrx_word' id='word_1_456' title='bbox 1229 2078 1415 2119; x_wconf 80' lang='lat' dir='ltr'>Phaedra3</span> <span class='ocrx_word' id='word_1_457' title='bbox 1446 2094 1519 2114; x_wconf 89' lang='lat' dir='ltr'>non</span> <span class='ocrx_word' id='word_1_458' title='bbox 1537 2083 1627 2115; x_wconf 90' lang='lat' dir='ltr'>tanti</span> <span class='ocrx_word' id='word_1_459' title='bbox 1643 2083 1770 2116; x_wconf 79' lang='lat' dir='ltr'>faciam</span> <span class='ocrx_word' id='word_1_460' title='bbox 1788 2081 1893 2117; x_wconf 88' lang='lat' dir='ltr'>huius</span> <span class='ocrx_word' id='word_1_461' title='bbox 1910 2084 2054 2118; x_wconf 86' lang='lat' dir='ltr'>exitium</span> <span class='ocrx_word' id='word_1_462' title='bbox 2068 2111 2078 2124; x_wconf 93' lang='lat'>,</span> 
     </span>
     <span class='ocr_line' id='line_1_90' title="bbox 1230 2130 1814 2168; baseline 0.009 -5"><span class='ocrx_word' id='word_1_463' title='bbox 1230 2132 1279 2164; x_wconf 93' lang='lat' dir='ltr'>Ut</span> <span class='ocrx_word' id='word_1_464' title='bbox 1293 2130 1380 2164; x_wconf 86' lang='lat' dir='ltr'>mihi</span> <span class='ocrx_word' id='word_1_465' title='bbox 1398 2133 1468 2165; x_wconf 91' lang='lat' dir='ltr'>mei</span> <span class='ocrx_word' id='word_1_466' title='bbox 1485 2133 1621 2166; x_wconf 89' lang='lat' dir='ltr'>inimici</span> <span class='ocrx_word' id='word_1_467' title='bbox 1639 2147 1712 2167; x_wconf 88' lang='lat' dir='ltr'>non</span> <span class='ocrx_word' id='word_1_468' title='bbox 1729 2136 1814 2168; x_wconf 90' lang='lat' dir='ltr'>dent</span> 
     </span>
     <span class='ocr_line' id='line_1_91' title="bbox 1177 2183 2002 2231; baseline 0.008 -17"><span class='ocrx_word' id='word_1_469' title='bbox 1177 2185 1227 2220; x_wconf 90' lang='lat'>50</span> <span class='ocrx_word' id='word_1_470' title='bbox 1255 2183 1410 2216; x_wconf 84' lang='lat' dir='ltr'>Tantam</span> <span class='ocrx_word' id='word_1_471' title='bbox 1430 2197 1604 2228; x_wconf 88' lang='lat' dir='ltr'>poenam,</span> <span class='ocrx_word' id='word_1_472' title='bbox 1633 2193 1806 2231; x_wconf 76' lang='lat' dir='ltr'>quantam</span> <span class='ocrx_word' id='word_1_473' title='bbox 1825 2187 2002 2221; x_wconf 73' lang='lat' dir='ltr'>convenit.</span> 
     </span>
     <span class='ocr_line' id='line_1_92' title="bbox 1227 2234 1803 2271; baseline 0.003 -4"><span class='ocrx_word' id='word_1_474' title='bbox 1227 2234 1295 2268; x_wconf 90' lang='lat' dir='ltr'>Sed</span> <span class='ocrx_word' id='word_1_475' title='bbox 1312 2235 1416 2268; x_wconf 84' lang='lat' dir='ltr'>video</span> <span class='ocrx_word' id='word_1_476' title='bbox 1434 2236 1543 2269; x_wconf 90' lang='lat' dir='ltr'>filium</span> <span class='ocrx_word' id='word_1_477' title='bbox 1561 2235 1656 2270; x_wconf 88' lang='lat' dir='ltr'>hunc</span> <span class='ocrx_word' id='word_1_478' title='bbox 1673 2236 1803 2271; x_wconf 86' lang='lat' dir='ltr'>Thesei</span> 
     </span>
     <span class='ocr_line' id='line_1_93' title="bbox 1226 2285 1961 2329; baseline 0.007 -11"><span class='ocrx_word' id='word_1_479' title='bbox 1226 2285 1439 2320; x_wconf 85' lang='lat' dir='ltr'>Venientem</span> <span class='ocrx_word' id='word_1_480' title='bbox 1459 2288 1582 2321; x_wconf 89' lang='lat' dir='ltr'>relicto</span> <span class='ocrx_word' id='word_1_481' title='bbox 1602 2289 1724 2322; x_wconf 89' lang='lat' dir='ltr'>labore</span> <span class='ocrx_word' id='word_1_482' title='bbox 1740 2288 1961 2329; x_wconf 85' lang='lat' dir='ltr'>venationis,</span> 
     </span>
     <span class='ocr_line' id='line_1_94' title="bbox 1227 2337 1972 2384; baseline 0.007 -15"><span class='ocrx_word' id='word_1_483' title='bbox 1227 2337 1483 2384; x_wconf 88' lang='lat' dir='ltr'>Hippolytum;</span> <span class='ocrx_word' id='word_1_484' title='bbox 1512 2340 1691 2373; x_wconf 90' lang='lat' dir='ltr'>discedam</span> <span class='ocrx_word' id='word_1_485' title='bbox 1711 2353 1752 2373; x_wconf 89' lang='lat' dir='ltr'>ex</span> <span class='ocrx_word' id='word_1_486' title='bbox 1767 2338 1832 2373; x_wconf 91' lang='lat' dir='ltr'>hac</span> <span class='ocrx_word' id='word_1_487' title='bbox 1850 2341 1972 2375; x_wconf 85' lang='lat' dir='ltr'>domo.</span> 
     </span>
     <span class='ocr_line' id='line_1_95' title="bbox 1226 2389 2001 2426; baseline 0.004 -4"><span class='ocrx_word' id='word_1_488' title='bbox 1226 2389 1362 2424; x_wconf 88' lang='lat' dir='ltr'>Multus</span> <span class='ocrx_word' id='word_1_489' title='bbox 1379 2403 1458 2424; x_wconf 89' lang='lat' dir='ltr'>cum</span> <span class='ocrx_word' id='word_1_490' title='bbox 1478 2403 1519 2424; x_wconf 92' lang='lat' dir='ltr'>eo</span> <span class='ocrx_word' id='word_1_491' title='bbox 1540 2391 1788 2425; x_wconf 86' lang='lat' dir='ltr'>ministrorum</span> <span class='ocrx_word' id='word_1_492' title='bbox 1808 2392 2001 2426; x_wconf 85' lang='lat' dir='ltr'>comitator</span> 
     </span>
     <span class='ocr_line' id='line_1_96' title="bbox 1175 2440 2098 2483; baseline 0 -6"><span class='ocrx_word' id='word_1_493' title='bbox 1175 2442 1225 2478; x_wconf 88' lang='lat'>55</span> <span class='ocrx_word' id='word_1_494' title='bbox 1252 2441 1383 2476; x_wconf 87' lang='lat' dir='ltr'>Coetus</span> <span class='ocrx_word' id='word_1_495' title='bbox 1401 2442 1580 2483; x_wconf 87' lang='lat' dir='ltr'>clamitat,</span> <span class='ocrx_word' id='word_1_496' title='bbox 1607 2440 1791 2477; x_wconf 89' lang='lat' dir='ltr'>honorans</span> <span class='ocrx_word' id='word_1_497' title='bbox 1808 2443 1965 2477; x_wconf 89' lang='lat' dir='ltr'>Dianam</span> <span class='ocrx_word' id='word_1_498' title='bbox 1985 2443 2098 2477; x_wconf 88' lang='lat' dir='ltr'>Deam</span> 
     </span>
     <span class='ocr_line' id='line_1_97' title="bbox 1225 2492 1940 2541; baseline 0.007 -16"><span class='ocrx_word' id='word_1_499' title='bbox 1225 2492 1395 2539; x_wconf 90' lang='lat' dir='ltr'>Hymnis;</span> <span class='ocrx_word' id='word_1_500' title='bbox 1422 2493 1533 2527; x_wconf 89' lang='lat' dir='ltr'>nescit</span> <span class='ocrx_word' id='word_1_501' title='bbox 1550 2494 1644 2526; x_wconf 89' lang='lat' dir='ltr'>enim</span> <span class='ocrx_word' id='word_1_502' title='bbox 1663 2501 1803 2539; x_wconf 88' lang='lat' dir='ltr'>apertas</span> <span class='ocrx_word' id='word_1_503' title='bbox 1817 2503 1940 2541; x_wconf 85' lang='lat' dir='ltr'>portas</span> 
     </span>
     <span class='ocr_line' id='line_1_98' title="bbox 1225 2543 2104 2592; baseline 0.007 -15"><span class='ocrx_word' id='word_1_504' title='bbox 1225 2544 1372 2584; x_wconf 89' lang='lat' dir='ltr'>Mortis,</span> <span class='ocrx_word' id='word_1_505' title='bbox 1402 2552 1435 2578; x_wconf 92' lang='lat' dir='ltr'>et</span> <span class='ocrx_word' id='word_1_506' title='bbox 1452 2557 1488 2578; x_wconf 90' lang='lat' dir='ltr'>se</span> <span class='ocrx_word' id='word_1_507' title='bbox 1506 2545 1627 2579; x_wconf 91' lang='lat' dir='ltr'>videre</span> <span class='ocrx_word' id='word_1_508' title='bbox 1642 2543 1739 2580; x_wconf 90' lang='lat' dir='ltr'>hunc</span> <span class='ocrx_word' id='word_1_509' title='bbox 1755 2554 1976 2592; x_wconf 86' lang='lat' dir='ltr'>postremum</span> <span class='ocrx_word' id='word_1_510' title='bbox 1997 2548 2104 2583; x_wconf 89' lang='lat' dir='ltr'>diem.</span> 
     </span>
     <span class='ocr_line' id='line_1_99' title="bbox 1223 2596 1978 2646; baseline 0.003 -16"><span class='ocrx_word' id='word_1_511' title='bbox 1223 2598 1327 2640; x_wconf 76' lang='lat' dir='ltr'>Hipp.</span> <span class='ocrx_word' id='word_1_512' title='bbox 1355 2596 1556 2642; x_wconf 89' lang='lat' dir='ltr'>Sequimini</span> <span class='ocrx_word' id='word_1_513' title='bbox 1574 2605 1759 2638; x_wconf 82' lang='lat' dir='ltr'>canentes,</span> <span class='ocrx_word' id='word_1_514' title='bbox 1787 2600 1978 2646; x_wconf 87' lang='lat' dir='ltr'>sequimini</span> 
     </span>
     <span class='ocr_line' id='line_1_100' title="bbox 1223 2647 1800 2690; baseline 0.005 -10"><span class='ocrx_word' id='word_1_515' title='bbox 1223 2647 1337 2681; x_wconf 88' lang='lat' dir='ltr'>Deam</span> <span class='ocrx_word' id='word_1_516' title='bbox 1356 2647 1509 2681; x_wconf 86' lang='lat' dir='ltr'>Dianam</span> <span class='ocrx_word' id='word_1_517' title='bbox 1522 2675 1531 2689; x_wconf 90' lang='lat'>,</span> <span class='ocrx_word' id='word_1_518' title='bbox 1558 2649 1668 2682; x_wconf 86' lang='lat' dir='ltr'>filiam</span> <span class='ocrx_word' id='word_1_519' title='bbox 1687 2648 1800 2690; x_wconf 84' lang='lat' dir='ltr'>Iovis,</span> 
     </span>
     <span class='ocr_line' id='line_1_101' title="bbox 1173 2698 1782 2741; baseline 0.007 -9"><span class='ocrx_word' id='word_1_520' title='bbox 1173 2699 1222 2733; x_wconf 88' lang='lat'>60</span> <span class='ocrx_word' id='word_1_521' title='bbox 1249 2698 1403 2732; x_wconf 88' lang='lat' dir='ltr'>Dianam</span> <span class='ocrx_word' id='word_1_522' title='bbox 1415 2727 1424 2741; x_wconf 96' lang='lat'>,</span> <span class='ocrx_word' id='word_1_523' title='bbox 1453 2700 1507 2734; x_wconf 89' lang='lat' dir='ltr'>cui</span> <span class='ocrx_word' id='word_1_524' title='bbox 1525 2713 1630 2734; x_wconf 87' lang='lat' dir='ltr'>curae</span> <span class='ocrx_word' id='word_1_525' title='bbox 1648 2714 1782 2736; x_wconf 84' lang='lat' dir='ltr'>sumus.</span> 
     </span>
    </p>
   </div>
  </div>
 </body>
</html>
