2373 2980
225 96 299 133 239

328 194 361 215 v.
377 178 462 214 516.
480 175 601 223 (514.)
635 170 708 207 Καί
726 184 764 206 τε
777 169 822 206 δι’
838 168 927 218 αἶγα
943 168 1055 215 ἄησι.]
1078 167 1215 212 Caprae

227 232 408 279 epitheton
421 236 471 263 est
479 228 652 262 hirsutam
664 235 748 257 esse.
764 221 934 267 Virgilius
944 220 981 253 in
991 221 1025 254 3.
1036 218 1215 264 Georg.¹¹)

226 291 375 320 testatur
400 292 523 323 capras
546 278 648 309 valde
671 273 842 307 obnoxias
868 285 940 306 esse
961 271 1097 315 frigori.

330 347 362 367 v.
386 330 472 366 518.
499 327 619 374 (516.)
677 323 867 371 Τροχαλὸν
897 321 938 358 δὲ
969 321 1131 370 γέροντα
1161 318 1214 355 τί-

225 383 350 432 θησι,]
392 379 652 415 Distributione
668 378 824 423 quadam
843 373 969 408 hiemis
986 373 1212 406 incommoda

225 441 404 473 recenset,
429 439 463 465 et
486 430 666 476 aptissime
693 427 779 461 dicit
801 426 988 460 incurvum
1005 436 1124 459 senem
1141 423 1215 456 Bo-

225 500 306 522 reae
322 484 462 519 iniuriis
481 481 675 517 obnoxium
689 506 698 520 ,
723 479 820 524 quod
837 475 924 510 haec
940 482 1036 509 aetas
1054 473 1213 515 omnium

226 539 380 573 maxime
409 535 561 579 gaudeat
584 532 658 566 sole
682 537 716 564 et
741 528 853 573 fugiat
874 527 1004 571 frigus,
1033 527 1127 559 unde
1151 536 1216 557 no·

226 599 303 625 tum
329 595 381 622 est
409 587 514 620 illud:
568 583 615 618 Et
645 581 784 626 apricos
813 578 1016 612 meminisse
1047 575 1215 620 senesm).

225 638 522 685 Periphrasticffig
557 641 674 669 autem
712 631 886 674 virginem
926 629 1115 672 innuptam
1157 626 1216 658 de-

228 691 386 737 scripsit,
406 689 503 735 quod
523 698 631 731 opera
648 694 774 716 aureae
789 679 938 714 Veneris
953 679 1105 723 ignoret.
1138 676 1216 710 Est-

229 756 297 792 que
323 742 509 785 diligenter
533 735 794 771 observandum
807 759 816 772 ,
840 732 937 777 quod
953 730 1125 774 innuptae
1143 740 1217 760 non

226 795 424 842 prodibant.
447 791 484 823 in
501 788 702 834 publicum,
725 785 786 818 sed
809 782 1090 817 adservabantur
1108 779 1217 812 domi.

229 848 296 882 Sed
315 844 403 879 haec
426 842 599 875 cantilena
620 849 695 871 non
715 841 813 880 grata
835 834 1029 867 admodum
1046 833 1139 865 foret
1154 842 1218 863 no-

229 897 398 934 stratibus
422 893 559 937 puellis.

333 960 366 980 v.
390 944 477 979 522.
503 940 624 988 (520.)
679 936 781 985 λίπ’]
810 936 979 981 Apocope
1001 939 1053 967 est
1077 945 1143 977 pro
1168 933 1217 965 λι-

231 1001 339 1045 παρῷ
355 994 483 1041 ἐλαίῳ,
505 995 541 1027 id
559 998 628 1031 est,
644 989 769 1035 pingui
786 988 877 1021 oleo.
929 986 1021 1020 Nam
1039 989 1218 1028 postrema

231 1050 364 1097 syllaba
393 1047 525 1080 abiecta
552 1049 614 1077 est.
961 1083 968 1096 '
1053 1082 1071 1094 U
1094 1082 1101 1093 1
1143 1082 1153 1094 ’
1195 1081 1202 1093 t

334 1113 367 1134 v,
392 1097 478 1133 523.
501 1093 622 1142 (521.)
668 1091 805 1135 'Hunc-n
826 1099 1021 1134 χειμεριῳ,
1050 1098 1093 1119 ot
1132 1096 1221 1118 ανο-

233 1149 354 1198 στεος]
386 1149 427 1183 In
441 1147 508 1182 hac
526 1143 763 1187 descriptione
781 1133 910 1173 hieiiiis
927 1143 961 1170 et
976 1135 1098 1181 polypi
1117 1133 1222 1179 piscis

231 1203 453 1237 mentionem
475 1198 570 1232 facit.
639 1193 748 1227 Cuius
780 1189 867 1224 haec
892 1195 1020 1222 natura
1056 1192 1106 1220 est
1136 1191 1221 1218 teste

232 1255 371 1294 Plinio,
394 1253 455 1285 lib.
471 1250 506 1284 9.
533 1260 609 1292 cap.
627 1243 763 1291 29.¹³)‚
787 1248 826 1275 ut
847 1242 939 1274 fame
961 1239 1129 1271 laborans
1156 1235 1223 1270 sibi

233 1307 339 1351 pedes
365 1303 530 1341 arrodat,
561 1311 632 1345 quo
659 1295 814 1328 maxima
837 1290 965 1325 hiemis
987 1288 1135 1323 saevitia
1159 1299 1222 1320 no-

232 1364 341 1391 tatur.
394 1355 440 1389 Et
463 1352 546 1399 quia
564 1347 794 1382 vehementer
818 1343 951 1387 frigore
977 1340 1150 1378 laeditur,
1173 1338 1224 1370 la-

234 1415 284 1442 tet
306 1407 501 1452 plurimum
526 1404 563 1435 in
587 1406 691 1433 antro
719 1409 803 1436 su0,
826 1407 891 1427 nec
913 1392 1093 1438 egreditur
1112 1389 1224 1434 pisca-

234 1466 331 1499 tum,
358 1458 452 1492 unde
477 1452 594 1497 colligi
619 1460 762 1496 quoque
786 1452 902 1491 potest
924 1445 963 1476 in
982 1440 1225 1486 frigidioribus

236 1510 338 1556 aquis
362 1520 438 1542 non
460 1517 544 1540 esse.
596 1502 667 1536 Per
691 1504 860 1533 aestatem
885 1491 1051 1529 convehit
1067 1498 1101 1525 et
1122 1502 1225 1535 repo-

236 1562 291 1595 nit
315 1561 446 1594 victum
461 1585 470 1598 ,
494 1554 642 1601 perinde
664 1557 705 1585 ut
728 1548 897 1587 formica,
919 1545 1016 1579 testis
1041 1549 1091 1577 est
1107 1539 1226 1575 Theo-

236 1611 403 1657 phrastus
413 1610 486 1655 133).
540 1607 630 1640 Sunt
652 1608 770 1635 autem
792 1597 916 1644 polypi
931 1596 1062 1629 multae
1083 1593 1226 1638 species.

236 1664 371 1697 Verum
396 1659 550 1694 maxime
576 1668 656 1689 cum
683 1653 752 1686 illis
780 1655 951 1694 cognatus
976 1659 1048 1680 esse
1074 1645 1228 1682 videtur,

239 1727 329 1761 quos
360 1713 525 1747 Albertus
543 1708 588 1753 1’1)
625 1704 734 1738 Raias
770 1699 912 1735 vocavit
949 1698 1022 1744 (die
1064 1693 1228 1740 rochen).

238 1765 349 1800 Piscis
372 1774 520 1806 magnus
546 1765 617 1797 est,
639 1755 776 1790 habens
793 1758 872 1785 octo
890 1750 1018 1794 pedes,
1040 1748 1077 1779 in
1101 1746 1229 1792 quibus

241 1819 312 1851 duo
326 1813 473 1849 extremi
488 1811 594 1856 pedes
609 1807 835 1852 cotyledones
851 1801 996 1839 habent,
1011 1799 1047 1831 id
1067 1804 1129 1837 est,
1147 1808 1229 1829 con-

242 1868 421 1905 cavitates,
436 1864 564 1910 quibus
581 1859 706 1893 nititur
724 1863 757 1889 et
776 1853 885 1897 affigit
899 1864 934 1886 se
951 1849 1019 1889 his,
1043 1860 1133 1895 quae
1151 1859 1231 1904 pre·

215 1951 221 1953 ,
241 1918 378 1954 hendit.
405 1915 509 1950 Unde
521 1913 557 1946 in
567 1908 751 1945 Aulularia
761 1906 911 1940 Plautus
919 1902 964 1948 ¹⁵)
977 1901 1025 1934 ait
1041 1900 1084 1933 de
1097 1910 1230 1932 avaris:

283 1980 346 2017 Ego
361 1978 430 2005 istos
444 1973 510 2003 novi
520 1972 656 2011 polypos,
677 1968 734 2004 ubi,
748 1964 818 2004 quid
833 1963 995 2001 tetigerunt
1003 1958 1060 1999 ¹⁶),
1076 1962 1190 1986 tenent.

243 2028 447 2063 Athenaeus
469 2024 600 2057 multos
621 2026 762 2053 autores
785 2016 889 2055 citat,
927 2011 989 2058 qui
1015 2010 1233 2054 scripserunt

243 2082 337 2114 fame
368 2079 590 2111 laborantem
623 2071 794 2116 polypum
825 2066 862 2098 in
897 2061 1057 2097 cavernis
1086 2057 1232 2093 brachia

246 2144 307 2166 sua
332 2127 533 2172 rodere¹⁷),
561 2123 617 2157 cui
644 2119 839 2156 sententiae
872 2121 906 2148 et
928 2110 1171 2158 Oppianus¹⁸)
1200 2116 1234 2143 et

285 2242 330 2277 11)
349 2246 429 2276 Virg.
449 2244 549 2270 Georg.
568 2238 615 2265 111,
633 2235 685 2259 298
700 2241 741 2264 sq.

284 2282 330 2313 12)
350 2278 439 2304 Persii
459 2277 518 2301 sat.
538 2274 574 2303 V,
594 2272 661 2296 179:
689 2303 694 2308 ⁸
718 2302 723 2307 ⁸

504 2307 600 2338 Api-ici
617 2307 774 2330 meminisse
793 2305 885 2323 senes.
905 2297 955 2320 etc.
1140 2326 1146 2332 ¹
1186 2325 1192 2331 ι

287 2348 332 2381 13)
352 2348 421 2371 Ptin.
439 2346 502 2370 Nat.
522 2343 592 2367 nist.
612 2340 660 2365 lx.
679 2344 701 2362 c.
714 2336 757 2360 46.
782 2333 831 2357 Ed.
849 2332 951 2356 Franz.
972 2328 1008 2361 (e.
1026 2328 1068 2352 29.
1089 2328 1236 2357 antiquior.

288 2380 548 2448 wiaiihil'tiiieophrast.
567 2411 647 2434 Ercs.
667 2407 764 2435 fragm.
785 2401 846 2429 ΧΠ,
864 2400 889 2424 3.
909 2398 957 2423 Ed.
973 2395 1135 2437 'Schneiden

288 2451 334 2483 14)
354 2450 459 2474 Albert.
483 2447 573 2473 Magn.
595 2444 675 2466 tract.
700 2441 732 2463 de
756 2434 934 2464 animalibus,
960 2433 1006 2456 lib.
1024 2430 1127 2455 XXIV.
1157 2428 1239 2460 (ΟΜ-ι,

323 2487 397 2510 Τοιιι.
413 2483 460 2506 vl.
480 2488 504 2511 p.
519 2474 593 2506 659.)
613 2477 645 2500 de
664 2472 793 2505 raycheis
812 2469 932 2493 disserit.

291 2519 336 2551 15)
356 2519 444 2542 Plaut.
464 2514 554 2539 Aulul.
572 2512 599 2542 2,
617 2511 643 2539 2,
662 2510 705 2533 21.
718 2541 724 2546 .
759 2540 764 2545 .
878 2537 883 2542 1
1141 2532 1146 2537 .

291 2553 336 2585 16)
355 2552 416 2581 ubi,
436 2549 498 2581 quid
516 2545 680 2577 tetigerunt]
701 2548 741 2565 sic
759 2541 822 2564 illae
836 2537 934 2567 mitte,
952 2535 1042 2559 Plaut.
1055 2534 1103 2558 Ed.
1116 2532 1239 2562 numne:

326 2587 371 2618 qui
389 2585 441 2609 sibi
460 2581 583 2614 quicquid
602 2577 752 2608 tetigerint.
894 2606 900 2611 .

291 2621 336 2653 17)
355 2621 453 2644 Athen.
473 2619 492 2642 l.
510 2615 571 2639 vu,
591 2620 615 2638 e.
636 2612 693 2636 102.
724 2609 773 2634 Ed.
793 2605 1061 2638 Schweighaeuser.‚
1079 2604 1120 2633 (p.
1139 2600 1197 2625 316.
1218 2606 1241 2624 e.

327 2656 375 2679 Ed.
395 2651 538 2678 Casani»)

293 2689 338 2721 18)
360 2688 474 2719 Oppian.
494 2683 625 2714 Haiyeut.
644 2681 677 2711 11,
695 2679 756 2704 244.

773 85 896 121 PHlL.
931 82 1046 118 MEL.
1082 80 1284 116 SCRIPTA
1316 79 1653 115 PHILOLOGICA.

2175 83 2252 120 240

1266 166 1503 213 Αἰδῶ-1115181)
1533 167 1785 211 suffragantur.
1837 167 1907 201 Sed
1932 165 2192 213 Athenaeus10)
2219 175 2254 202 et

1268 217 1458 263 Plinius20)
1490 224 1617 262 putant
1647 218 1683 250 id
1708 218 1864 251 accidere
1893 219 2026 264 polypo
2053 230 2073 251 a
2101 219 2254 263 congris.

1268 270 1442 304 Hesiodus
1454 281 1538 301 vero
1548 267 1640 302 hanc
1657 268 1810 313 speciem
1828 266 2004 305 ἀνόστεον
2023 276 2138 310 vocat,
2156 271 2253 315 quod

1268 321 1407 365 spinam
1433 332 1507 352 non
1530 318 1677 360 habeat,
1699 320 1761 353 sed
1782 321 2025 364 cartilaginem
2048 333 2114 366 pro
2138 321 2253 365 spina.

1267 371 1401 405 Dicunt
1425 371 1525 404 illum
1555 371 1680 404 venari
1705 371 1816 415 pisces
1839 371 1930 404 mira
1954 371 2149 412 industria,
2172 384 2253 405 cum

1270 422 1405 467 alioqui
1428 422 1632 463 sit-'animal
1658 422 1836 456 timidum.
1889 421 2022 456 Verum
2046 424 2093 456 ita
2111 435 2255 468 compa-

1268 479 1385 506 ratum
1411 480 1480 513 est,
1512 479 1552 507 ut
1575 473 1627 505 illi
1652 473 1798 507 consilio
1822 473 1982 517 polleant
2004 480 2154 514 natura,
2177 473 2255 520 qui-

1267 524 1332 558 bus
1356 524 1466 557 robur
1489 530 1540 558 est
1563 530 1743 567 negatum.

1372 589 1405 610 v.
1431 574 1517 611 527.
1544 572 1664 621 (525.)
1712 573 1805 609 Ἀλλ’
1828 572 1886 610 ἐπὶ
1907 573 2078 610 κυανέων
2103 572 2257 621 ἀνδρῶν

1270 625 1354 674 eto]
1393 625 1432 660 Id
1459 633 1526 667 est,
1551 627 1604 660 sol
1631 626 1783 659 vertitur
1806 638 1914 670 supra
1937 627 2112 671 populum
2136 625 2257 670 nigro-

1269 690 1349 711 rum
1373 676 1574 712 hominum.
1626 675 1794 721 Intelligit
1818 683 1936 710 autem
1959 675 2172 722 Aethiopes,
2195 677 2258 723 qui

1269 735 1352 763 sunt
1384 730 1421 762 in
1457 728 1598 768 Africa,
1640 740 1794 773 quorum
1830 728 1936 761 etiam
1970 740 2066 762 nunc
2110 728 2258 773 quidam

1270 781 1334 814 sub
1374 779 1525 825 imperio
1565 779 1686 813 Caroli
1730 779 1890 813 Caesaris
1927 785 2021 813 sunt.
2098 774 2259 815 κυάνεον

1271 832 1400 866 Graeci
1426 837 1577 871 vocant,
1600 830 1697 876 quod
1710 842 1776 863 nos
1803 830 2024 870 caeruleum,
2049 830 2165 870 lasur,
2191 825 2260 863 estss

1272 895 1341 929 que
1366 882 1501 916 metalli
1521 894 1651 926 genus,
1683 879 1927 925 metaphorice
1954 893 2020 925 pro
2050 881 2201 914 obscuro
2226 886 2261 913 et

1273 941 1363 968 atro.
1428 933 1493 967 Est
1529 939 1648 966 autem
1687 944 1826 966 sensus:
1873 932 1934 965 Sol
1967 931 2123 965 volvitur
2153 942 2260 975 super

1272 985 1525 1018 meridionales
1553 982 1737 1024 homines,
1773 995 1839 1016 nec
1870 983 1932 1016 diu
1963 989 2126 1016 moratur
2152 993 2260 1027 supra

1273 1042 1435 1070 nostrum
1459 1033 1782 1079 hemisphaerium,
1808 1035 1972 1067 videlicet
1997 1034 2181 1067 Graeciae.

1390 1100 1424 1120 v.
1449 1085 1536 1122 529.
1564 1084 1684 1132 (527.)
1738 1084 1812 1121 Καὶ
1842 1082 1924 1121 τότε
1953 1083 2000 1131 δὴ
2027 1083 2154 1132 κεραοὶ
2178 1079 2261 1130 eto]

1274 1135 1401 1171 Adhuc
1416 1138 1453 1170 in
1474 1136 1601 1171 hiemis
1621 1136 1858 1181 descriptione
1878 1143 2134 1170 commoratur.
2175 1134 2263 1169 Cor-

1274 1195 1382 1222 nutae
1406 1189 1502 1222 ferae
1529 1195 1563 1221 et
1585 1200 1661 1220 non
1685 1194 1855 1221 cornutae
1879 1187 2076 1231 lugubriter
2097 1187 2264 1221 frenden-

1275 1247 1326 1274 tes
1352 1251 1415 1284 per
1439 1240 1544 1273 silvas
1566 1239 1719 1282 fugiunt.
2106 1278 2109 1281 v

1391 1303 1424 1324 v.
1442 1288 1528 1325 530.
1546 1288 1668 1336 (528.)
1719 1285 2015 1337 μυλιόωντεςᾞᾞ
2039 1285 2156 1334 Μύλη
2180 1288 2265 1322 den-

1278 1348 1349 1375 tem
1375 1343 1549 1375 molarem
1580 1341 1773 1385 significat,
1804 1352 1823 1372 a
1850 1352 1921 1385 quo
1952 1341 1991 1373 fit
2018 1341 2166 1374 verbum
2196 1350 2266 1384 μυ·

1278 1388 1445 1439 tacitum),
1479 1393 1575 1438 quod
1607 1392 1781 1436 signifieat
1807 1391 1929 1424 dentes
1949 1390 2103 1431 incutio,
2132 1390 2266 1424 strideo

1277 1449 1425 1487 propter
1440 1443 1562 1487 frigus,
1584 1455 1602 1477 ο
1615 1443 1733 1475 littera
1748 1441 1958 1486 interposita
1977 1447 2039 1474 est.
2091 1437 2268 1487 dpdaffiD

1277 1494 1355 1527 loca
1386 1494 1574 1528 arboribus
1604 1493 1738 1528 consita
1767 1497 1861 1526 sunt.
1926 1488 2122 1537 Hesychius
2154 1503 2220 1536 per
2253 1491 2271 1524 ἴ

1279 1544 1412 1579 scribit.

1380 1609 1414 1630 v·
1430 1593 1515 1630 533.
1535 1593 1657 1641 (531.)
1698 1590 1853 1641 Γλάφυ]
1878 1605 1944 1638 pro
1962 1589 2161 1641 γλαφυρὸν
2184 1603 2268 1636 apo-

1281 1658 1368 1690 cope
1401 1653 1471 1687 est,
1504 1653 1538 1680 et
1567 1646 1741 1690 significat
1771 1657 1915 1689 specum
1948 1650 1983 1678 et
2011 1643 2269 1677 concavitatem

1282 1704 1474 1742 petrosam.
1577 1694 1667 1732 Τότε
1687 1694 1734 1742 δὴ
1756 1693 1904 1743 τρίποδι
1934 1695 2063 1741 βροτῷ
2086 1692 2179 1741 ἶσοι]
2205 1693 2272 1727 Est

1281 1747 1351 1782 hoc
1372 1749 1451 1782 loco
1476 1754 1580 1793 poeta
1599 1748 1792 1781 delectatus
1819 1746 2017 1790 aenigmate
2035 1743 2271 1790 Sphingis‘ffl).

1282 1799 1374 1834 Nam
1405 1812 1504 1834 senes
1537 1799 1652 1833 solent
1680 1798 1718 1830 in
1742 1797 1908 1830 baculum
1945 1797 2190 1829 incumbentes
2212 1795 2272 1827 de-

1283 1851 1390 1884 misso
1408 1850 1522 1894 capite
1540 1849 1715 1888 incedere,
1735 1854 1769 1881 et
1786 1854 1918 1880 terram
1935 1847 2121 1891 inspicere.
2166 1845 2271 1879 Unde

1284 1908 1318 1935 et
1341 1901 1508 1935 silicernii
1531 1900 1615 1933 dicti
1640 1898 1789 1944 sunt25).
1839 1897 1904 1931 His
1931 1897 2063 1931 similes
2088 1909 2160 1932 esse
2186 1895 2273 1929 dicit

1323 2023 1386 2056 lea)
1408 2022 1513 2047 Albert.
1532 2021 1624 2050 Magn.
1644 2019 1662 2044 l.
1682 2019 1699 2042 1.
1720 2016 1803 2049 (01³1).
1823 2017 1852 2040 Τ.
1866 2016 1913 2040 Vl.
1932 2022 1958 2046 p.
1971 2013 2046 2046 658.)

1321 2068 1366 2100 19)
1385 2067 1483 2091 Athen.
1502 2065 1520 2089 l.
1540 2065 1557 2089 1.
1578 2065 1617 2092 (p.
1628 2061 1686 2086 316.
1707 2061 1724 2085 f.
1749 2060 1799 2085 Ed.
1818 2059 1963 2087 casaub).

1321 2108 1369 2140 20)
1389 2108 1457 2131 Ptin.
1475 2107 1537 2130 Nat.
1557 2105 1628 2129 Hist.
1647 2103 1696 2129 IX.
1714 2109 1735 2127 c.
1755 2102 1796 2126 88.
1816 2101 1865 2125 Ed.
1885 2099 1988 2123 Franz.
2007 2099 2045 2126 (o.
2063 2097 2106 2122 62.
2124 2096 2272 2129 antiquior.

1320 2143 1474 2216 2¹15ngss
1492 2182 1556 2205 nes.
1575 2186 1669 2204 vocem
1688 2178 1749 2202 huic
1767 2176 1870 2201 scholio
1887 2174 1946 2205 ipse
1964 2173 2088 2204 praefixi.

1322 2227 1371 2259 22)
1391 2223 1513 2260 μυλιάω]
1534 2224 1575 2248 sie
1595 2224 1669 2247 recte
1687 2226 1781 2245 omnes
1801 2219 1864 2243 inae
1882 2217 1981 2246 Editt.‚
1999 2218 2110 2248 praeter
2127 2216 2177 2242 Ed.
2197 2217 2274 2242 1541,

1359 2263 1404 2290 B.,
1435 2266 1505 2290 quae
1528 2258 1608 2282 habet
1630 2253 1751 2289 μυλιόω,
1780 2254 1808 2277 et
1838 2253 1886 2276 Ed.
1914 2252 2005 2283 1601„
2035 2251 2063 2275 in
2089 2257 2142 2282 qua
2171 2251 2275 2283 legitur

1381 2295 1486 2319 υλιαίω.

1324 2304 1377 2370 23¹5
1392 2334 1476 2368 δρὺει]
1497 2335 1536 2359 sic
1553 2334 1620 2358 illae
1637 2331 1721 2356 Editt.
1740 2335 1850 2359 omnes;
1872 2327 1957 2353 Editt.
1971 2326 2087 2352 Brunck.
2098 2343 2106 2358 ,
2123 2325 2274 2357 Gaisrord„

1359 2372 1479 2401 Gaetu,
1497 2370 1583 2394 Diibn.
1603 2365 1675 2398 δρία.

1324 2414 1372 2447 24)
1396 2414 1476 2439 Conf.
1490 2412 1594 2442 Pauly:
1614 2405 1871 2437 Real-Encyel.des
1885 2404 2093 2430 class.Alterth.
2104 2403 2150 2428 Vl.
2164 2401 2273 2434 wan

1361 2451 1388 2473 et
1407 2449 1441 2473 V.
1463 2455 1487 2478 1).
1499 2446 1560 2470 875.

1325 2490 1373 2523 25)
1392 2489 1519 2520 Fuigent.
1538 2487 1641 2516 Expos.
1659 2484 1746 2508 Serm.
1765 2484 1821 2506 ant.
1838 2483 1863 2506 8.
1883 2479 2040 2506 Silicernios
2059 2478 2111 2503 dici
2129 2479 2276 2503 voluerunt

1361 2530 1442 2549 senes
1459 2524 1596 2551 incurvos,
1615 2518 1692 2550 quasi
1711 2518 1763 2541 iam
1782 2517 1969 2548 sepulcrorum
1987 2520 2098 2538 suorum
2116 2513 2208 2537 silices
2223 2512 2275 2536 ad-

1362 2558 1520 2591 spicientes.
1573 2554 1650 2578 Unde
1680 2552 1791 2576 Cincius
1821 2551 1975 2575 Alimentus
2007 2549 2079 2573 nist.
2108 2548 2142 2572 de
2173 2548 2275 2578 Georg.

1362 2594 1457 2619 Leont.
1478 2590 1575 2615 scribit
1593 2589 1703 2612 dicens:
1741 2586 1793 2616 Qui
1811 2586 1872 2609 dum
1890 2585 1943 2608 iam
1962 2583 2119 2607 silicernius
2135 2581 2176 2605 sui
2194 2581 2276 2606 finem

1362 2626 1494 2657 temporis
1513 2623 1701 2654 exspectaret,
1724 2621 1775 2645 etsi
1792 2620 1873 2644 morti
1891 2625 1944 2644 non
1963 2618 2068 2648 potuit,
2087 2618 2178 2641 tamen
2195 2615 2276 2641 infir-

1365 2661 1503 2687 mitatibus
1522 2656 1674 2683 insultavit.
1711 2655 1773 2680 Vid.
1793 2653 1910 2679 Gesneri
1926 2654 1994 2677 thes.
2013 2659 2036 2678 s.
2050 2652 2075 2676 h.
2092 2658 2119 2676 v.
