2373 2980
255 122 303 157 79

254 213 455 249 temporum
475 203 680 239 duodecim,
716 208 747 234 et
773 202 870 234 locus
895 201 1109 244 praecedens
1133 200 1244 234 tribus

253 255 350 289 boris
382 255 626 299 inaequalibus
658 254 701 284 ab
731 258 883 295 utroque
914 251 1058 284 cardine
1088 251 1245 290 dissidet,

254 319 344 352 quae
363 312 442 339 sunt
460 305 603 337 dimidia
625 314 704 345 pars
722 303 764 334 dc
780 314 838 335 sex
854 300 967 335 boris:
1004 303 1162 335 detracto
1184 303 1245 345 igi-

253 364 311 390 tur
327 356 474 388 dimidio
491 355 594 386 etiam
612 355 654 385 de
672 353 855 385 cardinum
883 353 1081 386 dill'erentia
1097 379 1105 391 ,
1142 353 1245 386 nimi-

255 420 331 440 rum
364 419 403 438 ex
433 404 640 441 duodecim,
681 415 794 448 eoque
819 404 873 436 vel
901 405 1170 437 accommodato
1201 405 1244 436 ad

253 456 509 501 quinquaginta
535 461 634 492 octo,
673 454 725 486 vel
751 455 923 488 subducto
946 467 987 487 ex
1011 455 1246 498 septuaginta,

253 519 428 539 excessum
461 505 640 548 sexaginta
675 511 830 550 quatuor
864 512 1066 549 temporum
1104 505 1244 547 collige-

252 570 341 590 mus.
404 557 439 589 Si
465 569 549 589 vero
572 556 709 589 duabus
733 556 978 601 inaequalibus
1002 555 1098 588 1111115
1127 556 1170 587 ab
1197 556 1245 586 al-

253 614 387 641 terutro
415 607 599 640 cardinum
626 607 778 645 abesset,
822 620 899 639 611111
926 608 1016 639 duae
1039 604 1147 638 borae
1176 605 1246 638 sint

252 659 360 692 triens
379 656 547 691 horarum
566 671 646 695 sex,
675 657 801 690 triente
821 671 861 690 ex
883 657 1068 690 duodecim
1093 655 1243 701 (quanta

253 717 303 743 est
320 709 517 742 11111010111111
537 709 768 753 angulorum)
788 709 957 746 deducto,
986 719 1099 751 eoque
1114 707 1169 738 vel
1184 708 1245 739 ad-

253 761 342 793 iecto
363 760 620 804 quinquaginta
646 765 725 791 116111
751 759 992 802 temporibus,
1025 758 1053 790 si
1078 757 1242 790 distantia

253 825 271 844 a
291 811 408 843 medio
427 810 524 843 coelo
538 811 766 845 ,aestimetmw
795 810 848 841 vel
867 810 1034 852 adempto
1051 820 1091 840 ex
1105 814 1245 852 septua-

253 862 348 904 ginta
368 861 606 905 temporibus,
637 860 664 893 si
692 861 734 891 ab
761 872 885 892 occasu
911 859 1137 892 intervallum
1163 871 1245 891 con·

251 913 444 947 sideretur:
483 917 734 953 congruentem
763 910 813 942 illi
838 910 921 943 situi
948 922 1136 942 numerum
1163 922 1245 942 con-

253 964 421 996 ficiemus.
496 962 569 994 Hoc
599 962 705 993 1110110
741 961 1007 994 interiectorum
1041 967 1243 1004 temporum

254 1014 462 1057 magnitudo
484 1012 736 1044 convenienter
752 1012 1020 1055 pervestiganda
1039 1017 1100 1045 est.

355 1073 604 1106 Discernenms
633 1083 717 1103 vero
751 1071 916 1115 deinceps
949 1071 992 1103 ab
1030 1081 1246 1115 unaquaque

253 1125 514 1169 praedictarum
551 1122 798 1155 obviationum
827 1129 887 1155 aut
908 1121 1171 1154 demersionum
1195 1120 1247 1152 in-

255 1175 464 1208 terfectrices
493 1180 553 1206 11111
577 1173 830 1206 01111111010110115
856 1173 985 1206 aliasve
1017 1171 1246 1205 transitiones

255 1226 397 1264 ordine,
439 1230 580 1268 sumpto
613 1223 714 1256 initio
743 1224 786 1258 ab
811 1223 872 1263 iis,
916 1235 1006 1268 quae
1037 1221 1246 1255 brevissimo

256 1284 413 1320 tempore
439 1275 630 1314 finiuntur,
660 1281 846 1318 propterea
875 1275 972 1319 quod
995 1271 1049 1306 his
1073 1272 1247 1305 obviatio-

254 1340 315 1361 nes
335 1328 388 1359 vel
407 1326 632 1370 affliguntur,
661 1325 715 1357 vel
734 1325 922 1364 iuvantur,
951 1325 995 1357 ad
1013 1336 1112 1364 eum,
1141 1336 1246 1368 quem

254 1379 422 1417 diximus,
450 1378 615 1413 modum;
643 1382 716 1409 tum
734 1382 882 1420 propter
896 1375 1028 1408 exitum
1039 1381 1245 1418 *temporum

255 1429 411 1475 qualibet
428 1428 632 1461 obviatione
649 1427 940 1471 significatorum.
985 1425 1134 1459 Afflictis
1153 1424 1247 1457 enim

254 1480 340 1513 locis
359 1486 393 1512 et
410 1480 444 1511 in
465 1490 641 1511 annorum
658 1478 752 1510 exitu
769 1478 876 1511 stellis
892 1476 1128 1510 inficientibus
1147 1488 1249 1520 prae-

256 1531 357 1575 cipua
374 1531 472 1567 loca,
501 1535 652 1561 mortem
681 1535 832 1565 ceruum
870 1528 899 1561 si
926 1540 1010 1560 vero
1037 1528 1248 1560 alterutrum

255 1580 442 1625 horumffi)
465 1580 658 1623 opituletur
682 1586 831 1612 naturae
856 1577 1035 1612 humanae
1060 1578 1250 1617 laboranti,

258 1644 406 1675 magnos
425 1631 573 1664 assultus
600 1630 894 1673 01,ρο1100105051
929 1630 957 1662 51
982 1636 1174 1674 utrumque
1198 1629 1249 1661 10-

259 1690 334 1722 vet,
362 1683 550 1724 languores
568 1687 726 1720 tantum,
755 1687 815 1714 aut
834 1687 1069 1720 nocumenta,
1098 1680 1153 1712 vel
1171 1692 1251 1712 eva-

259 1734 451 1771 cuationes,
480 1744 569 1777 quae
587 1732 764 1771 desinunt,
792 1738 976 1775 expectare
993 1737 1146 1775 oportet.
1182 1730 1250 1763 Sed

260 1784 378 1830 qualia
397 1781 483 1816 baec
500 1784 615 1815 fotura
634 1783 722 1822 sint,
750 1794 790 1815 ex
807 1783 967 1815 locorum
988 1782 1249 1815 occurrentium

260 1834 466 1868 habitudine
484 1840 589 1878 atque
614 1833 859 1865 convenientia
886 1834 929 1865 ad
953 1833 1135 1876 geniturae
1158 1832 1252 1876 posi-

259 1893 314 1919 tus
335 1885 582 1927 colligendum.
637 1882 733 1917 [Nihil
760 1896 843 1916 vero
869 1882 1054 1927 prohibet,
1088 1883 1174 1928 quin
1200 1883 1252 1915 in-

260 1937 400 1969 terdum
420 1935 668 1968 dissidentibus
694 1935 755 1974 iis,
791 1947 897 1977 penes
922 1948 1010 1979 quos
1032 1940 1082 1967 051
1106 1934 1253 1967 facultas

261 1986 508 2024 interimendi,
548 1992 737 2017 eventuum
770 1983 1031 2018 vehementiam
1057 1991 1118 2017 aut
1143 1985 1253 2017 imbe-

261 2039 440 2071 cillitatem
465 2036 654 2068 coniectari
680 2035 875 2078 possimus,
919 2043 979 2069 aut
1014 2035 1160 2079 singulis
1193 2036 1254 2068 ob-

263 2089 478 2121 viationibus
498 2087 693 2120 observatis
711 2093 744 2119 et
760 2086 971 2126 aestimatis,
1007 2093 1068 2119 aut
1086 2086 1127 2119 iis
1144 2086 1254 2118 maxi-

263 2152 318 2172 me.
333 2166 340 2177 ,
370 2151 462 2184 quae
479 2138 534 2170 vel
553 2139 594 2170 ad
615 2143 760 2170 eventus
772 2163 780 2175 ,
796 2149 926 2181 eaque,
955 2149 1045 2182 quae
1061 2143 1252 2181 sequutura

264 2197 365 2229 sunt,
408 2189 601 2234 plurimum
636 2200 700 2232 pro
735 2188 864 2220 virium
895 2188 1139 2231 magnitudine
1174 2200 1256 2220 con-

264 2241 401 2279 serunt,
429 2240 482 2271 vel
504 2240 538 2272 in
555 2239 701 2272 caeteris
718 2238 981 2272 obviationibus
1003 2238 1166 2272 omnibus
1185 2238 1255 2270 vim

267 2290 496 2335 praecipuam
515 2288 657 2323 babent.

371 2424 374 2427 Δ
411 2391 461 2423 De
483 2390 594 2432 forma
621 2395 652 2423 et
678 2394 935 2432 temperamento
957 2391 1118 2432 corporis.

370 2465 539 2498 Absoluta
569 2466 610 2497 de
639 2465 728 2497 vitae
753 2465 868 2510 spatio
892 2465 1122 2505 tractatione,
1165 2478 1258 2499 nunc

270 2516 520 2561 particularem
562 2515 781 2560 reliquorum
822 2516 1091 2560 explicationem
1133 2517 1259 2549 ordine

305 2633 354 2660 22)
373 2633 535 2656 alterutrum
560 2632 670 2659 horum]
696 2631 745 2655 Ed.
770 2631 842 2655 155³.
868 2632 1031 2656 alterutrum
1055 2633 1150 2656 harum
1173 2631 1260 2661 (Ptol.

341 2666 389 2690 τοῦ
408 2664 435 2690 δὲ
461 2663 553 2696 ἑτέρου
579 2662 698 2694 toditem
732 2665 896 2689 ubaldinus
921 2667 986 2690 haec
1013 2667 1112 2690 vertit:
1144 2667 1261 2691 alterum

342 2702 456 2724 istorum
475 2700 604 2729 duorum3
628 2699 757 2730 Gogava:
783 2700 945 2723 atterutrum
965 2701 1084 2729 horum).

827 116 948 150 PHIL.
984 114 1096 149 MEL.
1131 113 1332 149 SCRIPTA
1368 113 1704 151 PHILOLOGICA.

1284 2701 1290 2714 t

2243 115 2292 149 80

1297 200 1521 233 convenienti
1545 201 1726 233 ordiemur
1747 214 1765 234 a
1798 202 1907 243 figura
1941 207 1974 234 et
2005 202 2290 234 conformatione

1299 251 1458 295 corporis
1470 277 1479 290 ,
1511 257 1697 294 propterea
1724 252 1819 297 quod
1838 257 1964 284 natura
1982 251 2079 295 prius
2097 252 2241 296 fingitur
2258 259 2292 286 et

1299 303 1473 334 sorinatur
1491 313 1659 345 corpore,
1688 315 1793 346 quam
1822 302 1940 335 anima
1970 309 2003 335 et
2031 314 2180 347 corpus,
2207 303 2290 348 quia

1299 353 1440 386 densius
1468 359 1537 391 est,
1573 353 1776 395 congenitas
1809 365 1826 385 a
1862 353 1977 397 prima
2009 353 2146 397 origine
2171 354 2290 387 statim

1299 415 1381 436 suae
1401 403 1574 435 mixturae
1592 409 1695 435 notas
1711 402 1827 437 habet.
1888 403 2016 436 Anima
2035 415 2109 436 non
2125 405 2192 438 nisi
2212 411 2292 448 post

1300 453 1484 497 aliquanto
1521 460 1554 485 et
1588 453 1755 494 obscure,
1794 455 1980 498 impressas
2016 454 2081 488 sibi
2118 467 2136 488 a
2172 455 2288 499 prima

1299 516 1401 536 causa
1432 503 1524 536 vires
1548 505 1693 546 profert.
1747 506 1847 549 Quae
1875 517 1959 538 vero
1984 511 2081 538 exn-a
2107 517 2173 540 nos
2198 512 2291 543 sunt,

1300 566 1488 597 progressu
1507 555 1678 598 temporis
1697 557 1839 589 demum
1861 556 2034 589 accidunt.

1402 612 1645 657 Contemplari
1665 621 1780 648 autem
1801 621 1941 659 oportet
1965 615 2147 647 cardinem
2175 614 2290 648 orien-

1300 663 1342 695 tis
1376 670 1409 696 et
1430 666 1672 704 succedentes,
1707 672 1767 699 aut
1792 666 1972 710 planetas,
2003 666 2064 710 qui
2089 664 2290 710 horoscopo

1300 714 1522 757 praesident,
1564 728 1604 748 eo
1638 728 1708 761 quo
1742 717 1895 749 diximus
1929 717 2056 755 modo,
2098 716 2217 761 aliqua
2251 727 2292 749 ex

1300 771 1398 808 parte
1417 772 1449 798 et
1466 765 1617 800 Lunam.
1671 767 1812 800 Etenim
1831 779 1871 799 ex
1886 766 1920 798 vi
1937 766 2161 807 formatrice,
2197 773 2232 799 et
2248 767 2293 799 ad

1300 815 1507 848 alterutram
1539 817 1688 861 speciem
1717 830 1778 851 5011
1801 815 1987 861 pulchram
2011 829 2072 850 seu
2096 818 2292 850 deformem

1299 866 1517 899 efficiendam
1536 868 1776 911 proprietate,
1805 880 1883 901 cum
1908 866 2037 901 11010111
2061 868 2214 901 duorum
2241 868 2292 900 lo-

1300 929 1443 957 corum,
1481 925 1554 951 tum
1580 919 1841 951 dominantium
1869 918 2027 964 utrisque
2054 919 2292 962 planetarum,

1300 968 1444 1012 insuper
1469 981 1508 1001 ex
1535 969 1654 1012 figuris
1683 971 1862 1003 stellarum
1898 969 2155 1009 inerrantium,
2202 981 2291 1014 quae

1299 1017 1353 1052 1115
1372 1019 1600 1058 6001100101,
1626 1021 1740 1065 qualis
1755 1021 1799 1053 sit
1815 1021 1928 1053 forma
1953 1032 2164 1064 corporum,
2200 1020 2292 1053 erui-

1300 1076 1376 1108 tur,
1417 1068 1484 1102 1100
1515 1071 1720 1111 observato,
1763 1078 1801 1103 ut
1827 1071 1877 1104 vis
1898 1071 2086 1114 praecipua
2114 1071 2293 1104 tribuatur

1300 1120 1451 1163 planetis
1474 1121 1760 1159 (lominantilms;
1796 1123 1949 1155 secundo
1973 1121 2050 1154 loco
2078 1121 2292 1165 adiungatur

1301 1170 1368 1203 illis
1402 1176 1573 1216 tanquam
1618 1184 1722 1204 causa
1765 1172 1936 1205 :alim-ans
1956 1198 1965 1210 ,
2014 1172 2175 1204 locorum
2212 1183 2293 1215 pro-

1299 1227 1443 1265 prietas.

1402 1281 1563 1314 Primum
1592 1293 1695 1324 ergo,
1740 1281 1768 1314 si
1799 1281 1876 1326 quis
1900 1281 2035 1325 singula
2062 1281 2213 1325 simplici
2241 1292 2295 1313 ra-

1301 1331 1398 1364 tione
1415 1331 1583 1377 prosequi
1602 1332 1705 1372 velit,
1733 1329 1786 1365 his
1806 1338 1936 1365 utatur.

1403 1389 1499 1424 Inter
1516 1391 1688 1435 planetas,
1716 1390 1909 1431 Saturnus,
1937 1403 2017 1424 cum
2035 1390 2217 1425 orientalis
2232 1396 2295 1431 est,

1302 1442 1421 1474 colore
1445 1442 1557 1475 flavos
1581 1442 1704 1482 efficit,
1732 1441 1892 1486 pleniore
1921 1453 2091 1485 corpore,
2124 1441 2294 1487 capillitio

1302 1493 1405 1536 nigro
1423 1499 1456 1525 et
1471 1493 1607 1536 crispo,
1636 1493 1745 1526 oculis
1763 1493 1919 1536 magnis,
1956 1498 2090 1526 statura
2110 1493 2295 1530 mediocri,

1303 1550 1584 1588 temperamento
1609 1542 1811 1576 humidiore
1836 1550 1869 1576 et
1892 1543 2094 1587 frigidiore;
2134 1543 2295 1577 occiden-

1303 1595 1403 1634 talis,
1439 1594 1560 1638 nigros
1584 1595 1721 1633 colore,
1762 1595 1852 1628 raris
1878 1594 2108 1638 corporibus,
2151 1606 2294 1638 parvos,

1303 1645 1454 1689 simplici
1472 1652 1506 1678 et
1529 1645 1636 1690 plano
1661 1645 1852 1690 capillitio‚
1888 1645 2027 1690 reliquo
2052 1657 2202 1689 corpore
2224 1645 2296 1689 gla-

1303 1697 1386 1729 bros
1413 1702 1446 1729 et
1470 1696 1621 1736 debiles,
1662 1696 1833 1729 mediocri
1869 1697 2110 1728 membrorum
2144 1708 2296 1740 propor-

1304 1747 1419 1787 tione,
1449 1747 1557 1780 oculis
1582 1747 1858 1790 11131101111111105,
1894 1752 2174 1790 temperamento
2200 1746 2296 1791 frigi-

1305 1798 1405 1831 diore
1425 1804 1459 1830 et
1476 1797 1633 1831 sicciore.

1393 1855 1526 1900 Iupiter
1540 1857 1729 1901 praedictis
1746 1856 1830 1889 loeis
1847 1855 2063 1900 praesidens,
2083 1867 2163 1888 cum
2181 1855 2297 1888 orien-

1306 1908 1384 1941 talis
1403 1914 1473 1947 est,
1501 1907 1654 1940 candido
1675 1907 1792 1939 colore
1813 1918 1963 1950 corpora
1988 1906 2111 1949 tingit,
2147 1907 2207 1939 sed
2230 1906 2298 1939 ele·

1306 1959 1404 2002 ganti
1420 1965 1453 1991 et
1472 1958 1619 1997 florido,
1647 1957 1816 2001 capillitio
1835 1964 1940 1990 ornat
1956 1957 2145 1996 mediocri,
2177 1957 2298 1990 oculos

1307 2009 1411 2042 efficit
1428 2009 1661 2052 nigricantes,
1694 2014 1728 2040 et
1754 2014 1900 2041 venusta
1925 2007 2169 2051 magnitudine
2193 2019 2297 2051 gran-

1308 2060 1504 2099 diusculos,
1547 2059 1755 2103 gravitatem
1787 2070 1865 2091 cum
1892 2059 2045 2104 quadam
2071 2058 2297 2091 coniunctam

1308 2111 1478 2154 dignitate
1496 2110 1655 2142 moribus
1679 2109 1830 2148 inducit,
1857 2121 1969 2142 crases
1983 2108 2029 2154 ²³)
2045 2108 2159 2141 calido
2183 2106 2298 2142 hurni-

1309 2163 1426 2206 doque
1450 2162 1645 2204 temperat.⁴
1699 2160 1936 2193 Occidentalis
1964 2159 2116 2192 candido
2141 2159 2298 2204 quidem,

1310 2213 1369 2245 sed
1392 2223 1466 2244 non
1493 2211 1645 2255 eleganti
1668 2211 1785 2244 colore
1813 2210 1942 2250 inficit,
1976 2210 2146 2254 capillitio
2171 2209 2299 2254 rigido,

1311 2269 1372 2295 aut
1394 2261 1532 2295 calvitie
1557 2262 1611 2295 vel
1634 2262 1849 2295 anteriorem
1876 2267 2034 2305 partem,
2075 2261 2129 2294 vel
2160 2266 2297 2294 tantum

1310 2313 1461 2357 sinciput
1485 2313 1680 2352 deformat,
1719 2312 1933 2345 mediocrem
1957 2317 2131 2346 staturam
2158 2317 2191 2344 et
2214 2319 2300 2344 tem—

1312 2370 1516 2409 peramenta
1536 2362 1683 2397 humido
1702 2362 1937 2396 redundantia
1957 2368 2132 2406 procreat.

1414 2421 1511 2456 Mars
1529 2435 1607 2456 cum
1627 2423 1832 2455 dominatur
1856 2428 1890 2454 et
1913 2421 2095 2454 orientalis
2120 2428 2190 2456 est.
2216 2421 2300 2453 vali-

1312 2475 1375 2506 dos
1391 2473 1521 2516 gignit,
1548 2473 1719 2506 rubedine
1744 2473 1936 2512 albicante,
1971 2473 2115 2505 decente
2140 2470 2302 2515 corporis

1312 2523 1546 2568 proceritate,
1574 2524 1684 2557 oculis
1707 2523 1896 2563 caeruleis,
1929 2521 2103 2561 hirsutos,
2130 2521 2302 2555 mediocri

1313 2574 1503 2618 capillitio,
1530 2574 1620 2607 crasi
1642 2574 1810 2608 calidiore
1828 2581 1862 2607 et
1879 2573 2043 2609 sicciore:
2077 2571 2301 2606 occidentalis

1348 2700 1396 2728 23)
1415 2701 1525 2728 crasea]
1546 2699 1595 2725 Ed.
1618 2698 1692 2723 1553.
1719 2704 1815 2723 errore
1833 2700 1962 2730 twega:
1991 2703 2095 2722 tenses.
