<?xml version="1.0" encoding="UTF-8"?>
<!DOCTYPE html PUBLIC "-//W3C//DTD XHTML 1.0 Transitional//EN"
    "http://www.w3.org/TR/xhtml1/DTD/xhtml1-transitional.dtd">
<html xmlns="http://www.w3.org/1999/xhtml" xml:lang="en" lang="en">
 <head>
  <title>
</title>
<meta http-equiv="Content-Type" content="text/html;charset=utf-8" />
  <meta name='ocr-system' content='tesseract 3.04.00' />
  <meta name='ocr-capabilities' content='ocr_page ocr_carea ocr_par ocr_line ocrx_word'/>
</head>
<body>
  <div class='ocr_page' id='page_1' title='image "./operaquaesupersu18melauoft/operaquaesupersu18melauoft_0529.png"; bbox 0 0 2373 2980; ppageno 0'>
   <div class='ocr_carea' id='block_1_1' title="bbox 112 70 740 106">
    <p class='ocr_par' dir='ltr' id='par_1_1' title="bbox 112 70 740 106">
     <span class='ocr_line' id='line_1_1' title="bbox 112 70 740 106; baseline -0.002 0"><span class='ocrx_word' id='word_1_1' title='bbox 112 73 208 106; x_wconf 82' lang='lat'><strong>1033</strong></span> <span class='ocrx_word' id='word_1_2' title='bbox 619 70 740 106; x_wconf 82' lang='lat' dir='ltr'><strong>LXXI.</strong></span> 
     </span>
    </p>
   </div>
   <div class='ocr_carea' id='block_1_2' title="bbox 108 156 1106 613">
    <p class='ocr_par' dir='ltr' id='par_1_2' title="bbox 108 156 1106 613">
     <span class='ocr_line' id='line_1_2' title="bbox 110 156 1106 202; baseline 0.002 -10"><span class='ocrx_word' id='word_1_3' title='bbox 110 156 183 194; x_wconf 74' lang='lat'><strong>925</strong></span> <span class='ocrx_word' id='word_1_4' title='bbox 211 160 291 192; x_wconf 84' lang='lat' dir='ltr'><strong>Sen.</strong></span> <span class='ocrx_word' id='word_1_5' title='bbox 336 156 369 190; x_wconf 95' lang='grc' dir='ltr'>Ο</span> <span class='ocrx_word' id='word_1_6' title='bbox 392 157 483 196; x_wconf 84' lang='lat' dir='ltr'><strong>filia,</strong></span> <span class='ocrx_word' id='word_1_7' title='bbox 526 168 600 190; x_wconf 91' lang='lat' dir='ltr'><strong>non</strong></span> <span class='ocrx_word' id='word_1_8' title='bbox 632 170 774 202; x_wconf 89' lang='lat' dir='ltr'><strong>possum</strong></span> <span class='ocrx_word' id='word_1_9' title='bbox 810 159 932 193; x_wconf 84' lang='lat' dir='ltr'><strong>satiari</strong></span> <span class='ocrx_word' id='word_1_10' title='bbox 965 159 1106 194; x_wconf 90' lang='lat' dir='ltr'><strong>intuens</strong></span> 
     </span>
     <span class='ocr_line' id='line_1_3' title="bbox 522 214 620 241; baseline 0.01 -1"><span class='ocrx_word' id='word_1_11' title='bbox 522 214 620 241; x_wconf 89' lang='lat' dir='ltr'><strong>tuam</strong></span> 
     </span>
     <span class='ocr_line' id='line_1_4' title="bbox 160 259 655 294; baseline 0 -1"><span class='ocrx_word' id='word_1_12' title='bbox 160 259 321 293; x_wconf 86' lang='lat' dir='ltr'><strong>Faciem:</strong></span> <span class='ocrx_word' id='word_1_13' title='bbox 352 265 449 293; x_wconf 82' lang='lat' dir='ltr'><strong>extra</strong></span> <span class='ocrx_word' id='word_1_14' title='bbox 468 272 524 293; x_wconf 91' lang='lat' dir='ltr'><strong>me</strong></span> <span class='ocrx_word' id='word_1_15' title='bbox 545 271 655 294; x_wconf 88' lang='lat' dir='ltr'><strong>eram.</strong></span> 
     </span>
     <span class='ocr_line' id='line_1_5' title="bbox 159 309 1105 347; baseline 0.002 -3"><span class='ocrx_word' id='word_1_16' title='bbox 159 309 382 345; x_wconf 87' lang='lat' dir='ltr'><strong>Exhauriens</strong></span> <span class='ocrx_word' id='word_1_17' title='bbox 407 311 501 344; x_wconf 89' lang='lat' dir='ltr'><strong>enim</strong></span> <span class='ocrx_word' id='word_1_18' title='bbox 534 323 591 344; x_wconf 88' lang='lat' dir='ltr'><strong>me</strong></span> <span class='ocrx_word' id='word_1_19' title='bbox 621 323 716 345; x_wconf 89' lang='lat' dir='ltr'><strong>nunc</strong></span> <span class='ocrx_word' id='word_1_20' title='bbox 750 311 894 346; x_wconf 83' lang='lat' dir='ltr'><strong>fluctum</strong></span> <span class='ocrx_word' id='word_1_21' title='bbox 928 313 1105 347; x_wconf 83' lang='lat' dir='ltr'><strong>malorum</strong></span> 
     </span>
     <span class='ocr_line' id='line_1_6' title="bbox 522 363 662 403; baseline 0.007 -8"><span class='ocrx_word' id='word_1_22' title='bbox 522 363 662 403; x_wconf 87' lang='lat' dir='ltr'><strong>animo,</strong></span> 
     </span>
     <span class='ocr_line' id='line_1_7' title="bbox 159 413 979 458; baseline 0 -10"><span class='ocrx_word' id='word_1_23' title='bbox 159 416 190 448; x_wconf 92' lang='lat' dir='ltr'><strong>A</strong></span> <span class='ocrx_word' id='word_1_24' title='bbox 208 413 319 458; x_wconf 89' lang='lat' dir='ltr'><strong>puppi</strong></span> <span class='ocrx_word' id='word_1_25' title='bbox 336 413 456 447; x_wconf 90' lang='lat' dir='ltr'><strong>obruit</strong></span> <span class='ocrx_word' id='word_1_26' title='bbox 471 413 559 447; x_wconf 88' lang='lat' dir='ltr'><strong>alius</strong></span> <span class='ocrx_word' id='word_1_27' title='bbox 575 414 701 448; x_wconf 88' lang='lat' dir='ltr'><strong>fluctus</strong></span> <span class='ocrx_word' id='word_1_28' title='bbox 719 425 737 446; x_wconf 85' lang='lat' dir='ltr'><strong>a</strong></span> <span class='ocrx_word' id='word_1_29' title='bbox 756 414 825 448; x_wconf 89' lang='lat' dir='ltr'><strong>tuis</strong></span> <span class='ocrx_word' id='word_1_30' title='bbox 845 415 979 456; x_wconf 88' lang='lat' dir='ltr'><strong>verbis,</strong></span> 
     </span>
     <span class='ocr_line' id='line_1_8' title="bbox 159 465 818 511; baseline 0.002 -13"><span class='ocrx_word' id='word_1_31' title='bbox 159 465 261 511; x_wconf 84' lang='lat' dir='ltr'><strong>Quae</strong></span> <span class='ocrx_word' id='word_1_32' title='bbox 280 465 399 499; x_wconf 88' lang='lat' dir='ltr'><strong>dicens</strong></span> <span class='ocrx_word' id='word_1_33' title='bbox 417 476 434 497; x_wconf 87' lang='lat' dir='ltr'><strong>a</strong></span> <span class='ocrx_word' id='word_1_34' title='bbox 453 466 698 509; x_wconf 85' lang='lat' dir='ltr'><strong>praesentibus</strong></span> <span class='ocrx_word' id='word_1_35' title='bbox 716 466 818 499; x_wconf 88' lang='lat' dir='ltr'><strong>malis</strong></span> 
     </span>
     <span class='ocr_line' id='line_1_9' title="bbox 108 516 936 551; baseline 0.002 -2"><span class='ocrx_word' id='word_1_36' title='bbox 108 516 183 550; x_wconf 83' lang='lat'><strong>930</strong></span> <span class='ocrx_word' id='word_1_37' title='bbox 211 516 403 550; x_wconf 88' lang='lat' dir='ltr'><strong>Transiisti</strong></span> <span class='ocrx_word' id='word_1_38' title='bbox 419 517 463 549; x_wconf 88' lang='lat' dir='ltr'><strong>ad</strong></span> <span class='ocrx_word' id='word_1_39' title='bbox 480 517 555 550; x_wconf 84' lang='lat' dir='ltr'><strong>vias</strong></span> <span class='ocrx_word' id='word_1_40' title='bbox 573 517 726 550; x_wconf 78' lang='lat' dir='ltr'><strong>alioruin</strong></span> <span class='ocrx_word' id='word_1_41' title='bbox 746 518 936 551; x_wconf 88' lang='lat' dir='ltr'><strong>malorum.</strong></span> 
     </span>
     <span class='ocr_line' id='line_1_10' title="bbox 160 566 995 613; baseline 0.001 -13"><span class='ocrx_word' id='word_1_42' title='bbox 160 568 255 612; x_wconf 84' lang='lat' dir='ltr'><strong>Quid</strong></span> <span class='ocrx_word' id='word_1_43' title='bbox 273 567 349 601; x_wconf 87' lang='lat' dir='ltr'><strong>ais?</strong></span> <span class='ocrx_word' id='word_1_44' title='bbox 378 579 446 613; x_wconf 89' lang='lat' dir='ltr'><strong>qua</strong></span> <span class='ocrx_word' id='word_1_45' title='bbox 462 568 602 601; x_wconf 86' lang='lat' dir='ltr'><strong>ratione</strong></span> <span class='ocrx_word' id='word_1_46' title='bbox 620 580 762 602; x_wconf 79' lang='lat' dir='ltr'>accusas</span> <span class='ocrx_word' id='word_1_47' title='bbox 782 566 995 602; x_wconf 82' lang='lat' dir='ltr'>Phoebum?</span> 
     </span>
    </p>
   </div>
   <div class='ocr_carea' id='block_1_3' title="bbox 160 619 1105 665">
    <p class='ocr_par' dir='ltr' id='par_1_3' title="bbox 160 619 1133 669">
     <span class='ocr_line' id='line_1_11' title="bbox 160 619 1105 665; baseline 0.002 -14"><span class='ocrx_word' id='word_1_48' title='bbox 160 619 274 664; x_wconf 82' lang='lat' dir='ltr'>Quale</span> <span class='ocrx_word' id='word_1_49' title='bbox 292 631 443 662; x_wconf 86' lang='lat' dir='ltr'><strong>puerum</strong></span> <span class='ocrx_word' id='word_1_50' title='bbox 463 620 513 653; x_wconf 89' lang='lat' dir='ltr'><strong>ais</strong></span> <span class='ocrx_word' id='word_1_51' title='bbox 533 626 566 652; x_wconf 89' lang='lat' dir='ltr'><strong>te</strong></span> <span class='ocrx_word' id='word_1_52' title='bbox 583 620 781 664; x_wconf 85' lang='lat' dir='ltr'><strong>peperisse,</strong></span> <span class='ocrx_word' id='word_1_53' title='bbox 811 627 843 653; x_wconf 87' lang='lat' dir='ltr'><strong>et</strong></span> <span class='ocrx_word' id='word_1_54' title='bbox 862 633 933 665; x_wconf 91' lang='lat' dir='ltr'><strong>quo</strong></span> <span class='ocrx_word' id='word_1_55' title='bbox 951 621 1028 653; x_wconf 92' lang='lat' dir='ltr'><strong>loco</strong></span> <span class='ocrx_word' id='word_1_56' title='bbox 1048 632 1105 653; x_wconf 85' lang='lat' dir='ltr'><strong>ur-</strong></span> 
     </span>
    </p>
   </div>
   <div class='ocr_carea' id='block_1_4' title="bbox 109 671 1104 1024">
    <p class='ocr_par' dir='ltr' id='par_1_4' title="bbox 109 671 1104 1024">
     <span class='ocr_line' id='line_1_12' title="bbox 518 671 746 715; baseline 0.004 -12"><span class='ocrx_word' id='word_1_57' title='bbox 518 671 571 704; x_wconf 84' lang='lat' dir='ltr'><strong>bis</strong></span> <span class='ocrx_word' id='word_1_58' title='bbox 588 671 746 715; x_wconf 82' lang='lat' dir='ltr'><strong>posuisse</strong></span> 
     </span>
     <span class='ocr_line' id='line_1_13' title="bbox 159 720 1104 767; baseline 0.001 -13"><span class='ocrx_word' id='word_1_59' title='bbox 159 721 286 756; x_wconf 85' lang='lat' dir='ltr'><strong>Bestiis</strong></span> <span class='ocrx_word' id='word_1_60' title='bbox 302 728 442 765; x_wconf 85' lang='lat' dir='ltr'><strong>gratum</strong></span> <span class='ocrx_word' id='word_1_61' title='bbox 461 722 630 767; x_wconf 86' lang='lat' dir='ltr'><strong>epulum?</strong></span> <span class='ocrx_word' id='word_1_62' title='bbox 656 724 779 756; x_wconf 88' lang='lat' dir='ltr'><strong>redeas</strong></span> <span class='ocrx_word' id='word_1_63' title='bbox 795 723 903 766; x_wconf 85' lang='lat' dir='ltr'><strong>igitur</strong></span> <span class='ocrx_word' id='word_1_64' title='bbox 919 721 988 755; x_wconf 88' lang='lat' dir='ltr'><strong>huc</strong></span> <span class='ocrx_word' id='word_1_65' title='bbox 1005 720 1104 755; x_wconf 88' lang='lat' dir='ltr'><strong>mihi.</strong></span> 
     </span>
     <span class='ocr_line' id='line_1_14' title="bbox 160 773 1079 819; baseline -0.002 -11"><span class='ocrx_word' id='word_1_66' title='bbox 160 775 232 808; x_wconf 85' lang='lat' dir='ltr'><strong>Gre.</strong></span> <span class='ocrx_word' id='word_1_67' title='bbox 260 773 490 819; x_wconf 74' lang='lat' dir='ltr'>Quamquam</span> <span class='ocrx_word' id='word_1_68' title='bbox 509 775 638 818; x_wconf 86' lang='lat' dir='ltr'><strong>pudet,</strong></span> <span class='ocrx_word' id='word_1_69' title='bbox 665 780 786 807; x_wconf 86' lang='lat' dir='ltr'><strong>tamen</strong></span> <span class='ocrx_word' id='word_1_70' title='bbox 804 774 919 807; x_wconf 89' lang='lat' dir='ltr'><strong>dicam</strong></span> <span class='ocrx_word' id='word_1_71' title='bbox 938 774 1079 807; x_wconf 86' lang='lat' dir='ltr'><strong>iterum.</strong></span> 
     </span>
     <span class='ocr_line' id='line_1_15' title="bbox 109 823 1103 870; baseline -0.001 -12"><span class='ocrx_word' id='word_1_72' title='bbox 109 823 183 858; x_wconf 82' lang='grc'><strong>935</strong></span> <span class='ocrx_word' id='word_1_73' title='bbox 217 827 298 860; x_wconf 77' lang='lat' dir='ltr'><strong>Sen.</strong></span> <span class='ocrx_word' id='word_1_74' title='bbox 335 825 427 870; x_wconf 83' lang='lat' dir='ltr'><strong>Quia</strong></span> <span class='ocrx_word' id='word_1_75' title='bbox 457 826 529 859; x_wconf 88' lang='lat' dir='ltr'><strong>scio</strong></span> <span class='ocrx_word' id='word_1_76' title='bbox 558 837 727 869; x_wconf 85' lang='lat' dir='ltr'><strong>generose</strong></span> <span class='ocrx_word' id='word_1_77' title='bbox 762 837 832 858; x_wconf 86' lang='lat' dir='ltr'><strong>uua</strong></span> <span class='ocrx_word' id='word_1_78' title='bbox 869 825 990 858; x_wconf 88' lang='lat' dir='ltr'><strong>dolere</strong></span> <span class='ocrx_word' id='word_1_79' title='bbox 1025 837 1103 858; x_wconf 89' lang='lat' dir='ltr'><strong>cum</strong></span> 
     </span>
     <span class='ocr_line' id='line_1_16' title="bbox 528 888 661 910; baseline 0.008 -1"><span class='ocrx_word' id='word_1_80' title='bbox 528 888 661 910; x_wconf 77' lang='lat' dir='ltr'><strong>amicis.</strong></span> 
     </span>
     <span class='ocr_line' id='line_1_17' title="bbox 160 927 986 972; baseline -0.001 -10"><span class='ocrx_word' id='word_1_81' title='bbox 160 931 233 963; x_wconf 80' lang='lat' dir='ltr'><strong>Cre.</strong></span> <span class='ocrx_word' id='word_1_82' title='bbox 262 927 357 961; x_wconf 91' lang='lat' dir='ltr'><strong>Audi</strong></span> <span class='ocrx_word' id='word_1_83' title='bbox 375 927 498 971; x_wconf 84' lang='lat' dir='ltr'><strong>igitur:</strong></span> <span class='ocrx_word' id='word_1_84' title='bbox 527 927 659 961; x_wconf 85' lang='lat' dir='ltr'>novisti</span> <span class='ocrx_word' id='word_1_85' title='bbox 676 927 868 972; x_wconf 74' lang='lat' dir='ltr'><strong>Cecropiae</strong></span> <span class='ocrx_word' id='word_1_86' title='bbox 888 928 986 972; x_wconf 91' lang='lat' dir='ltr'><strong>rupis</strong></span> 
     </span>
     <span class='ocr_line' id='line_1_18' title="bbox 159 978 1058 1024; baseline -0.002 -11"><span class='ocrx_word' id='word_1_87' title='bbox 159 978 445 1023; x_wconf 73' lang='lat' dir='ltr'><strong>septentrionale</strong></span> <span class='ocrx_word' id='word_1_88' title='bbox 464 984 605 1011; x_wconf 82' lang='lat' dir='ltr'>antrum</span> <span class='ocrx_word' id='word_1_89' title='bbox 618 1005 627 1018; x_wconf 83' lang='lat'>‚</span> <span class='ocrx_word' id='word_1_90' title='bbox 656 990 744 1024; x_wconf 86' lang='lat' dir='ltr'><strong>quas</strong></span> <span class='ocrx_word' id='word_1_91' title='bbox 760 979 900 1012; x_wconf 84' lang='lat' dir='ltr'><strong>Macras</strong></span> <span class='ocrx_word' id='word_1_92' title='bbox 918 985 1058 1011; x_wconf 80' lang='lat' dir='ltr'><strong>vocant.</strong></span> 
     </span>
    </p>
   </div>
   <div class='ocr_carea' id='block_1_5' title="bbox 157 1029 1133 1074">
    <p class='ocr_par' dir='ltr' id='par_1_5' title="bbox 157 1029 1133 1074">
     <span class='ocr_line' id='line_1_19' title="bbox 157 1029 1133 1074; baseline -0.004 -8"><span class='ocrx_word' id='word_1_93' title='bbox 157 1033 239 1066; x_wconf 81' lang='lat' dir='ltr'><strong>sen.</strong></span> <span class='ocrx_word' id='word_1_94' title='bbox 268 1030 348 1063; x_wconf 92' lang='lat' dir='ltr'><strong>Scio</strong></span> <span class='ocrx_word' id='word_1_95' title='bbox 361 1056 369 1069; x_wconf 90' lang='lat'>‚</span> <span class='ocrx_word' id='word_1_96' title='bbox 398 1029 459 1063; x_wconf 91' lang='lat' dir='ltr'><strong>ubi</strong></span> <span class='ocrx_word' id='word_1_97' title='bbox 476 1035 527 1063; x_wconf 86' lang='lat' dir='ltr'><strong>est</strong></span> <span class='ocrx_word' id='word_1_98' title='bbox 543 1030 711 1063; x_wconf 87' lang='lat' dir='ltr'><strong>sacellum</strong></span> <span class='ocrx_word' id='word_1_99' title='bbox 725 1030 833 1064; x_wconf 77' lang='lat' dir='ltr'><strong>Panis</strong></span> <span class='ocrx_word' id='word_1_100' title='bbox 852 1038 885 1064; x_wconf 89' lang='lat' dir='ltr'><strong>et</strong></span> <span class='ocrx_word' id='word_1_101' title='bbox 902 1042 962 1063; x_wconf 87' lang='lat' dir='ltr'><strong>ara</strong></span> <span class='ocrx_word' id='word_1_102' title='bbox 981 1042 1104 1074; x_wconf 87' lang='lat' dir='ltr'><strong>prope.</strong></span> <span class='ocrx_word' id='word_1_103' title='bbox 1132 1030 1133 1071; x_wconf 72' lang='lat'>3</span> 
     </span>
    </p>
   </div>
   <div class='ocr_carea' id='block_1_6' title="bbox 159 1080 792 1117">
    <p class='ocr_par' dir='ltr' id='par_1_6' title="bbox 159 1080 792 1117">
     <span class='ocr_line' id='line_1_20' title="bbox 159 1080 792 1117; baseline -0.003 0"><span class='ocrx_word' id='word_1_104' title='bbox 159 1084 233 1117; x_wconf 85' lang='lat' dir='ltr'><strong>Cre.</strong></span> <span class='ocrx_word' id='word_1_105' title='bbox 262 1080 314 1115; x_wconf 90' lang='lat' dir='ltr'><strong>Ibi</strong></span> <span class='ocrx_word' id='word_1_106' title='bbox 332 1081 426 1114; x_wconf 90' lang='lat' dir='ltr'><strong>subii</strong></span> <span class='ocrx_word' id='word_1_107' title='bbox 440 1081 582 1115; x_wconf 85' lang='lat' dir='ltr'><strong>difficile</strong></span> <span class='ocrx_word' id='word_1_108' title='bbox 601 1087 792 1116; x_wconf 84' lang='lat' dir='ltr'><strong>certamen.</strong></span> 
     </span>
    </p>
   </div>
   <div class='ocr_carea' id='block_1_7' title="bbox 107 1131 1104 1178">
    <p class='ocr_par' dir='ltr' id='par_1_7' title="bbox 107 1125 1133 1178">
     <span class='ocr_line' id='line_1_21' title="bbox 107 1131 1104 1178; baseline 0.001 -12"><span class='ocrx_word' id='word_1_109' title='bbox 107 1132 182 1167; x_wconf 83' lang='lat'><strong>940</strong></span> <span class='ocrx_word' id='word_1_110' title='bbox 217 1135 299 1167; x_wconf 80' lang='lat' dir='ltr'><strong>Sen.</strong></span> <span class='ocrx_word' id='word_1_111' title='bbox 337 1132 471 1177; x_wconf 85' lang='lat' dir='ltr'><strong>Quod?</strong></span> <span class='ocrx_word' id='word_1_112' title='bbox 515 1139 555 1166; x_wconf 85' lang='lat' dir='ltr'><strong>ut</strong></span> <span class='ocrx_word' id='word_1_113' title='bbox 580 1140 772 1166; x_wconf 86' lang='lat' dir='ltr'><strong>occurrunt</strong></span> <span class='ocrx_word' id='word_1_114' title='bbox 793 1131 997 1178; x_wconf 80' lang='lat' dir='ltr'>lachrymae</span> <span class='ocrx_word' id='word_1_115' title='bbox 1025 1139 1104 1165; x_wconf 75' lang='lat' dir='ltr'><strong>tuae</strong></span> 
     </span>
    </p>
   </div>
   <div class='ocr_carea' id='block_1_8' title="bbox 521 1184 689 1218">
    <p class='ocr_par' dir='ltr' id='par_1_8' title="bbox 521 1184 689 1218">
     <span class='ocr_line' id='line_1_22' title="bbox 521 1184 689 1218; baseline 0.006 -2"><span class='ocrx_word' id='word_1_116' title='bbox 521 1184 689 1218; x_wconf 85' lang='lat' dir='ltr'><strong>orationi.</strong></span> 
     </span>
    </p>
   </div>
   <div class='ocr_carea' id='block_1_9' title="bbox 159 1232 1103 1269">
    <p class='ocr_par' dir='ltr' id='par_1_9' title="bbox 159 1224 1134 1276">
     <span class='ocr_line' id='line_1_23' title="bbox 159 1232 1103 1269; baseline -0.002 -1"><span class='ocrx_word' id='word_1_117' title='bbox 159 1237 232 1269; x_wconf 82' lang='lat' dir='ltr'><strong>Cre.</strong></span> <span class='ocrx_word' id='word_1_118' title='bbox 269 1234 359 1267; x_wconf 91' lang='lat' dir='ltr'><strong>Cum</strong></span> <span class='ocrx_word' id='word_1_119' title='bbox 385 1232 532 1267; x_wconf 91' lang='lat' dir='ltr'><strong>Phoebo</strong></span> <span class='ocrx_word' id='word_1_120' title='bbox 565 1235 733 1267; x_wconf 84' lang='lat' dir='ltr'><strong>coniunxi</strong></span> <span class='ocrx_word' id='word_1_121' title='bbox 764 1235 875 1268; x_wconf 82' lang='lat' dir='ltr'><strong>invita</strong></span> <span class='ocrx_word' id='word_1_122' title='bbox 914 1235 1103 1267; x_wconf 84' lang='lat' dir='ltr'><strong>infaustum</strong></span> 
     </span>
    </p>
   </div>
   <div class='ocr_carea' id='block_1_10' title="bbox 518 1286 750 1319">
    <p class='ocr_par' dir='ltr' id='par_1_10' title="bbox 518 1286 750 1319">
     <span class='ocr_line' id='line_1_24' title="bbox 518 1286 750 1319; baseline 0 -1"><span class='ocrx_word' id='word_1_123' title='bbox 518 1286 750 1319; x_wconf 82' lang='lat' dir='ltr'><strong>connubium.</strong></span> 
     </span>
    </p>
   </div>
   <div class='ocr_carea' id='block_1_11' title="bbox 158 1336 1134 1382">
    <p class='ocr_par' dir='ltr' id='par_1_11' title="bbox 158 1336 1134 1382">
     <span class='ocr_line' id='line_1_25' title="bbox 158 1336 1134 1382; baseline -0.003 -11"><span class='ocrx_word' id='word_1_124' title='bbox 158 1339 239 1371; x_wconf 84' lang='lat' dir='ltr'><strong>Sen.</strong></span> <span class='ocrx_word' id='word_1_125' title='bbox 274 1336 307 1370; x_wconf 94' lang='lat' dir='ltr'>O</span> <span class='ocrx_word' id='word_1_126' title='bbox 329 1336 422 1377; x_wconf 83' lang='lat' dir='ltr'><strong>filia,</strong></span> <span class='ocrx_word' id='word_1_127' title='bbox 458 1348 544 1370; x_wconf 91' lang='lat' dir='ltr'><strong>num</strong></span> <span class='ocrx_word' id='word_1_128' title='bbox 571 1344 674 1369; x_wconf 85' lang='lat' dir='ltr'><strong>erant</strong></span> <span class='ocrx_word' id='word_1_129' title='bbox 697 1338 775 1376; x_wconf 86' lang='lat' dir='ltr'><strong>illa,</strong></span> <span class='ocrx_word' id='word_1_130' title='bbox 819 1348 909 1382; x_wconf 88' lang='lat' dir='ltr'><strong>quae</strong></span> <span class='ocrx_word' id='word_1_131' title='bbox 936 1348 999 1380; x_wconf 80' lang='lat' dir='ltr'><strong>ego</strong></span> <span class='ocrx_word' id='word_1_132' title='bbox 1029 1348 1105 1370; x_wconf 87' lang='lat' dir='ltr'><strong>sen-</strong></span> <span class='ocrx_word' id='word_1_133' title='bbox 1132 1340 1134 1349; x_wconf 90' lang='lat'><strong>¹</strong></span> 
     </span>
    </p>
   </div>
   <div class='ocr_carea' id='block_1_12' title="bbox 159 1387 1073 1485">
    <p class='ocr_par' dir='ltr' id='par_1_12' title="bbox 159 1387 1073 1485">
     <span class='ocr_line' id='line_1_26' title="bbox 522 1387 663 1421; baseline 0 -1"><span class='ocrx_word' id='word_1_134' title='bbox 522 1387 663 1421; x_wconf 81' lang='lat' dir='ltr'><strong>seram?</strong></span> 
     </span>
     <span class='ocr_line' id='line_1_27' title="bbox 159 1437 1073 1485; baseline -0.001 -12"><span class='ocrx_word' id='word_1_135' title='bbox 159 1440 231 1473; x_wconf 84' lang='lat' dir='ltr'><strong>Gre.</strong></span> <span class='ocrx_word' id='word_1_136' title='bbox 261 1437 407 1476; x_wconf 91' lang='lat' dir='ltr'><strong>Nesci0;</strong></span> <span class='ocrx_word' id='word_1_137' title='bbox 436 1449 519 1471; x_wconf 87' lang='lat' dir='ltr'><strong>vera</strong></span> <span class='ocrx_word' id='word_1_138' title='bbox 536 1439 566 1472; x_wconf 90' lang='lat' dir='ltr'><strong>si</strong></span> <span class='ocrx_word' id='word_1_139' title='bbox 581 1439 687 1478; x_wconf 84' lang='lat' dir='ltr'><strong>dicis,</strong></span> <span class='ocrx_word' id='word_1_140' title='bbox 715 1451 796 1471; x_wconf 85' lang='lat' dir='ltr'><strong>vera</strong></span> <span class='ocrx_word' id='word_1_141' title='bbox 815 1438 1073 1485; x_wconf 63' lang='lat' dir='ltr'><strong>fatebimini-⁹⁷).</strong></span> 
     </span>
    </p>
   </div>
   <div class='ocr_carea' id='block_1_13' title="bbox 159 1474 1134 1534">
    <p class='ocr_par' dir='ltr' id='par_1_13' title="bbox 159 1474 1134 1534">
     <span class='ocr_line' id='line_1_28' title="bbox 1132 1474 1134 1485; baseline 0 0"><span class='ocrx_word' id='word_1_142' title='bbox 1132 1474 1134 1485; x_wconf 43' lang='lat' dir='ltr'>v</span> 
     </span>
     <span class='ocr_line' id='line_1_29' title="bbox 159 1490 1134 1534; baseline 0 -11"><span class='ocrx_word' id='word_1_143' title='bbox 159 1491 240 1524; x_wconf 79' lang='lat' dir='ltr'><strong>Sen.</strong></span> <span class='ocrx_word' id='word_1_144' title='bbox 260 1490 416 1534; x_wconf 86' lang='lat' dir='ltr'>Quando</span> <span class='ocrx_word' id='word_1_145' title='bbox 434 1490 600 1534; x_wconf 88' lang='lat' dir='ltr'><strong>gemebas</strong></span> <span class='ocrx_word' id='word_1_146' title='bbox 617 1490 706 1523; x_wconf 90' lang='lat' dir='ltr'><strong>clam</strong></span> <span class='ocrx_word' id='word_1_147' title='bbox 727 1502 897 1523; x_wconf 83' lang='lat' dir='ltr'><strong>arcanum</strong></span> <span class='ocrx_word' id='word_1_148' title='bbox 915 1490 1105 1523; x_wconf 85' lang='lat' dir='ltr'><strong>morbum?</strong></span> <span class='ocrx_word' id='word_1_149' title='bbox 1132 1525 1134 1533; x_wconf 47' lang='lat'>‚</span> 
     </span>
    </p>
   </div>
   <div class='ocr_carea' id='block_1_14' title="bbox 108 1539 1105 1626">
    <p class='ocr_par' dir='ltr' id='par_1_14' title="bbox 108 1539 1105 1626">
     <span class='ocr_line' id='line_1_30' title="bbox 108 1539 1105 1587; baseline 0 -14"><span class='ocrx_word' id='word_1_150' title='bbox 108 1539 182 1575; x_wconf 85' lang='lat'><strong>945</strong></span> <span class='ocrx_word' id='word_1_151' title='bbox 212 1543 286 1576; x_wconf 83' lang='lat' dir='ltr'><strong>Cre.</strong></span> <span class='ocrx_word' id='word_1_152' title='bbox 315 1540 392 1574; x_wconf 88' lang='lat' dir='ltr'><strong>Hoc</strong></span> <span class='ocrx_word' id='word_1_153' title='bbox 413 1547 489 1574; x_wconf 89' lang='lat' dir='ltr'><strong>erat</strong></span> <span class='ocrx_word' id='word_1_154' title='bbox 506 1542 662 1582; x_wconf 83' lang='lat' dir='ltr'><strong>malum,</strong></span> <span class='ocrx_word' id='word_1_155' title='bbox 691 1542 788 1587; x_wconf 89' lang='lat' dir='ltr'><strong>quod</strong></span> <span class='ocrx_word' id='word_1_156' title='bbox 805 1554 898 1574; x_wconf 86' lang='lat' dir='ltr'><strong>nunc</strong></span> <span class='ocrx_word' id='word_1_157' title='bbox 919 1541 981 1574; x_wconf 82' lang='lat' dir='ltr'><strong>tibi</strong></span> <span class='ocrx_word' id='word_1_158' title='bbox 1005 1554 1105 1585; x_wconf 79' lang='lat' dir='ltr'><strong>aper-</strong></span> 
     </span>
     <span class='ocr_line' id='line_1_31' title="bbox 520 1594 668 1626; baseline 0.007 -1"><span class='ocrx_word' id='word_1_159' title='bbox 520 1599 553 1626; x_wconf 88' lang='lat' dir='ltr'><strong>te</strong></span> <span class='ocrx_word' id='word_1_160' title='bbox 578 1594 668 1626; x_wconf 87' lang='lat' dir='ltr'><strong>dico.</strong></span> 
     </span>
    </p>
   </div>
   <div class='ocr_carea' id='block_1_15' title="bbox 158 1633 1133 1690">
    <p class='ocr_par' dir='ltr' id='par_1_15' title="bbox 158 1633 1133 1690">
     <span class='ocr_line' id='line_1_32' title="bbox 158 1633 1133 1690; baseline -0.001 -12"><span class='ocrx_word' id='word_1_161' title='bbox 158 1645 240 1678; x_wconf 84' lang='lat' dir='ltr'><strong>Sen.</strong></span> <span class='ocrx_word' id='word_1_162' title='bbox 258 1642 396 1677; x_wconf 88' lang='lat' dir='ltr'><strong>Deinde</strong></span> <span class='ocrx_word' id='word_1_163' title='bbox 416 1645 599 1690; x_wconf 89' lang='lat' dir='ltr'><strong>quomodo</strong></span> <span class='ocrx_word' id='word_1_164' title='bbox 619 1644 737 1678; x_wconf 86' lang='lat' dir='ltr'><strong>celasti</strong></span> <span class='ocrx_word' id='word_1_165' title='bbox 748 1643 924 1687; x_wconf 81' lang='lat' dir='ltr'><strong>Apollinis</strong></span> <span class='ocrx_word' id='word_1_166' title='bbox 939 1644 1081 1688; x_wconf 80' lang='lat' dir='ltr'><strong>nuptias</strong></span> <span class='ocrx_word' id='word_1_167' title='bbox 1095 1644 1105 1675; x_wconf 74' lang='grc'><strong>,’</strong></span> <span class='ocrx_word' id='word_1_168' title='bbox 1132 1633 1133 1640; x_wconf 29' lang='lat'>¹</span> 
     </span>
    </p>
   </div>
   <div class='ocr_carea' id='block_1_16' title="bbox 155 1693 1105 1831">
    <p class='ocr_par' dir='ltr' id='par_1_16' title="bbox 155 1693 1105 1831">
     <span class='ocr_line' id='line_1_33' title="bbox 160 1693 966 1741; baseline -0.001 -12"><span class='ocrx_word' id='word_1_169' title='bbox 160 1697 234 1729; x_wconf 84' lang='lat' dir='ltr'><strong>Cre.</strong></span> <span class='ocrx_word' id='word_1_170' title='bbox 262 1695 390 1739; x_wconf 90' lang='lat' dir='ltr'><strong>Peperi</strong></span> <span class='ocrx_word' id='word_1_171' title='bbox 410 1695 577 1741; x_wconf 89' lang='lat' dir='ltr'><strong>(audiens</strong></span> <span class='ocrx_word' id='word_1_172' title='bbox 595 1708 635 1729; x_wconf 85' lang='lat' dir='ltr'><strong>ex</strong></span> <span class='ocrx_word' id='word_1_173' title='bbox 652 1707 728 1735; x_wconf 86' lang='lat' dir='ltr'><strong>me,</strong></span> <span class='ocrx_word' id='word_1_174' title='bbox 758 1693 884 1727; x_wconf 79' lang='lat' dir='ltr'><strong>cohibe</strong></span> <span class='ocrx_word' id='word_1_175' title='bbox 904 1696 966 1741; x_wconf 80' lang='lat' dir='ltr'><strong>te).</strong></span> 
     </span>
     <span class='ocr_line' id='line_1_34' title="bbox 155 1746 1104 1793; baseline -0.002 -13"><span class='ocrx_word' id='word_1_176' title='bbox 155 1748 238 1781; x_wconf 80' lang='lat' dir='ltr'><strong>Sen.</strong></span> <span class='ocrx_word' id='word_1_177' title='bbox 268 1746 366 1780; x_wconf 89' lang='lat' dir='ltr'><strong>Ubi?</strong></span> <span class='ocrx_word' id='word_1_178' title='bbox 401 1753 435 1780; x_wconf 88' lang='lat' dir='ltr'><strong>et</strong></span> <span class='ocrx_word' id='word_1_179' title='bbox 458 1748 537 1793; x_wconf 87' lang='lat' dir='ltr'><strong>quis</strong></span> <span class='ocrx_word' id='word_1_180' title='bbox 562 1754 595 1780; x_wconf 89' lang='lat' dir='ltr'><strong>te</strong></span> <span class='ocrx_word' id='word_1_181' title='bbox 618 1747 654 1780; x_wconf 90' lang='lat' dir='ltr'><strong>in</strong></span> <span class='ocrx_word' id='word_1_182' title='bbox 681 1753 786 1791; x_wconf 81' lang='lat' dir='ltr'><strong>partu</strong></span> <span class='ocrx_word' id='word_1_183' title='bbox 811 1746 1023 1786; x_wconf 85' lang='lat' dir='ltr'><strong>adiuvabat,</strong></span> <span class='ocrx_word' id='word_1_184' title='bbox 1061 1759 1104 1779; x_wconf 84' lang='lat' dir='ltr'><strong>an</strong></span> 
     </span>
     <span class='ocr_line' id='line_1_35' title="bbox 502 1795 1105 1831; baseline 0 -1"><span class='ocrx_word' id='word_1_185' title='bbox 502 1799 574 1831; x_wconf 86' lang='lat' dir='ltr'><strong>sola</strong></span> <span class='ocrx_word' id='word_1_186' title='bbox 596 1798 792 1831; x_wconf 82' lang='lat' dir='ltr'><strong>sustinuisti</strong></span> <span class='ocrx_word' id='word_1_187' title='bbox 811 1795 905 1830; x_wconf 88' lang='lat' dir='ltr'><strong>hunc</strong></span> <span class='ocrx_word' id='word_1_188' title='bbox 921 1797 1105 1830; x_wconf 78' lang='lat' dir='ltr'><strong>laborem?</strong></span> 
     </span>
    </p>
   </div>
   <div class='ocr_carea' id='block_1_17' title="bbox 209 1888 1030 1956">
    <p class='ocr_par' dir='ltr' id='par_1_17' title="bbox 209 1888 1030 1956">
     <span class='ocr_line' id='line_1_36' title="bbox 211 1888 928 1922; baseline -0.001 -9"><span class='ocrx_word' id='word_1_189' title='bbox 211 1888 296 1914; x_wconf 79' lang='lat' dir='ltr'><strong>Cher.</strong></span> <span class='ocrx_word' id='word_1_190' title='bbox 316 1889 437 1921; x_wconf 80' lang='lat' dir='ltr'><strong>‚,El=eu‚</strong></span> <span class='ocrx_word' id='word_1_191' title='bbox 463 1896 579 1922; x_wconf 79' lang='lat' dir='ltr'><strong>maguus</strong></span> <span class='ocrx_word' id='word_1_192' title='bbox 600 1891 748 1915; x_wconf 82' lang='lat' dir='ltr'><strong>thesaurus</strong></span> <span class='ocrx_word' id='word_1_193' title='bbox 768 1892 796 1914; x_wconf 85' lang='lat' dir='ltr'><strong>ut</strong></span> <span class='ocrx_word' id='word_1_194' title='bbox 815 1893 928 1920; x_wconf 79' lang='lat' dir='ltr'><strong>apertus</strong></span> 
     </span>
     <span class='ocr_line' id='line_1_37' title="bbox 209 1923 1030 1956; baseline 0.002 -10"><span class='ocrx_word' id='word_1_195' title='bbox 209 1940 227 1954; x_wconf 85' lang='lat'><strong>„</strong></span> <span class='ocrx_word' id='word_1_196' title='bbox 237 1923 389 1953; x_wconf 82' lang='lat' dir='ltr'><strong>Malorum,</strong></span> <span class='ocrx_word' id='word_1_197' title='bbox 413 1926 526 1954; x_wconf 86' lang='lat' dir='ltr'><strong>propter</strong></span> <span class='ocrx_word' id='word_1_198' title='bbox 546 1931 615 1955; x_wconf 85' lang='lat' dir='ltr'><strong>quae</strong></span> <span class='ocrx_word' id='word_1_199' title='bbox 635 1925 726 1956; x_wconf 85' lang='lat' dir='ltr'><strong>quivis</strong></span> <span class='ocrx_word' id='word_1_200' title='bbox 745 1925 834 1949; x_wconf 85' lang='lat' dir='ltr'><strong>fundit</strong></span> <span class='ocrx_word' id='word_1_201' title='bbox 852 1923 1030 1955; x_wconf 66' lang='lat' dir='ltr'><strong>laelii-ymas?</strong></span> 
     </span>
    </p>
   </div>
   <div class='ocr_carea' id='block_1_18' title="bbox 141 1965 1104 1998">
    <p class='ocr_par' dir='ltr' id='par_1_18' title="bbox 141 1955 1132 2003">
     <span class='ocr_line' id='line_1_38' title="bbox 141 1965 1104 1998; baseline 0.001 -8"><span class='ocrx_word' id='word_1_202' title='bbox 141 1966 189 1994; x_wconf 77' lang='lat'><strong>9⁷)</strong></span> <span class='ocrx_word' id='word_1_203' title='bbox 209 1967 289 1995; x_wconf 72' lang='lat' dir='ltr'><strong>sm]</strong></span> <span class='ocrx_word' id='word_1_204' title='bbox 315 1965 338 1990; x_wconf 91' lang='lat' dir='ltr'><strong>o</strong></span> <span class='ocrx_word' id='word_1_205' title='bbox 364 1966 424 1990; x_wconf 84' lang='lat' dir='ltr'><strong>filia</strong></span> <span class='ocrx_word' id='word_1_206' title='bbox 442 1979 475 1984; x_wconf 82' lang='lat'>—</span> <span class='ocrx_word' id='word_1_207' title='bbox 494 1967 651 1991; x_wconf 74' lang='lat' dir='ltr'><strong>fatebimur.</strong></span> <span class='ocrx_word' id='word_1_208' title='bbox 681 1966 738 1998; x_wconf 76' lang='lat' dir='ltr'><strong>(vs.</strong></span> <span class='ocrx_word' id='word_1_209' title='bbox 758 1968 855 1991; x_wconf 74' lang='lat'>925—</span> <span class='ocrx_word' id='word_1_210' title='bbox 869 1967 959 1996; x_wconf 58' lang='lat'>9430]</span> <span class='ocrx_word' id='word_1_211' title='bbox 990 1969 1031 1992; x_wconf 79' lang='lat' dir='ltr'><strong>sic</strong></span> <span class='ocrx_word' id='word_1_212' title='bbox 1056 1970 1104 1992; x_wconf 66' lang='lat' dir='ltr'><strong>im.</strong></span> 
     </span>
    </p>
   </div>
   <div class='ocr_carea' id='block_1_19' title="bbox 178 2000 1077 2375">
    <p class='ocr_par' dir='ltr' id='par_1_19' title="bbox 178 2000 1077 2375">
     <span class='ocr_line' id='line_1_39' title="bbox 178 2000 452 2029; baseline 0.004 -5"><span class='ocrx_word' id='word_1_213' title='bbox 178 2001 267 2029; x_wconf 79' lang='lat'><strong>1562.;</strong></span> <span class='ocrx_word' id='word_1_214' title='bbox 293 2000 343 2024; x_wconf 87' lang='lat' dir='ltr'><strong>Ed.</strong></span> <span class='ocrx_word' id='word_1_215' title='bbox 360 2001 452 2025; x_wconf 79' lang='lat'><strong>1558.:</strong></span> 
     </span>
     <span class='ocr_line' id='line_1_40' title="bbox 210 2034 899 2066; baseline 0 -7"><span class='ocrx_word' id='word_1_216' title='bbox 210 2037 275 2059; x_wconf 75' lang='lat' dir='ltr'><strong>sen.</strong></span> <span class='ocrx_word' id='word_1_217' title='bbox 296 2034 318 2058; x_wconf 91' lang='grc' dir='ltr'><strong>Ο</strong></span> <span class='ocrx_word' id='word_1_218' title='bbox 337 2035 410 2065; x_wconf 82' lang='lat' dir='ltr'><strong>filia,</strong></span> <span class='ocrx_word' id='word_1_219' title='bbox 438 2041 493 2059; x_wconf 87' lang='lat' dir='ltr'><strong>non</strong></span> <span class='ocrx_word' id='word_1_220' title='bbox 512 2037 587 2059; x_wconf 88' lang='lat' dir='ltr'><strong>tuum</strong></span> <span class='ocrx_word' id='word_1_221' title='bbox 606 2035 766 2066; x_wconf 79' lang='lat' dir='ltr'><strong>adspiciens</strong></span> <span class='ocrx_word' id='word_1_222' title='bbox 786 2035 899 2065; x_wconf 85' lang='lat' dir='ltr'><strong>expleor</strong></span> 
     </span>
     <span class='ocr_line' id='line_1_41' title="bbox 209 2068 982 2099; baseline 0.005 -8"><span class='ocrx_word' id='word_1_223' title='bbox 209 2068 340 2099; x_wconf 62' lang='lat' dir='ltr'><strong>Vultum</strong></span> <span class='ocrx_word' id='word_1_224' title='bbox 365 2071 446 2093; x_wconf 84' lang='lat' dir='ltr'><strong>extra</strong></span> <span class='ocrx_word' id='word_1_225' title='bbox 464 2076 532 2094; x_wconf 90' lang='lat' dir='ltr'><strong>vero</strong></span> <span class='ocrx_word' id='word_1_226' title='bbox 551 2070 643 2093; x_wconf 81' lang='lat' dir='ltr'><strong>factus</strong></span> <span class='ocrx_word' id='word_1_227' title='bbox 663 2076 723 2094; x_wconf 84' lang='lat' dir='ltr'><strong>sum</strong></span> <span class='ocrx_word' id='word_1_228' title='bbox 742 2069 859 2093; x_wconf 81' lang='lat' dir='ltr'><strong>animum</strong></span> <span class='ocrx_word' id='word_1_229' title='bbox 878 2077 982 2098; x_wconf 76' lang='lat' dir='ltr'><strong>meum:</strong></span> 
     </span>
     <span class='ocr_line' id='line_1_42' title="bbox 208 2103 973 2137; baseline 0.004 -11"><span class='ocrx_word' id='word_1_230' title='bbox 208 2103 346 2127; x_wconf 82' lang='lat' dir='ltr'><strong>Malorum</strong></span> <span class='ocrx_word' id='word_1_231' title='bbox 364 2104 435 2127; x_wconf 89' lang='lat' dir='ltr'><strong>enim</strong></span> <span class='ocrx_word' id='word_1_232' title='bbox 454 2105 532 2128; x_wconf 83' lang='lat' dir='ltr'><strong>modo</strong></span> <span class='ocrx_word' id='word_1_233' title='bbox 551 2105 661 2128; x_wconf 82' lang='lat' dir='ltr'><strong>fluctum</strong></span> <span class='ocrx_word' id='word_1_234' title='bbox 680 2105 846 2128; x_wconf 82' lang='lat' dir='ltr'><strong>exhauriens</strong></span> <span class='ocrx_word' id='word_1_235' title='bbox 866 2105 973 2137; x_wconf 74' lang='lat' dir='ltr'><strong>animo,</strong></span> 
     </span>
     <span class='ocr_line' id='line_1_43' title="bbox 208 2138 895 2167; baseline 0.001 -6"><span class='ocrx_word' id='word_1_236' title='bbox 208 2138 232 2161; x_wconf 76' lang='lat' dir='ltr'>A</span> <span class='ocrx_word' id='word_1_237' title='bbox 252 2138 333 2167; x_wconf 87' lang='lat' dir='ltr'><strong>puppi</strong></span> <span class='ocrx_word' id='word_1_238' title='bbox 351 2138 426 2162; x_wconf 84' lang='lat' dir='ltr'><strong>tollit</strong></span> <span class='ocrx_word' id='word_1_239' title='bbox 444 2145 486 2162; x_wconf 78' lang='lat' dir='ltr'><strong>nie</strong></span> <span class='ocrx_word' id='word_1_240' title='bbox 504 2139 576 2163; x_wconf 84' lang='lat' dir='ltr'><strong>alius</strong></span> <span class='ocrx_word' id='word_1_241' title='bbox 596 2139 650 2163; x_wconf 86' lang='lat' dir='ltr'><strong>tuis</strong></span> <span class='ocrx_word' id='word_1_242' title='bbox 670 2144 687 2162; x_wconf 85' lang='lat' dir='ltr'><strong>a</strong></span> <span class='ocrx_word' id='word_1_243' title='bbox 705 2138 895 2165; x_wconf 77' lang='lat' dir='ltr'><strong>sermonibus,</strong></span> 
     </span>
     <span class='ocr_line' id='line_1_44' title="bbox 211 2171 782 2203; baseline 0 -8"><span class='ocrx_word' id='word_1_244' title='bbox 211 2173 286 2201; x_wconf 76' lang='lat' dir='ltr'><strong>Quos</strong></span> <span class='ocrx_word' id='word_1_245' title='bbox 306 2171 419 2196; x_wconf 82' lang='lat' dir='ltr'><strong>eliciens</strong></span> <span class='ocrx_word' id='word_1_246' title='bbox 439 2178 456 2196; x_wconf 85' lang='lat' dir='ltr'><strong>a</strong></span> <span class='ocrx_word' id='word_1_247' title='bbox 474 2173 666 2203; x_wconf 85' lang='lat' dir='ltr'><strong>praesentibus</strong></span> <span class='ocrx_word' id='word_1_248' title='bbox 685 2174 782 2201; x_wconf 74' lang='lat' dir='ltr'><strong>malis,</strong></span> 
     </span>
     <span class='ocr_line' id='line_1_45' title="bbox 210 2205 900 2233; baseline 0.001 -4"><span class='ocrx_word' id='word_1_249' title='bbox 210 2205 359 2230; x_wconf 68' lang='lat' dir='ltr'><strong>:transiisti</strong></span> <span class='ocrx_word' id='word_1_250' title='bbox 378 2207 494 2231; x_wconf 84' lang='lat' dir='ltr'><strong>aliorum</strong></span> <span class='ocrx_word' id='word_1_251' title='bbox 514 2208 648 2231; x_wconf 86' lang='lat' dir='ltr'><strong>malorum</strong></span> <span class='ocrx_word' id='word_1_252' title='bbox 667 2208 702 2231; x_wconf 83' lang='lat' dir='ltr'><strong>ad</strong></span> <span class='ocrx_word' id='word_1_253' title='bbox 721 2208 809 2230; x_wconf 85' lang='lat' dir='ltr'><strong>malas</strong></span> <span class='ocrx_word' id='word_1_254' title='bbox 828 2208 900 2233; x_wconf 75' lang='lat' dir='ltr'><strong>vias.</strong></span> 
     </span>
     <span class='ocr_line' id='line_1_46' title="bbox 210 2239 914 2272; baseline 0.003 -8"><span class='ocrx_word' id='word_1_255' title='bbox 210 2239 281 2270; x_wconf 81' lang='lat' dir='ltr'><strong>Quid</strong></span> <span class='ocrx_word' id='word_1_256' title='bbox 299 2239 366 2265; x_wconf 66' lang='lat' dir='ltr'><strong>ais?</strong></span> <span class='ocrx_word' id='word_1_257' title='bbox 392 2247 444 2271; x_wconf 82' lang='lat' dir='ltr'><strong>qua</strong></span> <span class='ocrx_word' id='word_1_258' title='bbox 462 2242 587 2265; x_wconf 85' lang='lat' dir='ltr'><strong>oratione</strong></span> <span class='ocrx_word' id='word_1_259' title='bbox 605 2242 760 2272; x_wconf 75' lang='lat' dir='ltr'><strong>Apollinem</strong></span> <span class='ocrx_word' id='word_1_260' title='bbox 780 2240 914 2266; x_wconf 69' lang='lat' dir='ltr'><strong>incusas?</strong></span> 
     </span>
     <span class='ocr_line' id='line_1_47' title="bbox 211 2273 1077 2306; baseline 0.003 -8"><span class='ocrx_word' id='word_1_261' title='bbox 211 2275 327 2304; x_wconf 77' lang='lat' dir='ltr'><strong>Qualem</strong></span> <span class='ocrx_word' id='word_1_262' title='bbox 345 2275 414 2299; x_wconf 86' lang='lat' dir='ltr'><strong>dicis</strong></span> <span class='ocrx_word' id='word_1_263' title='bbox 435 2276 578 2306; x_wconf 82' lang='lat' dir='ltr'><strong>peperisse</strong></span> <span class='ocrx_word' id='word_1_264' title='bbox 596 2273 702 2300; x_wconf 67' lang='lat' dir='ltr'><strong>filium?</strong></span> <span class='ocrx_word' id='word_1_265' title='bbox 728 2276 771 2300; x_wconf 83' lang='lat' dir='ltr'><strong>ubi</strong></span> <span class='ocrx_word' id='word_1_266' title='bbox 791 2277 938 2306; x_wconf 83' lang='lat' dir='ltr'><strong>posuissse</strong></span> <span class='ocrx_word' id='word_1_267' title='bbox 957 2278 1077 2302; x_wconf 78' lang='lat' dir='ltr'><strong>civitatis</strong></span> 
     </span>
     <span class='ocr_line' id='line_1_48' title="bbox 210 2307 911 2340; baseline 0.004 -8"><span class='ocrx_word' id='word_1_268' title='bbox 210 2309 291 2332; x_wconf 73' lang='lat' dir='ltr'><strong>Foris</strong></span> <span class='ocrx_word' id='word_1_269' title='bbox 309 2311 418 2340; x_wconf 81' lang='lat' dir='ltr'><strong>gratum</strong></span> <span class='ocrx_word' id='word_1_270' title='bbox 437 2307 567 2340; x_wconf 70' lang='lat' dir='ltr'><strong>epulum?</strong></span> <span class='ocrx_word' id='word_1_271' title='bbox 592 2315 714 2335; x_wconf 84' lang='lat' dir='ltr'><strong>memora</strong></span> <span class='ocrx_word' id='word_1_272' title='bbox 733 2310 796 2334; x_wconf 77' lang='lat' dir='ltr'><strong>inihi</strong></span> <span class='ocrx_word' id='word_1_273' title='bbox 815 2311 911 2335; x_wconf 86' lang='lat' dir='ltr'><strong>denuo.</strong></span> 
     </span>
     <span class='ocr_line' id='line_1_49' title="bbox 211 2342 1022 2375; baseline 0.004 -8"><span class='ocrx_word' id='word_1_274' title='bbox 211 2342 274 2368; x_wconf 74' lang='lat' dir='ltr'><strong>Cre.</strong></span> <span class='ocrx_word' id='word_1_275' title='bbox 294 2343 437 2368; x_wconf 83' lang='lat' dir='ltr'><strong>Revereor</strong></span> <span class='ocrx_word' id='word_1_276' title='bbox 457 2345 564 2374; x_wconf 82' lang='lat' dir='ltr'><strong>quidem</strong></span> <span class='ocrx_word' id='word_1_277' title='bbox 583 2347 625 2375; x_wconf 78' lang='lat' dir='ltr'><strong>te,</strong></span> <span class='ocrx_word' id='word_1_278' title='bbox 650 2352 666 2369; x_wconf 90' lang='lat' dir='ltr'><strong>o</strong></span> <span class='ocrx_word' id='word_1_279' title='bbox 685 2351 788 2374; x_wconf 79' lang='lat' dir='ltr'><strong>senex3</strong></span> <span class='ocrx_word' id='word_1_280' title='bbox 814 2346 902 2369; x_wconf 84' lang='lat' dir='ltr'><strong>dicam</strong></span> <span class='ocrx_word' id='word_1_281' title='bbox 923 2348 1022 2370; x_wconf 87' lang='lat' dir='ltr'><strong>tamen.</strong></span> 
     </span>
    </p>
   </div>
   <div class='ocr_carea' id='block_1_20' title="bbox 798 70 1625 115">
    <p class='ocr_par' dir='ltr' id='par_1_20' title="bbox 798 70 1625 115">
     <span class='ocr_line' id='line_1_50' title="bbox 798 70 1625 115; baseline 0.012 -11"><span class='ocrx_word' id='word_1_282' title='bbox 798 70 1197 109; x_wconf 79' lang='lat' dir='ltr'><strong>INTERPRETATIO</strong></span> <span class='ocrx_word' id='word_1_283' title='bbox 1224 75 1349 111; x_wconf 86' lang='lat' dir='ltr'><strong>10le</strong></span> <span class='ocrx_word' id='word_1_284' title='bbox 1375 77 1625 115; x_wconf 84' lang='lat' dir='ltr'><strong>EURIPIDIS.</strong></span> 
     </span>
    </p>
   </div>
   <div class='ocr_carea' id='block_1_21' title="bbox 210 2378 1129 2421">
    <p class='ocr_par' dir='ltr' id='par_1_21' title="bbox 210 2378 1129 2421">
     <span class='ocr_line' id='line_1_51' title="bbox 210 2378 1129 2421; baseline 0.004 -20"><span class='ocrx_word' id='word_1_285' title='bbox 210 2379 275 2402; x_wconf 65' lang='lat' dir='ltr'><strong>Sen.</strong></span> <span class='ocrx_word' id='word_1_286' title='bbox 296 2393 315 2407; x_wconf 74' lang='lat'><strong>,‚</strong></span> <span class='ocrx_word' id='word_1_287' title='bbox 325 2378 459 2407; x_wconf 85' lang='lat' dir='ltr'><strong>Quoniam</strong></span> <span class='ocrx_word' id='word_1_288' title='bbox 472 2379 594 2403; x_wconf 84' lang='lat' dir='ltr'><strong>dolorem</strong></span> <span class='ocrx_word' id='word_1_289' title='bbox 608 2380 684 2404; x_wconf 85' lang='lat' dir='ltr'><strong>ferre</strong></span> <span class='ocrx_word' id='word_1_290' title='bbox 696 2380 759 2403; x_wconf 87' lang='lat' dir='ltr'><strong>novi</strong></span> <span class='ocrx_word' id='word_1_291' title='bbox 774 2386 911 2410; x_wconf 77' lang='lat' dir='ltr'><strong>generose</strong></span> <span class='ocrx_word' id='word_1_292' title='bbox 924 2388 982 2405; x_wconf 78' lang='lat' dir='ltr'><strong>cuin</strong></span> <span class='ocrx_word' id='word_1_293' title='bbox 997 2382 1100 2406; x_wconf 75' lang='lat' dir='ltr'><strong>amicis.</strong></span> <span class='ocrx_word' id='word_1_294' title='bbox 1127 2411 1129 2421; x_wconf 45' lang='grc' dir='ltr'>Ι</span> 
     </span>
    </p>
   </div>
   <div class='ocr_carea' id='block_1_22' title="bbox 209 2412 966 2545">
    <p class='ocr_par' dir='ltr' id='par_1_22' title="bbox 209 2412 966 2477">
     <span class='ocr_line' id='line_1_52' title="bbox 211 2412 966 2444; baseline 0.003 -7"><span class='ocrx_word' id='word_1_295' title='bbox 211 2412 275 2437; x_wconf 83' lang='lat' dir='ltr'><strong>Cre.</strong></span> <span class='ocrx_word' id='word_1_296' title='bbox 295 2412 365 2435; x_wconf 82' lang='lat' dir='ltr'><strong>Audi</strong></span> <span class='ocrx_word' id='word_1_297' title='bbox 384 2418 456 2436; x_wconf 83' lang='lat' dir='ltr'><strong>nunc</strong></span> <span class='ocrx_word' id='word_1_298' title='bbox 474 2412 543 2443; x_wconf 83' lang='lat' dir='ltr'><strong>iam;</strong></span> <span class='ocrx_word' id='word_1_299' title='bbox 574 2414 678 2438; x_wconf 82' lang='lat' dir='ltr'><strong>novisti</strong></span> <span class='ocrx_word' id='word_1_300' title='bbox 698 2414 851 2444; x_wconf 84' lang='lat' dir='ltr'><strong>Cecropiae</strong></span> <span class='ocrx_word' id='word_1_301' title='bbox 871 2417 966 2444; x_wconf 78' lang='lat' dir='ltr'><strong>petrae</strong></span> 
     </span>
     <span class='ocr_line' id='line_1_53' title="bbox 209 2446 863 2477; baseline 0.005 -8"><span class='ocrx_word' id='word_1_302' title='bbox 209 2446 327 2470; x_wconf 84' lang='lat' dir='ltr'><strong>Boreale</strong></span> <span class='ocrx_word' id='word_1_303' title='bbox 345 2447 454 2470; x_wconf 80' lang='lat' dir='ltr'><strong>antrum</strong></span> <span class='ocrx_word' id='word_1_304' title='bbox 466 2463 473 2474; x_wconf 83' lang='grc'>,</span> <span class='ocrx_word' id='word_1_305' title='bbox 498 2452 566 2477; x_wconf 85' lang='lat' dir='ltr'><strong>quas</strong></span> <span class='ocrx_word' id='word_1_306' title='bbox 585 2449 694 2472; x_wconf 83' lang='lat' dir='ltr'><strong>Macras</strong></span> <span class='ocrx_word' id='word_1_307' title='bbox 713 2446 863 2473; x_wconf 76' lang='lat' dir='ltr'><strong>vocamus?</strong></span> 
     </span>
    </p>

    <p class='ocr_par' dir='ltr' id='par_1_23' title="bbox 211 2480 888 2545">
     <span class='ocr_line' id='line_1_54' title="bbox 211 2480 888 2513; baseline 0.003 -8"><span class='ocrx_word' id='word_1_308' title='bbox 211 2482 276 2505; x_wconf 81' lang='lat' dir='ltr'><strong>sen.</strong></span> <span class='ocrx_word' id='word_1_309' title='bbox 295 2480 382 2509; x_wconf 77' lang='lat' dir='ltr'><strong>Novi,</strong></span> <span class='ocrx_word' id='word_1_310' title='bbox 401 2481 445 2504; x_wconf 88' lang='lat' dir='ltr'><strong>ubi</strong></span> <span class='ocrx_word' id='word_1_311' title='bbox 464 2481 549 2504; x_wconf 83' lang='lat' dir='ltr'><strong>Panis</strong></span> <span class='ocrx_word' id='word_1_312' title='bbox 567 2484 648 2506; x_wconf 84' lang='lat' dir='ltr'><strong>antra</strong></span> <span class='ocrx_word' id='word_1_313' title='bbox 667 2484 693 2506; x_wconf 86' lang='lat' dir='ltr'><strong>et</strong></span> <span class='ocrx_word' id='word_1_314' title='bbox 710 2488 776 2507; x_wconf 85' lang='lat' dir='ltr'><strong>arae</strong></span> <span class='ocrx_word' id='word_1_315' title='bbox 794 2489 888 2513; x_wconf 86' lang='lat' dir='ltr'><strong>prope.</strong></span> 
     </span>
     <span class='ocr_line' id='line_1_55' title="bbox 212 2515 790 2545; baseline 0.002 -6"><span class='ocrx_word' id='word_1_316' title='bbox 212 2515 275 2539; x_wconf 80' lang='lat' dir='ltr'><strong>Cre.</strong></span> <span class='ocrx_word' id='word_1_317' title='bbox 295 2515 334 2538; x_wconf 84' lang='lat' dir='ltr'><strong>lbi</strong></span> <span class='ocrx_word' id='word_1_318' title='bbox 351 2516 489 2539; x_wconf 82' lang='lat' dir='ltr'><strong>certamen</strong></span> <span class='ocrx_word' id='word_1_319' title='bbox 511 2521 596 2545; x_wconf 73' lang='lat' dir='ltr'><strong>grave</strong></span> <span class='ocrx_word' id='word_1_320' title='bbox 614 2517 790 2541; x_wconf 84' lang='lat' dir='ltr'><strong>certavimus.</strong></span> 
     </span>
    </p>
   </div>
   <div class='ocr_carea' id='block_1_23' title="bbox 213 2546 1128 2585">
    <p class='ocr_par' dir='ltr' id='par_1_24' title="bbox 213 2546 1128 2585">
     <span class='ocr_line' id='line_1_56' title="bbox 213 2546 1128 2585; baseline 0.004 -13"><span class='ocrx_word' id='word_1_321' title='bbox 213 2550 276 2573; x_wconf 84' lang='lat' dir='ltr'><strong>Sen.</strong></span> <span class='ocrx_word' id='word_1_322' title='bbox 303 2546 403 2579; x_wconf 77' lang='lat' dir='ltr'><strong>Quod?</strong></span> <span class='ocrx_word' id='word_1_323' title='bbox 433 2550 559 2580; x_wconf 87' lang='lat' dir='ltr'><strong>quoniam</strong></span> <span class='ocrx_word' id='word_1_324' title='bbox 585 2551 693 2575; x_wconf 83' lang='lat' dir='ltr'><strong>obviam</strong></span> <span class='ocrx_word' id='word_1_325' title='bbox 719 2552 832 2575; x_wconf 83' lang='lat' dir='ltr'><strong>veniunt</strong></span> <span class='ocrx_word' id='word_1_326' title='bbox 858 2553 1017 2583; x_wconf 73' lang='lat' dir='ltr'><strong>lachrymae</strong></span> <span class='ocrx_word' id='word_1_327' title='bbox 1039 2553 1101 2576; x_wconf 79' lang='lat' dir='ltr'><strong>milii</strong></span> <span class='ocrx_word' id='word_1_328' title='bbox 1127 2581 1128 2585; x_wconf 15' lang='grc' dir='ltr'><strong>Ἰ</strong></span> 
     </span>
    </p>
   </div>
   <div class='ocr_carea' id='block_1_24' title="bbox 214 2584 1040 2719">
    <p class='ocr_par' dir='ltr' id='par_1_25' title="bbox 214 2584 1040 2719">
     <span class='ocr_line' id='line_1_57' title="bbox 520 2584 684 2608; baseline 0.006 -1"><span class='ocrx_word' id='word_1_329' title='bbox 520 2584 574 2607; x_wconf 87' lang='lat' dir='ltr'><strong>tuis</strong></span> <span class='ocrx_word' id='word_1_330' title='bbox 595 2584 684 2608; x_wconf 82' lang='lat' dir='ltr'><strong>dictis.</strong></span> 
     </span>
     <span class='ocr_line' id='line_1_58' title="bbox 214 2616 1014 2650; baseline 0.006 -10"><span class='ocrx_word' id='word_1_331' title='bbox 214 2616 277 2641; x_wconf 71' lang='lat' dir='ltr'><strong>Ure.</strong></span> <span class='ocrx_word' id='word_1_332' title='bbox 300 2617 366 2641; x_wconf 88' lang='lat' dir='ltr'><strong>Cum</strong></span> <span class='ocrx_word' id='word_1_333' title='bbox 386 2617 494 2641; x_wconf 76' lang='lat' dir='ltr'><strong>Phoebo</strong></span> <span class='ocrx_word' id='word_1_334' title='bbox 512 2619 637 2642; x_wconf 84' lang='lat' dir='ltr'><strong>contraxi</strong></span> <span class='ocrx_word' id='word_1_335' title='bbox 656 2619 742 2643; x_wconf 88' lang='lat' dir='ltr'><strong>invita</strong></span> <span class='ocrx_word' id='word_1_336' title='bbox 758 2621 868 2650; x_wconf 78' lang='lat' dir='ltr'><strong>nuptias</strong></span> <span class='ocrx_word' id='word_1_337' title='bbox 889 2621 1014 2645; x_wconf 81' lang='lat' dir='ltr'><strong>miseras.</strong></span> 
     </span>
     <span class='ocr_line' id='line_1_59' title="bbox 214 2652 1040 2686; baseline 0.005 -11"><span class='ocrx_word' id='word_1_338' title='bbox 214 2653 279 2676; x_wconf 80' lang='lat' dir='ltr'><strong>Sen.</strong></span> <span class='ocrx_word' id='word_1_339' title='bbox 299 2652 320 2676; x_wconf 91' lang='lat'>0</span> <span class='ocrx_word' id='word_1_340' title='bbox 339 2652 414 2679; x_wconf 77' lang='lat' dir='ltr'><strong>filia,</strong></span> <span class='ocrx_word' id='word_1_341' title='bbox 442 2652 567 2675; x_wconf 84' lang='lat' dir='ltr'><strong>nimirum</strong></span> <span class='ocrx_word' id='word_1_342' title='bbox 589 2654 670 2676; x_wconf 86' lang='lat' dir='ltr'><strong>erunt</strong></span> <span class='ocrx_word' id='word_1_343' title='bbox 687 2654 769 2681; x_wconf 81' lang='lat' dir='ltr'><strong>haec,</strong></span> <span class='ocrx_word' id='word_1_344' title='bbox 796 2661 865 2683; x_wconf 83' lang='lat' dir='ltr'><strong>quae</strong></span> <span class='ocrx_word' id='word_1_345' title='bbox 884 2657 959 2679; x_wconf 84' lang='lat' dir='ltr'><strong>sensi</strong></span> <span class='ocrx_word' id='word_1_346' title='bbox 982 2662 1040 2686; x_wconf 67' lang='lat' dir='ltr'><strong>ego.</strong></span> 
     </span>
     <span class='ocr_line' id='line_1_60' title="bbox 215 2685 922 2719; baseline 0.006 -10"><span class='ocrx_word' id='word_1_347' title='bbox 215 2685 279 2711; x_wconf 83' lang='lat' dir='ltr'><strong>Cre.</strong></span> <span class='ocrx_word' id='word_1_348' title='bbox 297 2686 413 2717; x_wconf 82' lang='lat' dir='ltr'><strong>Nescio;</strong></span> <span class='ocrx_word' id='word_1_349' title='bbox 438 2693 505 2710; x_wconf 81' lang='lat' dir='ltr'><strong>vera</strong></span> <span class='ocrx_word' id='word_1_350' title='bbox 524 2693 591 2711; x_wconf 82' lang='lat' dir='ltr'><strong>vero</strong></span> <span class='ocrx_word' id='word_1_351' title='bbox 612 2687 636 2710; x_wconf 88' lang='lat' dir='ltr'><strong>si</strong></span> <span class='ocrx_word' id='word_1_352' title='bbox 654 2687 741 2719; x_wconf 78' lang='lat' dir='ltr'><strong>dicis,</strong></span> <span class='ocrx_word' id='word_1_353' title='bbox 766 2689 922 2713; x_wconf 76' lang='lat' dir='ltr'><strong>fatebimur.</strong></span> 
     </span>
    </p>
   </div>
   <div class='ocr_carea' id='block_1_25' title="bbox 1126 2667 1128 2680">
    <p class='ocr_par' dir='ltr' id='par_1_26' title="bbox 1126 2667 1128 2680">
     <span class='ocr_line' id='line_1_61' title="bbox 1126 2667 1128 2680; baseline 0 0"><span class='ocrx_word' id='word_1_354' title='bbox 1126 2667 1128 2680; x_wconf 68' lang='lat' dir='ltr'><strong>i</strong></span> 
     </span>
    </p>
   </div>
   <div class='ocr_carea' id='block_1_26' title="bbox 2064 89 2160 123">
    <p class='ocr_par' dir='ltr' id='par_1_27' title="bbox 2064 89 2160 123">
     <span class='ocr_line' id='line_1_62' title="bbox 2064 89 2160 123; baseline 0.031 -3"><span class='ocrx_word' id='word_1_355' title='bbox 2064 89 2160 123; x_wconf 80' lang='lat'>1054</span> 
     </span>
    </p>
   </div>
   <div class='ocr_carea' id='block_1_27' title="bbox 1132 163 2157 1583">
    <p class='ocr_par' dir='ltr' id='par_1_28' title="bbox 1132 163 2157 1583">
     <span class='ocr_line' id='line_1_63' title="bbox 1214 163 2012 214; baseline 0.014 -18"><span class='ocrx_word' id='word_1_356' title='bbox 1214 166 1286 197; x_wconf 84' lang='lat' dir='ltr'><strong>Cre.</strong></span> <span class='ocrx_word' id='word_1_357' title='bbox 1316 163 1398 197; x_wconf 82' lang='lat' dir='ltr'><strong>Sola</strong></span> <span class='ocrx_word' id='word_1_358' title='bbox 1418 165 1455 197; x_wconf 90' lang='lat' dir='ltr'><strong>in</strong></span> <span class='ocrx_word' id='word_1_359' title='bbox 1474 173 1598 205; x_wconf 77' lang='lat' dir='ltr'><strong>antro,</strong></span> <span class='ocrx_word' id='word_1_360' title='bbox 1626 167 1685 200; x_wconf 86' lang='lat' dir='ltr'><strong>ubi</strong></span> <span class='ocrx_word' id='word_1_361' title='bbox 1706 180 1906 214; x_wconf 86' lang='lat' dir='ltr'><strong>compressa</strong></span> <span class='ocrx_word' id='word_1_362' title='bbox 1924 186 2012 207; x_wconf 87' lang='lat' dir='ltr'><strong>sum.</strong></span> 
     </span>
     <span class='ocr_line' id='line_1_64' title="bbox 1161 213 2095 258; baseline 0.013 -12"><span class='ocrx_word' id='word_1_363' title='bbox 1161 213 1235 247; x_wconf 88' lang='lat'><strong>950</strong></span> <span class='ocrx_word' id='word_1_364' title='bbox 1260 217 1342 249; x_wconf 78' lang='lat' dir='ltr'><strong>sen.</strong></span> <span class='ocrx_word' id='word_1_365' title='bbox 1370 215 1465 249; x_wconf 88' lang='lat' dir='ltr'><strong>Puer</strong></span> <span class='ocrx_word' id='word_1_366' title='bbox 1482 217 1544 250; x_wconf 86' lang='lat' dir='ltr'><strong>ubi</strong></span> <span class='ocrx_word' id='word_1_367' title='bbox 1560 223 1628 258; x_wconf 89' lang='lat' dir='ltr'><strong>est,</strong></span> <span class='ocrx_word' id='word_1_368' title='bbox 1655 225 1695 252; x_wconf 86' lang='lat' dir='ltr'><strong>ut</strong></span> <span class='ocrx_word' id='word_1_369' title='bbox 1710 232 1784 253; x_wconf 90' lang='lat' dir='ltr'><strong>non</strong></span> <span class='ocrx_word' id='word_1_370' title='bbox 1799 222 1844 255; x_wconf 91' lang='lat' dir='ltr'><strong>sis</strong></span> <span class='ocrx_word' id='word_1_371' title='bbox 1861 223 1936 257; x_wconf 87' lang='lat' dir='ltr'><strong>sine</strong></span> <span class='ocrx_word' id='word_1_372' title='bbox 1952 224 2095 258; x_wconf 82' lang='lat' dir='ltr'><strong>liberis?</strong></span> 
     </span>
     <span class='ocr_line' id='line_1_65' title="bbox 1212 267 1900 313; baseline 0.013 -15"><span class='ocrx_word' id='word_1_373' title='bbox 1212 267 1285 299; x_wconf 84' lang='lat' dir='ltr'><strong>Cre.</strong></span> <span class='ocrx_word' id='word_1_374' title='bbox 1316 267 1482 302; x_wconf 82' lang='lat' dir='ltr'><strong>Mortuus</strong></span> <span class='ocrx_word' id='word_1_375' title='bbox 1502 276 1552 302; x_wconf 83' lang='lat' dir='ltr'><strong>est</strong></span> <span class='ocrx_word' id='word_1_376' title='bbox 1572 270 1750 313; x_wconf 86' lang='lat' dir='ltr'><strong>expositus</strong></span> <span class='ocrx_word' id='word_1_377' title='bbox 1771 273 1900 307; x_wconf 68' lang='lat' dir='ltr'><strong>bestiis.</strong></span> 
     </span>
     <span class='ocr_line' id='line_1_66' title="bbox 1212 318 2156 370; baseline 0.012 -21"><span class='ocrx_word' id='word_1_378' title='bbox 1212 318 1291 350; x_wconf 69' lang='lat' dir='ltr'><strong>Seu.</strong></span> <span class='ocrx_word' id='word_1_379' title='bbox 1327 318 1491 353; x_wconf 80' lang='lat' dir='ltr'><strong>Mortuus</strong></span> <span class='ocrx_word' id='word_1_380' title='bbox 1526 327 1594 360; x_wconf 83' lang='lat' dir='ltr'><strong>est,</strong></span> <span class='ocrx_word' id='word_1_381' title='bbox 1639 333 1684 354; x_wconf 84' lang='lat' dir='ltr'><strong>an</strong></span> <span class='ocrx_word' id='word_1_382' title='bbox 1714 323 1844 367; x_wconf 90' lang='lat' dir='ltr'><strong>Apollo</strong></span> <span class='ocrx_word' id='word_1_383' title='bbox 1879 326 2036 370; x_wconf 83' lang='lat' dir='ltr'><strong>ingratus</strong></span> <span class='ocrx_word' id='word_1_384' title='bbox 2067 325 2156 360; x_wconf 86' lang='lat' dir='ltr'><strong>nihil</strong></span> 
     </span>
     <span class='ocr_line' id='line_1_67' title="bbox 1571 373 1730 416; baseline 0.006 -12"><span class='ocrx_word' id='word_1_385' title='bbox 1571 373 1730 416; x_wconf 75' lang='lat' dir='ltr'><strong>profuit?</strong></span> 
     </span>
     <span class='ocr_line' id='line_1_68' title="bbox 1213 418 2156 474; baseline 0.011 -21"><span class='ocrx_word' id='word_1_386' title='bbox 1213 421 1285 453; x_wconf 87' lang='lat' dir='ltr'><strong>Cre.</strong></span> <span class='ocrx_word' id='word_1_387' title='bbox 1321 418 1417 453; x_wconf 85' lang='lat' dir='ltr'><strong>Nihil</strong></span> <span class='ocrx_word' id='word_1_388' title='bbox 1444 422 1551 463; x_wconf 81' lang='lat' dir='ltr'><strong>iuvit,</strong></span> <span class='ocrx_word' id='word_1_389' title='bbox 1593 424 1653 456; x_wconf 89' lang='lat' dir='ltr'><strong>sed</strong></span> <span class='ocrx_word' id='word_1_390' title='bbox 1679 425 1869 469; x_wconf 84' lang='lat' dir='ltr'><strong>castigatur</strong></span> <span class='ocrx_word' id='word_1_391' title='bbox 1896 428 1930 460; x_wconf 92' lang='lat' dir='ltr'><strong>in</strong></span> <span class='ocrx_word' id='word_1_392' title='bbox 1959 430 2066 462; x_wconf 84' lang='lat' dir='ltr'><strong>domo</strong></span> <span class='ocrx_word' id='word_1_393' title='bbox 2094 443 2156 474; x_wconf 92' lang='lat' dir='ltr'><strong>pu-</strong></span> 
     </span>
     <span class='ocr_line' id='line_1_69' title="bbox 1572 475 1681 508; baseline 0.018 -2"><span class='ocrx_word' id='word_1_394' title='bbox 1572 475 1681 508; x_wconf 89' lang='lat' dir='ltr'><strong>doris.</strong></span> 
     </span>
     <span class='ocr_line' id='line_1_70' title="bbox 1210 521 2156 577; baseline 0.014 -24"><span class='ocrx_word' id='word_1_395' title='bbox 1210 522 1291 554; x_wconf 82' lang='lat' dir='ltr'><strong>Sen.</strong></span> <span class='ocrx_word' id='word_1_396' title='bbox 1309 521 1398 566; x_wconf 88' lang='lat' dir='ltr'><strong>Quis</strong></span> <span class='ocrx_word' id='word_1_397' title='bbox 1411 522 1525 566; x_wconf 88' lang='lat' dir='ltr'><strong>ipsum</strong></span> <span class='ocrx_word' id='word_1_398' title='bbox 1541 526 1727 568; x_wconf 79' lang='lat' dir='ltr'><strong>exposuit?</strong></span> <span class='ocrx_word' id='word_1_399' title='bbox 1742 539 1814 559; x_wconf 91' lang='lat' dir='ltr'><strong>nou</strong></span> <span class='ocrx_word' id='word_1_400' title='bbox 1835 529 1927 562; x_wconf 88' lang='lat' dir='ltr'><strong>enim</strong></span> <span class='ocrx_word' id='word_1_401' title='bbox 1946 537 1983 563; x_wconf 88' lang='lat' dir='ltr'><strong>tu</strong></span> <span class='ocrx_word' id='word_1_402' title='bbox 2001 532 2156 577; x_wconf 87' lang='lat' dir='ltr'><strong>quidem.</strong></span> 
     </span>
     <span class='ocr_line' id='line_1_71' title="bbox 1132 570 2104 626; baseline 0.012 -22"><span class='ocrx_word' id='word_1_403' title='bbox 1132 587 1134 617; x_wconf 47' lang='grc' dir='ltr'><strong><em>ξ</em></strong></span> <span class='ocrx_word' id='word_1_404' title='bbox 1160 570 1234 605; x_wconf 87' lang='grc'><strong>955</strong></span> <span class='ocrx_word' id='word_1_405' title='bbox 1264 574 1337 607; x_wconf 82' lang='lat' dir='ltr'><strong>Cre.</strong></span> <span class='ocrx_word' id='word_1_406' title='bbox 1365 572 1438 606; x_wconf 84' lang='lat' dir='ltr'><strong>Nos</strong></span> <span class='ocrx_word' id='word_1_407' title='bbox 1455 581 1558 607; x_wconf 87' lang='lat' dir='ltr'><strong>nocte</strong></span> <span class='ocrx_word' id='word_1_408' title='bbox 1577 577 1723 609; x_wconf 88' lang='lat' dir='ltr'><strong>obscura</strong></span> <span class='ocrx_word' id='word_1_409' title='bbox 1742 578 1963 614; x_wconf 74' lang='lat' dir='ltr'><strong>involventes</strong></span> <span class='ocrx_word' id='word_1_410' title='bbox 1983 583 2104 626; x_wconf 80' lang='lat' dir='ltr'><strong>peplis.</strong></span> 
     </span>
     <span class='ocr_line' id='line_1_72' title="bbox 1211 623 2114 673; baseline 0.012 -18"><span class='ocrx_word' id='word_1_411' title='bbox 1211 626 1292 658; x_wconf 82' lang='lat' dir='ltr'><strong>Sen.</strong></span> <span class='ocrx_word' id='word_1_412' title='bbox 1320 623 1435 657; x_wconf 79' lang='lat' dir='ltr'><strong>Nemo</strong></span> <span class='ocrx_word' id='word_1_413' title='bbox 1455 626 1614 660; x_wconf 90' lang='lat' dir='ltr'><strong>conscius</strong></span> <span class='ocrx_word' id='word_1_414' title='bbox 1630 627 1695 660; x_wconf 89' lang='lat' dir='ltr'><strong>tibi</strong></span> <span class='ocrx_word' id='word_1_415' title='bbox 1711 635 1761 661; x_wconf 88' lang='lat' dir='ltr'><strong>est</strong></span> <span class='ocrx_word' id='word_1_416' title='bbox 1781 631 2010 673; x_wconf 84' lang='lat' dir='ltr'><strong>expositionis</strong></span> <span class='ocrx_word' id='word_1_417' title='bbox 2026 634 2114 666; x_wconf 81' lang='lat' dir='ltr'><strong>filii?</strong></span> 
     </span>
     <span class='ocr_line' id='line_1_73' title="bbox 1212 673 2129 722; baseline 0.01 -13"><span class='ocrx_word' id='word_1_418' title='bbox 1212 678 1285 709; x_wconf 83' lang='lat' dir='ltr'><strong>Cre.</strong></span> <span class='ocrx_word' id='word_1_419' title='bbox 1311 673 1389 719; x_wconf 83' lang='lat' dir='ltr'><strong>Ipsa</strong></span> <span class='ocrx_word' id='word_1_420' title='bbox 1408 676 1611 717; x_wconf 86' lang='lat' dir='ltr'><strong>calamitas,</strong></span> <span class='ocrx_word' id='word_1_421' title='bbox 1640 684 1673 710; x_wconf 86' lang='lat' dir='ltr'><strong>et</strong></span> <span class='ocrx_word' id='word_1_422' title='bbox 1690 679 1787 722; x_wconf 84' lang='lat' dir='ltr'><strong>ipsae</strong></span> <span class='ocrx_word' id='word_1_423' title='bbox 1804 681 1959 716; x_wconf 89' lang='lat' dir='ltr'><strong>latebrae</strong></span> <span class='ocrx_word' id='word_1_424' title='bbox 1979 691 2129 719; x_wconf 84' lang='lat' dir='ltr'><strong>tantum.</strong></span> 
     </span>
     <span class='ocr_line' id='line_1_74' title="bbox 1210 726 2155 782; baseline 0.01 -21"><span class='ocrx_word' id='word_1_425' title='bbox 1210 729 1292 761; x_wconf 81' lang='lat' dir='ltr'><strong>Sen.</strong></span> <span class='ocrx_word' id='word_1_426' title='bbox 1320 726 1364 759; x_wconf 86' lang='lat' dir='ltr'><strong>Et</strong></span> <span class='ocrx_word' id='word_1_427' title='bbox 1381 728 1564 772; x_wconf 85' lang='lat' dir='ltr'><strong>quomodo</strong></span> <span class='ocrx_word' id='word_1_428' title='bbox 1589 728 1626 761; x_wconf 89' lang='lat' dir='ltr'><strong>in</strong></span> <span class='ocrx_word' id='word_1_429' title='bbox 1651 735 1754 762; x_wconf 85' lang='lat' dir='ltr'><strong>antro</strong></span> <span class='ocrx_word' id='word_1_430' title='bbox 1779 744 1929 775; x_wconf 88' lang='lat' dir='ltr'><strong>puerum</strong></span> <span class='ocrx_word' id='word_1_431' title='bbox 1953 735 2155 782; x_wconf 87' lang='lat' dir='ltr'><strong>relinquere</strong></span> 
     </span>
     <span class='ocr_line' id='line_1_75' title="bbox 1572 780 1741 815; baseline 0.006 -3"><span class='ocrx_word' id='word_1_432' title='bbox 1572 791 1656 814; x_wconf 90' lang='lat' dir='ltr'><strong>ausa</strong></span> <span class='ocrx_word' id='word_1_433' title='bbox 1680 780 1741 815; x_wconf 88' lang='lat' dir='ltr'><strong>es?</strong></span> 
     </span>
     <span class='ocr_line' id='line_1_76' title="bbox 1132 829 2039 880; baseline 0.01 -18"><span class='ocrx_word' id='word_1_434' title='bbox 1132 867 1133 880; x_wconf 16' lang='grc' dir='ltr'><strong>χ</strong></span> <span class='ocrx_word' id='word_1_435' title='bbox 1212 831 1284 863; x_wconf 81' lang='lat' dir='ltr'><strong>cre.</strong></span> <span class='ocrx_word' id='word_1_436' title='bbox 1315 829 1534 874; x_wconf 76' lang='lat' dir='ltr'><strong>Quomodo?</strong></span> <span class='ocrx_word' id='word_1_437' title='bbox 1563 831 1682 864; x_wconf 83' lang='lat' dir='ltr'><strong>dicent</strong></span> <span class='ocrx_word' id='word_1_438' title='bbox 1697 833 1809 865; x_wconf 87' lang='lat' dir='ltr'><strong>multa</strong></span> <span class='ocrx_word' id='word_1_439' title='bbox 1826 836 2039 871; x_wconf 87' lang='lat' dir='ltr'><strong>miseranda.</strong></span> 
     </span>
     <span class='ocr_line' id='line_1_77' title="bbox 1132 878 2155 923; baseline 0.011 -12"><span class='ocrx_word' id='word_1_440' title='bbox 1132 883 1133 911; x_wconf 62' lang='lat' dir='ltr'><strong>i</strong></span> <span class='ocrx_word' id='word_1_441' title='bbox 1159 878 1234 913; x_wconf 82' lang='grc'><strong>960</strong></span> <span class='ocrx_word' id='word_1_442' title='bbox 1262 882 1343 915; x_wconf 70' lang='lat' dir='ltr'><strong>Seu.</strong></span> <span class='ocrx_word' id='word_1_443' title='bbox 1372 880 1405 914; x_wconf 89' lang='lat' dir='ltr'>O</span> <span class='ocrx_word' id='word_1_444' title='bbox 1426 887 1458 914; x_wconf 91' lang='lat' dir='ltr'><strong>te</strong></span> <span class='ocrx_word' id='word_1_445' title='bbox 1477 883 1662 916; x_wconf 78' lang='lat' dir='ltr'><strong>audacem!</strong></span> <span class='ocrx_word' id='word_1_446' title='bbox 1698 883 1794 918; x_wconf 88' lang='lat' dir='ltr'><strong>Deus</strong></span> <span class='ocrx_word' id='word_1_447' title='bbox 1813 893 1930 920; x_wconf 86' lang='lat' dir='ltr'><strong>autem</strong></span> <span class='ocrx_word' id='word_1_448' title='bbox 1957 889 2081 922; x_wconf 86' lang='lat' dir='ltr'><strong>durior</strong></span> <span class='ocrx_word' id='word_1_449' title='bbox 2107 896 2155 923; x_wconf 82' lang='lat' dir='ltr'><strong>est</strong></span> 
     </span>
     <span class='ocr_line' id='line_1_78' title="bbox 1575 941 1754 979; baseline 0.017 -13"><span class='ocrx_word' id='word_1_450' title='bbox 1575 946 1682 979; x_wconf 90' lang='lat' dir='ltr'><strong>quam</strong></span> <span class='ocrx_word' id='word_1_451' title='bbox 1705 941 1754 969; x_wconf 92' lang='lat' dir='ltr'><strong>tu.</strong></span> 
     </span>
     <span class='ocr_line' id='line_1_79' title="bbox 1212 983 2156 1034; baseline 0.007 -17"><span class='ocrx_word' id='word_1_452' title='bbox 1212 985 1284 1017; x_wconf 83' lang='lat' dir='ltr'><strong>Cre.</strong></span> <span class='ocrx_word' id='word_1_453' title='bbox 1324 983 1359 1015; x_wconf 90' lang='lat' dir='ltr'><strong>Si</strong></span> <span class='ocrx_word' id='word_1_454' title='bbox 1395 996 1544 1027; x_wconf 86' lang='lat' dir='ltr'><strong>puerum</strong></span> <span class='ocrx_word' id='word_1_455' title='bbox 1579 985 1724 1019; x_wconf 79' lang='lat' dir='ltr'><strong>vidisses</strong></span> <span class='ocrx_word' id='word_1_456' title='bbox 1757 998 1883 1022; x_wconf 87' lang='lat' dir='ltr'><strong>manus</strong></span> <span class='ocrx_word' id='word_1_457' title='bbox 1915 991 2156 1034; x_wconf 82' lang='lat' dir='ltr'><strong>porrigentem</strong></span> 
     </span>
     <span class='ocr_line' id='line_1_80' title="bbox 1570 1034 1670 1070; baseline 0.02 -2"><span class='ocrx_word' id='word_1_458' title='bbox 1570 1034 1670 1070; x_wconf 85' lang='lat' dir='ltr'><strong>mihi.</strong></span> 
     </span>
     <span class='ocr_line' id='line_1_81' title="bbox 1211 1085 2157 1130; baseline 0.008 -11"><span class='ocrx_word' id='word_1_459' title='bbox 1211 1087 1291 1119; x_wconf 73' lang='lat' dir='ltr'><strong>Seu.</strong></span> <span class='ocrx_word' id='word_1_460' title='bbox 1320 1085 1375 1118; x_wconf 91' lang='lat' dir='ltr'><strong>Au</strong></span> <span class='ocrx_word' id='word_1_461' title='bbox 1407 1093 1627 1130; x_wconf 85' lang='lat' dir='ltr'><strong>expetentem</strong></span> <span class='ocrx_word' id='word_1_462' title='bbox 1655 1088 1787 1130; x_wconf 83' lang='lat' dir='ltr'><strong>ubera,</strong></span> <span class='ocrx_word' id='word_1_463' title='bbox 1823 1097 1883 1123; x_wconf 88' lang='lat' dir='ltr'><strong>aut</strong></span> <span class='ocrx_word' id='word_1_464' title='bbox 1906 1091 2058 1126; x_wconf 87' lang='lat' dir='ltr'><strong>insidere</strong></span> <span class='ocrx_word' id='word_1_465' title='bbox 2089 1094 2157 1127; x_wconf 82' lang='lat' dir='ltr'><strong>tuis</strong></span> 
     </span>
     <span class='ocr_line' id='line_1_82' title="bbox 1571 1137 1751 1172; baseline 0.006 -1"><span class='ocrx_word' id='word_1_466' title='bbox 1571 1137 1751 1172; x_wconf 73' lang='lat' dir='ltr'><strong>brachiis?</strong></span> 
     </span>
     <span class='ocr_line' id='line_1_83' title="bbox 1213 1186 2155 1235; baseline 0.005 -14"><span class='ocrx_word' id='word_1_467' title='bbox 1213 1189 1285 1221; x_wconf 82' lang='lat' dir='ltr'><strong>Cre.</strong></span> <span class='ocrx_word' id='word_1_468' title='bbox 1314 1186 1384 1227; x_wconf 88' lang='lat' dir='ltr'><strong>lbi,</strong></span> <span class='ocrx_word' id='word_1_469' title='bbox 1414 1189 1474 1221; x_wconf 91' lang='lat' dir='ltr'><strong>ubi</strong></span> <span class='ocrx_word' id='word_1_470' title='bbox 1495 1189 1571 1229; x_wconf 85' lang='lat' dir='ltr'><strong>ille,</strong></span> <span class='ocrx_word' id='word_1_471' title='bbox 1600 1191 1661 1235; x_wconf 85' lang='lat' dir='ltr'><strong>qui</strong></span> <span class='ocrx_word' id='word_1_472' title='bbox 1679 1190 1768 1223; x_wconf 82' lang='lat' dir='ltr'><strong>nihil</strong></span> <span class='ocrx_word' id='word_1_473' title='bbox 1795 1192 1866 1224; x_wconf 89' lang='lat' dir='ltr'><strong>iam</strong></span> <span class='ocrx_word' id='word_1_474' title='bbox 1894 1200 1988 1233; x_wconf 80' lang='lat' dir='ltr'><strong>erat,</strong></span> <span class='ocrx_word' id='word_1_475' title='bbox 2024 1193 2155 1228; x_wconf 82' lang='lat' dir='ltr'><strong>iniusta</strong></span> 
     </span>
     <span class='ocr_line' id='line_1_84' title="bbox 1578 1242 1850 1288; baseline 0.011 -15"><span class='ocrx_word' id='word_1_476' title='bbox 1578 1242 1850 1288; x_wconf 72' lang='lat' dir='ltr'><strong>1)atiel)atul·⁹⁸).</strong></span> 
     </span>
     <span class='ocr_line' id='line_1_85' title="bbox 1210 1290 2155 1339; baseline 0.006 -16"><span class='ocrx_word' id='word_1_477' title='bbox 1210 1292 1288 1323; x_wconf 82' lang='lat' dir='ltr'><strong>Sen.</strong></span> <span class='ocrx_word' id='word_1_478' title='bbox 1326 1290 1407 1323; x_wconf 88' lang='lat' dir='ltr'><strong>Tibi</strong></span> <span class='ocrx_word' id='word_1_479' title='bbox 1436 1304 1520 1323; x_wconf 69' lang='lat' dir='ltr'><strong>vero</strong></span> <span class='ocrx_word' id='word_1_480' title='bbox 1546 1305 1656 1337; x_wconf 81' lang='lat' dir='ltr'><strong>quare</strong></span> <span class='ocrx_word' id='word_1_481' title='bbox 1684 1293 1781 1326; x_wconf 85' lang='lat' dir='ltr'><strong>veuit</strong></span> <span class='ocrx_word' id='word_1_482' title='bbox 1805 1294 1842 1326; x_wconf 89' lang='lat' dir='ltr'><strong>in</strong></span> <span class='ocrx_word' id='word_1_483' title='bbox 1866 1302 2019 1329; x_wconf 86' lang='lat' dir='ltr'><strong>mentem</strong></span> <span class='ocrx_word' id='word_1_484' title='bbox 2050 1308 2155 1339; x_wconf 80' lang='lat' dir='ltr'><strong>expo-</strong></span> 
     </span>
     <span class='ocr_line' id='line_1_86' title="bbox 1132 1345 1810 1378; baseline 0.004 -4"><span class='ocrx_word' id='word_1_485' title='bbox 1132 1374 1133 1377; x_wconf 63' lang='lat'>,</span> <span class='ocrx_word' id='word_1_486' title='bbox 1575 1356 1659 1377; x_wconf 87' lang='lat' dir='ltr'><strong>nere</strong></span> <span class='ocrx_word' id='word_1_487' title='bbox 1676 1345 1810 1378; x_wconf 83' lang='lat' dir='ltr'><strong>filium?</strong></span> 
     </span>
     <span class='ocr_line' id='line_1_87' title="bbox 1132 1383 2156 1439; baseline 0.008 -16"><span class='ocrx_word' id='word_1_488' title='bbox 1132 1383 1134 1439; x_wconf 67' lang='grc' dir='ltr'>Ξ</span> <span class='ocrx_word' id='word_1_489' title='bbox 1161 1390 1234 1424; x_wconf 85' lang='grc'><strong>965</strong></span> <span class='ocrx_word' id='word_1_490' title='bbox 1263 1394 1336 1425; x_wconf 76' lang='lat' dir='ltr'><strong>Cre.</strong></span> <span class='ocrx_word' id='word_1_491' title='bbox 1367 1394 1562 1437; x_wconf 81' lang='lat' dir='ltr'><strong>Sperabam</strong></span> <span class='ocrx_word' id='word_1_492' title='bbox 1584 1395 1700 1429; x_wconf 88' lang='lat' dir='ltr'><strong>Deum</strong></span> <span class='ocrx_word' id='word_1_493' title='bbox 1725 1403 1950 1431; x_wconf 81' lang='lat' dir='ltr'><strong>servaturum</strong></span> <span class='ocrx_word' id='word_1_494' title='bbox 1978 1410 2077 1431; x_wconf 86' lang='lat' dir='ltr'><strong>suam</strong></span> <span class='ocrx_word' id='word_1_495' title='bbox 2102 1411 2156 1432; x_wconf 93' lang='lat' dir='ltr'><strong>so-</strong></span> 
     </span>
     <span class='ocr_line' id='line_1_88' title="bbox 1570 1447 1700 1481; baseline 0.015 -2"><span class='ocrx_word' id='word_1_496' title='bbox 1570 1447 1700 1481; x_wconf 86' lang='lat' dir='ltr'><strong>bolem.</strong></span> 
     </span>
     <span class='ocr_line' id='line_1_89' title="bbox 1212 1495 2156 1544; baseline 0.01 -19"><span class='ocrx_word' id='word_1_497' title='bbox 1212 1495 1290 1527; x_wconf 72' lang='lat' dir='ltr'><strong>Seu.</strong></span> <span class='ocrx_word' id='word_1_498' title='bbox 1320 1495 1384 1527; x_wconf 86' lang='lat' dir='ltr'><strong>Hei</strong></span> <span class='ocrx_word' id='word_1_499' title='bbox 1402 1497 1548 1529; x_wconf 83' lang='lat' dir='ltr'><strong>domum</strong></span> <span class='ocrx_word' id='word_1_500' title='bbox 1569 1504 1664 1531; x_wconf 85' lang='lat' dir='ltr'><strong>tuam</strong></span> <span class='ocrx_word' id='word_1_501' title='bbox 1679 1526 1686 1537; x_wconf 82' lang='lat'>,</span> <span class='ocrx_word' id='word_1_502' title='bbox 1721 1505 1760 1531; x_wconf 90' lang='lat' dir='ltr'><strong>ut</strong></span> <span class='ocrx_word' id='word_1_503' title='bbox 1783 1499 1929 1532; x_wconf 80' lang='lat' dir='ltr'><strong>felicitas</strong></span> <span class='ocrx_word' id='word_1_504' title='bbox 1953 1500 2026 1534; x_wconf 83' lang='lat' dir='ltr'><strong>eius</strong></span> <span class='ocrx_word' id='word_1_505' title='bbox 2047 1500 2156 1544; x_wconf 83' lang='lat' dir='ltr'><strong>agita-</strong></span> 
     </span>
     <span class='ocr_line' id='line_1_90' title="bbox 1576 1550 1830 1583; baseline 0.004 -2"><span class='ocrx_word' id='word_1_506' title='bbox 1576 1556 1633 1582; x_wconf 79' lang='lat' dir='ltr'><strong>tur</strong></span> <span class='ocrx_word' id='word_1_507' title='bbox 1651 1550 1830 1583; x_wconf 72' lang='lat' dir='ltr'><strong>tim-tibus!</strong></span> 
     </span>
    </p>
   </div>
   <div class='ocr_carea' id='block_1_28' title="bbox 1132 366 1135 970">
    <p class='ocr_par' dir='ltr' id='par_1_29' title="bbox 1132 366 1135 970">
     <span class='ocr_line' id='line_1_91' title="bbox 1132 366 1135 970; baseline 0 0"><span class='ocrx_word' id='word_1_508' title='bbox 1132 366 1135 970; x_wconf 95' lang='lat' dir='ltr'><strong> </strong></span> 
     </span>
    </p>
   </div>
   <div class='ocr_carea' id='block_1_29' title="bbox 1132 1535 1134 1550">
    <p class='ocr_par' dir='ltr' id='par_1_30' title="bbox 1132 1535 1134 1550">
     <span class='ocr_line' id='line_1_92' title="bbox 1132 1535 1134 1550; baseline 0 0"><span class='ocrx_word' id='word_1_509' title='bbox 1132 1535 1134 1550; x_wconf 69' lang='lat' dir='ltr'><strong>i</strong></span> 
     </span>
    </p>
   </div>
   <div class='ocr_carea' id='block_1_30' title="bbox 1131 1704 2152 1777">
    <p class='ocr_par' dir='ltr' id='par_1_31' title="bbox 1131 1704 2152 1777">
     <span class='ocr_line' id='line_1_93' title="bbox 1131 1704 2152 1747; baseline 0.006 -11"><span class='ocrx_word' id='word_1_510' title='bbox 1131 1704 1133 1736; x_wconf 58' lang='lat' dir='ltr'><strong>i</strong></span> <span class='ocrx_word' id='word_1_511' title='bbox 1195 1716 1241 1741; x_wconf 59' lang='grc'><strong>95)</strong></span> <span class='ocrx_word' id='word_1_512' title='bbox 1261 1714 1326 1737; x_wconf 77' lang='lat' dir='ltr'><strong>sen.</strong></span> <span class='ocrx_word' id='word_1_513' title='bbox 1354 1713 1467 1742; x_wconf 76' lang='lat' dir='ltr'><strong>Quando</strong></span> <span class='ocrx_word' id='word_1_514' title='bbox 1487 1727 1520 1731; x_wconf 91' lang='lat'>—</span> <span class='ocrx_word' id='word_1_515' title='bbox 1540 1715 1701 1745; x_wconf 76' lang='lat' dir='ltr'><strong>patiebatur.</strong></span> <span class='ocrx_word' id='word_1_516' title='bbox 1729 1716 1786 1747; x_wconf 68' lang='lat' dir='ltr'><strong>(vs.</strong></span> <span class='ocrx_word' id='word_1_517' title='bbox 1807 1717 1857 1740; x_wconf 66' lang='lat'><strong>944</strong></span> <span class='ocrx_word' id='word_1_518' title='bbox 1873 1729 1904 1734; x_wconf 73' lang='lat'><strong>-·</strong></span> <span class='ocrx_word' id='word_1_519' title='bbox 1920 1718 2010 1746; x_wconf 52' lang='lat'><strong>9330]</strong></span> <span class='ocrx_word' id='word_1_520' title='bbox 2040 1719 2079 1742; x_wconf 67' lang='lat' dir='ltr'><strong>sac</strong></span> <span class='ocrx_word' id='word_1_521' title='bbox 2106 1720 2152 1742; x_wconf 69' lang='grc' dir='ltr'><strong>ιω.</strong></span> 
     </span>
     <span class='ocr_line' id='line_1_94' title="bbox 1231 1748 1507 1777; baseline 0.004 -6"><span class='ocrx_word' id='word_1_522' title='bbox 1231 1748 1322 1777; x_wconf 78' lang='lat'><strong>1562.;</strong></span> <span class='ocrx_word' id='word_1_523' title='bbox 1348 1748 1396 1771; x_wconf 83' lang='lat' dir='ltr'><strong>Ed.</strong></span> <span class='ocrx_word' id='word_1_524' title='bbox 1415 1749 1507 1772; x_wconf 83' lang='lat'><strong>1558.:</strong></span> 
     </span>
    </p>
   </div>
   <div class='ocr_carea' id='block_1_31' title="bbox 1262 1801 1328 1961">
    <p class='ocr_par' dir='ltr' id='par_1_32' title="bbox 1262 1801 1328 1961">
     <span class='ocr_line' id='line_1_95' title="bbox 1263 1801 1326 1824; baseline -0.016 0"><span class='ocrx_word' id='word_1_525' title='bbox 1263 1801 1326 1824; x_wconf 85' lang='lat' dir='ltr'><strong>Sen.</strong></span> 
     </span>
     <span class='ocr_line' id='line_1_96' title="bbox 1263 1834 1327 1857; baseline -0.016 0"><span class='ocrx_word' id='word_1_526' title='bbox 1263 1834 1327 1857; x_wconf 84' lang='lat' dir='ltr'><strong>Cre.</strong></span> 
     </span>
     <span class='ocr_line' id='line_1_97' title="bbox 1263 1869 1326 1892; baseline -0.016 0"><span class='ocrx_word' id='word_1_527' title='bbox 1263 1869 1326 1892; x_wconf 78' lang='lat' dir='ltr'><strong>Seu.</strong></span> 
     </span>
     <span class='ocr_line' id='line_1_98' title="bbox 1263 1902 1326 1926; baseline 0 0"><span class='ocrx_word' id='word_1_528' title='bbox 1263 1902 1326 1926; x_wconf 83' lang='lat' dir='ltr'><strong>Cre.</strong></span> 
     </span>
     <span class='ocr_line' id='line_1_99' title="bbox 1262 1938 1328 1961; baseline 0 0"><span class='ocrx_word' id='word_1_529' title='bbox 1262 1938 1328 1961; x_wconf 86' lang='lat' dir='ltr'><strong>Sen.</strong></span> 
     </span>
    </p>
   </div>
   <div class='ocr_carea' id='block_1_32' title="bbox 1257 1799 2152 2687">
    <p class='ocr_par' dir='ltr' id='par_1_33' title="bbox 1346 1799 2013 1831">
     <span class='ocr_line' id='line_1_100' title="bbox 1346 1799 2013 1831; baseline 0.007 -9"><span class='ocrx_word' id='word_1_530' title='bbox 1346 1799 1528 1829; x_wconf 78' lang='lat' dir='ltr'><strong>Aegritudine</strong></span> <span class='ocrx_word' id='word_1_531' title='bbox 1547 1801 1654 1825; x_wconf 85' lang='lat' dir='ltr'><strong>occulta</strong></span> <span class='ocrx_word' id='word_1_532' title='bbox 1673 1808 1754 1831; x_wconf 83' lang='lat' dir='ltr'><strong>quum</strong></span> <span class='ocrx_word' id='word_1_533' title='bbox 1772 1803 1916 1827; x_wconf 83' lang='lat' dir='ltr'><strong>laborares</strong></span> <span class='ocrx_word' id='word_1_534' title='bbox 1935 1804 2013 1828; x_wconf 74' lang='lat' dir='ltr'><strong>clani.</strong></span> 
     </span>
    </p>

    <p class='ocr_par' dir='ltr' id='par_1_34' title="bbox 1346 1834 2127 1864">
     <span class='ocr_line' id='line_1_101' title="bbox 1346 1834 2127 1864; baseline 0.009 -8"><span class='ocrx_word' id='word_1_535' title='bbox 1346 1834 1405 1856; x_wconf 79' lang='lat' dir='ltr'><strong>Hoc</strong></span> <span class='ocrx_word' id='word_1_536' title='bbox 1424 1836 1501 1862; x_wconf 75' lang='lat' dir='ltr'><strong>erat,</strong></span> <span class='ocrx_word' id='word_1_537' title='bbox 1528 1842 1598 1864; x_wconf 89' lang='lat' dir='ltr'><strong>quae</strong></span> <span class='ocrx_word' id='word_1_538' title='bbox 1617 1841 1689 1858; x_wconf 81' lang='lat' dir='ltr'><strong>nuno</strong></span> <span class='ocrx_word' id='word_1_539' title='bbox 1707 1837 1755 1859; x_wconf 87' lang='lat' dir='ltr'><strong>tibi</strong></span> <span class='ocrx_word' id='word_1_540' title='bbox 1775 1838 1920 1862; x_wconf 86' lang='lat' dir='ltr'><strong>manifesta</strong></span> <span class='ocrx_word' id='word_1_541' title='bbox 1938 1838 2028 1861; x_wconf 78' lang='lat' dir='ltr'><strong>indico</strong></span> <span class='ocrx_word' id='word_1_542' title='bbox 2049 1841 2127 1863; x_wconf 84' lang='lat' dir='ltr'><strong>mala.</strong></span> 
     </span>
    </p>

    <p class='ocr_par' dir='ltr' id='par_1_35' title="bbox 1347 1867 2077 1902">
     <span class='ocr_line' id='line_1_102' title="bbox 1347 1867 2077 1902; baseline 0.008 -12"><span class='ocrx_word' id='word_1_543' title='bbox 1347 1867 1381 1890; x_wconf 78' lang='lat' dir='ltr'><strong>Et</strong></span> <span class='ocrx_word' id='word_1_544' title='bbox 1400 1868 1498 1891; x_wconf 83' lang='lat' dir='ltr'><strong>deinde</strong></span> <span class='ocrx_word' id='word_1_545' title='bbox 1517 1870 1615 1892; x_wconf 81' lang='lat' dir='ltr'><strong>celasti</strong></span> <span class='ocrx_word' id='word_1_546' title='bbox 1635 1871 1768 1899; x_wconf 83' lang='lat' dir='ltr'><strong>quomodo</strong></span> <span class='ocrx_word' id='word_1_547' title='bbox 1789 1872 1926 1900; x_wconf 84' lang='lat' dir='ltr'><strong>Apollinis</strong></span> <span class='ocrx_word' id='word_1_548' title='bbox 1944 1871 2077 1902; x_wconf 72' lang='lat' dir='ltr'><strong>nuptias?</strong></span> 
     </span>
    </p>

    <p class='ocr_par' dir='ltr' id='par_1_36' title="bbox 1348 1901 2048 1936">
     <span class='ocr_line' id='line_1_103' title="bbox 1348 1901 2048 1936; baseline 0.009 -12"><span class='ocrx_word' id='word_1_549' title='bbox 1348 1901 1463 1932; x_wconf 86' lang='lat' dir='ltr'><strong>Peperi;</strong></span> <span class='ocrx_word' id='word_1_550' title='bbox 1489 1903 1598 1926; x_wconf 85' lang='lat' dir='ltr'><strong>sustine</strong></span> <span class='ocrx_word' id='word_1_551' title='bbox 1616 1905 1683 1927; x_wconf 73' lang='lat' dir='ltr'><strong>llaec</strong></span> <span class='ocrx_word' id='word_1_552' title='bbox 1701 1910 1717 1928; x_wconf 81' lang='lat' dir='ltr'><strong>a</strong></span> <span class='ocrx_word' id='word_1_553' title='bbox 1736 1911 1778 1928; x_wconf 86' lang='lat' dir='ltr'><strong>me</strong></span> <span class='ocrx_word' id='word_1_554' title='bbox 1796 1907 1929 1936; x_wconf 72' lang='lat' dir='ltr'><strong>audiens,</strong></span> <span class='ocrx_word' id='word_1_555' title='bbox 1955 1914 2048 1930; x_wconf 88' lang='lat' dir='ltr'><strong>senex.</strong></span> 
     </span>
    </p>

    <p class='ocr_par' dir='ltr' id='par_1_37' title="bbox 1348 1936 2151 1996">
     <span class='ocr_line' id='line_1_104' title="bbox 1348 1936 2151 1967; baseline 0.01 -9"><span class='ocrx_word' id='word_1_556' title='bbox 1348 1936 1417 1967; x_wconf 78' lang='lat' dir='ltr'><strong>Ubi,</strong></span> <span class='ocrx_word' id='word_1_557' title='bbox 1448 1937 1509 1966; x_wconf 83' lang='lat' dir='ltr'><strong>quis</strong></span> <span class='ocrx_word' id='word_1_558' title='bbox 1535 1938 1669 1961; x_wconf 81' lang='lat' dir='ltr'><strong>obstetrix</strong></span> <span class='ocrx_word' id='word_1_559' title='bbox 1695 1939 1743 1963; x_wconf 85' lang='lat' dir='ltr'><strong>tibi</strong></span> <span class='ocrx_word' id='word_1_560' title='bbox 1768 1937 1839 1965; x_wconf 72' lang='lat' dir='ltr'><strong>fuit?</strong></span> <span class='ocrx_word' id='word_1_561' title='bbox 1869 1947 1904 1965; x_wconf 86' lang='lat' dir='ltr'><strong>an</strong></span> <span class='ocrx_word' id='word_1_562' title='bbox 1930 1942 1991 1965; x_wconf 78' lang='lat' dir='ltr'><strong>sola</strong></span> <span class='ocrx_word' id='word_1_563' title='bbox 2019 1943 2151 1966; x_wconf 79' lang='lat' dir='ltr'><strong>laborasti</strong></span> 
     </span>
     <span class='ocr_line' id='line_1_105' title="bbox 1576 1970 1664 1996; baseline 0.011 -1"><span class='ocrx_word' id='word_1_564' title='bbox 1576 1970 1664 1996; x_wconf 63' lang='lat' dir='ltr'><strong>haec?</strong></span> 
     </span>
    </p>

    <p class='ocr_par' dir='ltr' id='par_1_38' title="bbox 1347 2005 2021 2040">
     <span class='ocr_line' id='line_1_106' title="bbox 1347 2005 2021 2040; baseline 0.01 -13"><span class='ocrx_word' id='word_1_565' title='bbox 1347 2005 1414 2028; x_wconf 82' lang='lat' dir='ltr'><strong>Sola</strong></span> <span class='ocrx_word' id='word_1_566' title='bbox 1432 2005 1460 2028; x_wconf 89' lang='lat' dir='ltr'><strong>in</strong></span> <span class='ocrx_word' id='word_1_567' title='bbox 1483 2007 1583 2036; x_wconf 73' lang='lat' dir='ltr'><strong>antro,</strong></span> <span class='ocrx_word' id='word_1_568' title='bbox 1608 2007 1652 2030; x_wconf 85' lang='lat' dir='ltr'><strong>ubi</strong></span> <span class='ocrx_word' id='word_1_569' title='bbox 1672 2009 1798 2038; x_wconf 85' lang='lat' dir='ltr'><strong>copulata</strong></span> <span class='ocrx_word' id='word_1_570' title='bbox 1818 2015 1891 2033; x_wconf 83' lang='lat' dir='ltr'><strong>eram</strong></span> <span class='ocrx_word' id='word_1_571' title='bbox 1912 2011 2021 2040; x_wconf 79' lang='lat' dir='ltr'><strong>nuptiis.</strong></span> 
     </span>
    </p>

    <p class='ocr_par' dir='ltr' id='par_1_39' title="bbox 1345 2039 2151 2100">
     <span class='ocr_line' id='line_1_107' title="bbox 1345 2039 2151 2075; baseline 0.009 -13"><span class='ocrx_word' id='word_1_572' title='bbox 1345 2039 1417 2062; x_wconf 86' lang='lat' dir='ltr'><strong>Puer</strong></span> <span class='ocrx_word' id='word_1_573' title='bbox 1435 2041 1525 2064; x_wconf 89' lang='lat' dir='ltr'><strong>autem</strong></span> <span class='ocrx_word' id='word_1_574' title='bbox 1545 2040 1591 2064; x_wconf 81' lang='lat' dir='ltr'><strong>ubi</strong></span> <span class='ocrx_word' id='word_1_575' title='bbox 1617 2042 1677 2072; x_wconf 72' lang='lat' dir='ltr'><strong>est,</strong></span> <span class='ocrx_word' id='word_1_576' title='bbox 1712 2045 1741 2066; x_wconf 88' lang='lat' dir='ltr'><strong>ut</strong></span> <span class='ocrx_word' id='word_1_577' title='bbox 1766 2045 1793 2066; x_wconf 91' lang='lat' dir='ltr'><strong>tu</strong></span> <span class='ocrx_word' id='word_1_578' title='bbox 1818 2050 1871 2068; x_wconf 90' lang='lat' dir='ltr'><strong>non</strong></span> <span class='ocrx_word' id='word_1_579' title='bbox 1895 2046 2013 2075; x_wconf 83' lang='lat' dir='ltr'><strong>amplius</strong></span> <span class='ocrx_word' id='word_1_580' title='bbox 2033 2046 2072 2068; x_wconf 80' lang='lat' dir='ltr'><strong>sis</strong></span> <span class='ocrx_word' id='word_1_581' title='bbox 2093 2047 2151 2069; x_wconf 79' lang='lat' dir='ltr'><strong>sine</strong></span> 
     </span>
     <span class='ocr_line' id='line_1_108' title="bbox 1567 2073 1684 2100; baseline 0.009 -1"><span class='ocrx_word' id='word_1_582' title='bbox 1567 2073 1684 2100; x_wconf 70' lang='lat' dir='ltr'><strong>liberis?</strong></span> 
     </span>
    </p>

    <p class='ocr_par' dir='ltr' id='par_1_40' title="bbox 1346 2109 1985 2143">
     <span class='ocr_line' id='line_1_109' title="bbox 1346 2109 1985 2143; baseline 0.009 -12"><span class='ocrx_word' id='word_1_583' title='bbox 1346 2109 1472 2132; x_wconf 87' lang='lat' dir='ltr'><strong>Mortuus</strong></span> <span class='ocrx_word' id='word_1_584' title='bbox 1492 2111 1552 2137; x_wconf 86' lang='lat' dir='ltr'><strong>est,</strong></span> <span class='ocrx_word' id='word_1_585' title='bbox 1581 2115 1596 2133; x_wconf 91' lang='grc' dir='ltr'>ο</span> <span class='ocrx_word' id='word_1_586' title='bbox 1616 2116 1718 2140; x_wconf 83' lang='lat' dir='ltr'><strong>senex,</strong></span> <span class='ocrx_word' id='word_1_587' title='bbox 1746 2111 1815 2135; x_wconf 78' lang='lat' dir='ltr'><strong>feris</strong></span> <span class='ocrx_word' id='word_1_588' title='bbox 1835 2113 1985 2143; x_wconf 63' lang='lat' dir='ltr'><strong>expositus</strong></span> 
     </span>
    </p>

    <p class='ocr_par' dir='ltr' id='par_1_41' title="bbox 1344 2140 2152 2202">
     <span class='ocr_line' id='line_1_110' title="bbox 1344 2140 2152 2194; baseline 0.01 -29"><span class='ocrx_word' id='word_1_589' title='bbox 1344 2143 1470 2166; x_wconf 86' lang='lat' dir='ltr'><strong>Mortuus</strong></span> <span class='ocrx_word' id='word_1_590' title='bbox 1490 2140 1558 2167; x_wconf 69' lang='lat' dir='ltr'><strong>est?</strong></span> <span class='ocrx_word' id='word_1_591' title='bbox 1586 2144 1684 2194; x_wconf 58' lang='lat' dir='ltr'><strong>qulno</strong></span> <span class='ocrx_word' id='word_1_592' title='bbox 1704 2151 1771 2169; x_wconf 85' lang='lat' dir='ltr'><strong>vero</strong></span> <span class='ocrx_word' id='word_1_593' title='bbox 1790 2146 1928 2176; x_wconf 85' lang='lat' dir='ltr'><strong>improbus</strong></span> <span class='ocrx_word' id='word_1_594' title='bbox 1948 2154 2002 2172; x_wconf 86' lang='lat' dir='ltr'><strong>non</strong></span> <span class='ocrx_word' id='word_1_595' title='bbox 2022 2148 2152 2173; x_wconf 83' lang='lat' dir='ltr'><strong>auxilium</strong></span> 
     </span>
     <span class='ocr_line' id='line_1_111' title="bbox 1562 2178 1645 2202; baseline 0.012 -1"><span class='ocrx_word' id='word_1_596' title='bbox 1562 2178 1625 2201; x_wconf 90' lang='lat' dir='ltr'><strong>tulit</strong></span> <span class='ocrx_word' id='word_1_597' title='bbox 1639 2196 1645 2202; x_wconf 89' lang='lat'><strong>.</strong></span> 
     </span>
    </p>

    <p class='ocr_par' dir='ltr' id='par_1_42' title="bbox 1346 2211 2151 2270">
     <span class='ocr_line' id='line_1_112' title="bbox 1346 2211 2151 2243; baseline 0.009 -9"><span class='ocrx_word' id='word_1_598' title='bbox 1346 2211 1407 2235; x_wconf 84' lang='lat' dir='ltr'><strong>Non</strong></span> <span class='ocrx_word' id='word_1_599' title='bbox 1429 2211 1492 2236; x_wconf 90' lang='lat' dir='ltr'><strong>tulit</strong></span> <span class='ocrx_word' id='word_1_600' title='bbox 1510 2212 1656 2243; x_wconf 77' lang='lat' dir='ltr'><strong>auxilium3</strong></span> <span class='ocrx_word' id='word_1_601' title='bbox 1687 2213 1799 2243; x_wconf 81' lang='lat' dir='ltr'><strong>pudoris</strong></span> <span class='ocrx_word' id='word_1_602' title='bbox 1825 2221 1892 2239; x_wconf 88' lang='lat' dir='ltr'><strong>vero</strong></span> <span class='ocrx_word' id='word_1_603' title='bbox 1916 2216 1944 2239; x_wconf 86' lang='lat' dir='ltr'><strong>in</strong></span> <span class='ocrx_word' id='word_1_604' title='bbox 1970 2217 2048 2241; x_wconf 88' lang='lat' dir='ltr'><strong>domo</strong></span> <span class='ocrx_word' id='word_1_605' title='bbox 2069 2217 2151 2241; x_wconf 71' lang='lat' dir='ltr'><strong>inati-</strong></span> 
     </span>
     <span class='ocr_line' id='line_1_113' title="bbox 1569 2247 1628 2270; baseline 0 0"><span class='ocrx_word' id='word_1_606' title='bbox 1569 2247 1628 2270; x_wconf 90' lang='lat' dir='ltr'><strong>tuit.</strong></span> 
     </span>
    </p>

    <p class='ocr_par' dir='ltr' id='par_1_43' title="bbox 1345 2278 2101 2315">
     <span class='ocr_line' id='line_1_114' title="bbox 1345 2278 2101 2315; baseline 0.009 -12"><span class='ocrx_word' id='word_1_607' title='bbox 1345 2279 1478 2310; x_wconf 81' lang='lat' dir='ltr'><strong>Quisnam</strong></span> <span class='ocrx_word' id='word_1_608' title='bbox 1496 2280 1584 2310; x_wconf 86' lang='lat' dir='ltr'><strong>ipsum</strong></span> <span class='ocrx_word' id='word_1_609' title='bbox 1603 2278 1751 2310; x_wconf 75' lang='lat' dir='ltr'><strong>exposuit?</strong></span> <span class='ocrx_word' id='word_1_610' title='bbox 1776 2288 1830 2306; x_wconf 87' lang='lat' dir='ltr'><strong>non</strong></span> <span class='ocrx_word' id='word_1_611' title='bbox 1849 2283 1918 2308; x_wconf 85' lang='lat' dir='ltr'><strong>enim</strong></span> <span class='ocrx_word' id='word_1_612' title='bbox 1938 2286 1966 2308; x_wconf 90' lang='lat' dir='ltr'><strong>tu</strong></span> <span class='ocrx_word' id='word_1_613' title='bbox 1985 2286 2101 2315; x_wconf 84' lang='lat' dir='ltr'><strong>quidem.</strong></span> 
     </span>
    </p>

    <p class='ocr_par' dir='ltr' id='par_1_44' title="bbox 1343 2315 1992 2348">
     <span class='ocr_line' id='line_1_115' title="bbox 1343 2315 1992 2348; baseline 0.008 -11"><span class='ocrx_word' id='word_1_614' title='bbox 1343 2315 1399 2337; x_wconf 82' lang='lat' dir='ltr'><strong>Nos</strong></span> <span class='ocrx_word' id='word_1_615' title='bbox 1418 2315 1445 2338; x_wconf 90' lang='lat' dir='ltr'><strong>in</strong></span> <span class='ocrx_word' id='word_1_616' title='bbox 1465 2316 1583 2338; x_wconf 81' lang='lat' dir='ltr'><strong>obscura</strong></span> <span class='ocrx_word' id='word_1_617' title='bbox 1601 2316 1682 2338; x_wconf 89' lang='lat' dir='ltr'><strong>nocte</strong></span> <span class='ocrx_word' id='word_1_618' title='bbox 1699 2315 1875 2340; x_wconf 82' lang='lat' dir='ltr'><strong>involventes</strong></span> <span class='ocrx_word' id='word_1_619' title='bbox 1895 2319 1992 2348; x_wconf 85' lang='lat' dir='ltr'><strong>peplis.</strong></span> 
     </span>
    </p>

    <p class='ocr_par' dir='ltr' id='par_1_45' title="bbox 1351 2348 2149 2406">
     <span class='ocr_line' id='line_1_116' title="bbox 1351 2348 2149 2399; baseline 0.01 -29"><span class='ocrx_word' id='word_1_620' title='bbox 1351 2349 1444 2378; x_wconf 85' lang='lat' dir='ltr'><strong>Neque</strong></span> <span class='ocrx_word' id='word_1_621' title='bbox 1469 2348 1604 2378; x_wconf 84' lang='lat' dir='ltr'><strong>quispiam</strong></span> <span class='ocrx_word' id='word_1_622' title='bbox 1627 2350 1720 2399; x_wconf 44' lang='lat' dir='ltr'><strong>&#39;tecum</strong></span> <span class='ocrx_word' id='word_1_623' title='bbox 1748 2351 1876 2374; x_wconf 83' lang='lat' dir='ltr'><strong>conscius</strong></span> <span class='ocrx_word' id='word_1_624' title='bbox 1902 2357 1945 2376; x_wconf 84' lang='lat' dir='ltr'><strong>est</strong></span> <span class='ocrx_word' id='word_1_625' title='bbox 1973 2355 2149 2383; x_wconf 72' lang='lat' dir='ltr'><strong>expositionis</strong></span> 
     </span>
     <span class='ocr_line' id='line_1_117' title="bbox 1570 2382 1639 2406; baseline 0 0"><span class='ocrx_word' id='word_1_626' title='bbox 1570 2382 1639 2406; x_wconf 82' lang='lat' dir='ltr'><strong>filii.-</strong></span> 
     </span>
    </p>

    <p class='ocr_par' dir='ltr' id='par_1_46' title="bbox 1342 2415 1990 2447">
     <span class='ocr_line' id='line_1_118' title="bbox 1342 2415 1990 2447; baseline 0.012 -9"><span class='ocrx_word' id='word_1_627' title='bbox 1342 2416 1408 2445; x_wconf 86' lang='lat' dir='ltr'><strong>lpsa</strong></span> <span class='ocrx_word' id='word_1_628' title='bbox 1426 2415 1593 2447; x_wconf 85' lang='lat' dir='ltr'><strong>infortunia,</strong></span> <span class='ocrx_word' id='word_1_629' title='bbox 1619 2418 1646 2440; x_wconf 88' lang='lat' dir='ltr'><strong>et</strong></span> <span class='ocrx_word' id='word_1_630' title='bbox 1665 2417 1752 2447; x_wconf 85' lang='lat' dir='ltr'><strong>ipsum</strong></span> <span class='ocrx_word' id='word_1_631' title='bbox 1771 2419 1859 2443; x_wconf 77' lang='lat' dir='ltr'><strong>latere</strong></span> <span class='ocrx_word' id='word_1_632' title='bbox 1877 2422 1990 2446; x_wconf 78' lang='lat' dir='ltr'><strong>tantum.</strong></span> 
     </span>
    </p>

    <p class='ocr_par' dir='ltr' id='par_1_47' title="bbox 1343 2450 2148 2509">
     <span class='ocr_line' id='line_1_119' title="bbox 1343 2450 2148 2502; baseline 0.007 -29"><span class='ocrx_word' id='word_1_633' title='bbox 1343 2451 1379 2473; x_wconf 86' lang='lat' dir='ltr'><strong>Et</strong></span> <span class='ocrx_word' id='word_1_634' title='bbox 1397 2450 1530 2480; x_wconf 85' lang='lat' dir='ltr'><strong>quomodo</strong></span> <span class='ocrx_word' id='word_1_635' title='bbox 1549 2451 1577 2474; x_wconf 86' lang='lat' dir='ltr'><strong>iu</strong></span> <span class='ocrx_word' id='word_1_636' title='bbox 1596 2452 1676 2502; x_wconf 60' lang='lat' dir='ltr'><strong>antrp</strong></span> <span class='ocrx_word' id='word_1_637' title='bbox 1695 2459 1807 2482; x_wconf 81' lang='lat' dir='ltr'><strong>puerum</strong></span> <span class='ocrx_word' id='word_1_638' title='bbox 1825 2455 1899 2478; x_wconf 86' lang='lat' dir='ltr'><strong>tuum</strong></span> <span class='ocrx_word' id='word_1_639' title='bbox 1913 2456 2068 2486; x_wconf 79' lang='lat' dir='ltr'><strong>relinquere</strong></span> <span class='ocrx_word' id='word_1_640' title='bbox 2084 2463 2148 2486; x_wconf 78' lang='lat' dir='ltr'><strong>pas-</strong></span> 
     </span>
     <span class='ocr_line' id='line_1_120' title="bbox 1567 2491 1666 2509; baseline -0.01 0"><span class='ocrx_word' id='word_1_641' title='bbox 1567 2491 1599 2509; x_wconf 90' lang='lat' dir='ltr'><strong>sa</strong></span> <span class='ocrx_word' id='word_1_642' title='bbox 1619 2492 1648 2508; x_wconf 75' lang='lat' dir='ltr'><strong>es</strong></span> <span class='ocrx_word' id='word_1_643' title='bbox 1660 2504 1666 2509; x_wconf 94' lang='lat'><strong>.</strong></span> 
     </span>
    </p>

    <p class='ocr_par' dir='ltr' id='par_1_48' title="bbox 1258 2516 2028 2553">
     <span class='ocr_line' id='line_1_121' title="bbox 1258 2516 2028 2553; baseline 0.008 -11"><span class='ocrx_word' id='word_1_644' title='bbox 1258 2518 1320 2543; x_wconf 70' lang='lat' dir='ltr'><strong>Cre.</strong></span> <span class='ocrx_word' id='word_1_645' title='bbox 1343 2516 1505 2547; x_wconf 68' lang='lat' dir='ltr'><strong>Quomodo?</strong></span> <span class='ocrx_word' id='word_1_646' title='bbox 1529 2520 1684 2544; x_wconf 82' lang='lat' dir='ltr'><strong>miseranda</strong></span> <span class='ocrx_word' id='word_1_647' title='bbox 1704 2521 1789 2545; x_wconf 85' lang='lat' dir='ltr'><strong>multa</strong></span> <span class='ocrx_word' id='word_1_648' title='bbox 1809 2528 1857 2547; x_wconf 79' lang='lat' dir='ltr'><strong>ore</strong></span> <span class='ocrx_word' id='word_1_649' title='bbox 1876 2524 2028 2553; x_wconf 60' lang='lat' dir='ltr'><strong>proferens.</strong></span> 
     </span>
    </p>

    <p class='ocr_par' dir='ltr' id='par_1_49' title="bbox 1261 2553 1436 2584">
     <span class='ocr_line' id='line_1_122' title="bbox 1261 2553 1436 2584; baseline 0.006 -9"><span class='ocrx_word' id='word_1_650' title='bbox 1261 2554 1324 2576; x_wconf 67' lang='lat' dir='ltr'><strong>Nen.</strong></span> <span class='ocrx_word' id='word_1_651' title='bbox 1343 2553 1436 2584; x_wconf 79' lang='lat' dir='ltr'><strong>Eheu,</strong></span> 
     </span>
    </p>

    <p class='ocr_par' dir='ltr' id='par_1_50' title="bbox 1257 2586 2088 2619">
     <span class='ocr_line' id='line_1_123' title="bbox 1257 2586 2088 2619; baseline 0.007 -10"><span class='ocrx_word' id='word_1_652' title='bbox 1257 2586 1357 2610; x_wconf 81' lang='lat' dir='ltr'><strong>lnfelix</strong></span> <span class='ocrx_word' id='word_1_653' title='bbox 1379 2589 1407 2610; x_wconf 87' lang='lat' dir='ltr'><strong>tu</strong></span> <span class='ocrx_word' id='word_1_654' title='bbox 1428 2588 1540 2617; x_wconf 86' lang='lat' dir='ltr'><strong>propter</strong></span> <span class='ocrx_word' id='word_1_655' title='bbox 1558 2589 1716 2618; x_wconf 74' lang='lat' dir='ltr'><strong>audaciam,</strong></span> <span class='ocrx_word' id='word_1_656' title='bbox 1745 2590 1819 2614; x_wconf 82' lang='lat' dir='ltr'><strong>Deus</strong></span> <span class='ocrx_word' id='word_1_657' title='bbox 1839 2593 1929 2615; x_wconf 81' lang='lat' dir='ltr'><strong>autem</strong></span> <span class='ocrx_word' id='word_1_658' title='bbox 1948 2593 2035 2619; x_wconf 57' lang='lat' dir='ltr'><strong>masis</strong></span> <span class='ocrx_word' id='word_1_659' title='bbox 2057 2597 2088 2615; x_wconf 49' lang='lat' dir='ltr'><strong>te.</strong></span> 
     </span>
    </p>

    <p class='ocr_par' dir='ltr' id='par_1_51' title="bbox 1259 2621 2090 2651">
     <span class='ocr_line' id='line_1_124' title="bbox 1259 2621 2090 2651; baseline 0.006 -7"><span class='ocrx_word' id='word_1_660' title='bbox 1259 2622 1321 2645; x_wconf 83' lang='lat' dir='ltr'><strong>Cre.</strong></span> <span class='ocrx_word' id='word_1_661' title='bbox 1341 2621 1370 2644; x_wconf 86' lang='lat' dir='ltr'><strong>Si</strong></span> <span class='ocrx_word' id='word_1_662' title='bbox 1389 2628 1501 2651; x_wconf 85' lang='lat' dir='ltr'><strong>puerum</strong></span> <span class='ocrx_word' id='word_1_663' title='bbox 1520 2622 1641 2646; x_wconf 84' lang='lat' dir='ltr'><strong>vidisses</strong></span> <span class='ocrx_word' id='word_1_664' title='bbox 1661 2630 1757 2648; x_wconf 74' lang='lat' dir='ltr'><strong>manus</strong></span> <span class='ocrx_word' id='word_1_665' title='bbox 1777 2627 1967 2649; x_wconf 78' lang='lat' dir='ltr'><strong>extendentem</strong></span> <span class='ocrx_word' id='word_1_666' title='bbox 1988 2627 2021 2649; x_wconf 74' lang='lat' dir='ltr'><strong>ad</strong></span> <span class='ocrx_word' id='word_1_667' title='bbox 2043 2634 2090 2651; x_wconf 65' lang='lat' dir='ltr'><strong>nn».</strong></span> 
     </span>
    </p>

    <p class='ocr_par' dir='ltr' id='par_1_52' title="bbox 1257 2656 1994 2687">
     <span class='ocr_line' id='line_1_125' title="bbox 1257 2656 1994 2687; baseline 0.007 -9"><span class='ocrx_word' id='word_1_668' title='bbox 1257 2657 1321 2679; x_wconf 68' lang='lat' dir='ltr'><strong>sen.</strong></span> <span class='ocrx_word' id='word_1_669' title='bbox 1341 2656 1433 2680; x_wconf 85' lang='lat' dir='ltr'><strong>Ubera</strong></span> <span class='ocrx_word' id='word_1_670' title='bbox 1451 2657 1643 2687; x_wconf 78' lang='lat' dir='ltr'><strong>appetentem,</strong></span> <span class='ocrx_word' id='word_1_671' title='bbox 1672 2661 1721 2682; x_wconf 82' lang='lat' dir='ltr'><strong>aut</strong></span> <span class='ocrx_word' id='word_1_672' title='bbox 1739 2659 1771 2682; x_wconf 84' lang='lat' dir='ltr'><strong>ad</strong></span> <span class='ocrx_word' id='word_1_673' title='bbox 1792 2659 1872 2683; x_wconf 83' lang='lat' dir='ltr'><strong>ulnas</strong></span> <span class='ocrx_word' id='word_1_674' title='bbox 1892 2666 1972 2683; x_wconf 77' lang='lat' dir='ltr'><strong>ruere</strong></span> <span class='ocrx_word' id='word_1_675' title='bbox 1981 2658 1994 2683; x_wconf 67' lang='grc' dir='ltr'><strong>’ἐ</strong></span> 
     </span>
    </p>
   </div>
   <div class='ocr_carea' id='block_1_33' title="bbox 1261 2005 1327 2064">
    <p class='ocr_par' dir='ltr' id='par_1_53' title="bbox 1261 2005 1327 2064">
     <span class='ocr_line' id='line_1_126' title="bbox 1263 2005 1327 2030; baseline 0.016 -1"><span class='ocrx_word' id='word_1_676' title='bbox 1263 2005 1327 2030; x_wconf 78' lang='lat' dir='ltr'><strong>s&#39;re.</strong></span> 
     </span>
     <span class='ocr_line' id='line_1_127' title="bbox 1261 2041 1325 2064; baseline 0.016 -1"><span class='ocrx_word' id='word_1_677' title='bbox 1261 2041 1325 2064; x_wconf 80' lang='lat' dir='ltr'><strong>Sen.</strong></span> 
     </span>
    </p>
   </div>
   <div class='ocr_carea' id='block_1_34' title="bbox 1260 2107 1325 2167">
    <p class='ocr_par' dir='ltr' id='par_1_54' title="bbox 1260 2107 1325 2167">
     <span class='ocr_line' id='line_1_128' title="bbox 1262 2107 1325 2132; baseline -0.016 0"><span class='ocrx_word' id='word_1_678' title='bbox 1262 2107 1325 2132; x_wconf 78' lang='lat' dir='ltr'><strong>Cre.</strong></span> 
     </span>
     <span class='ocr_line' id='line_1_129' title="bbox 1260 2144 1325 2167; baseline -0.015 0"><span class='ocrx_word' id='word_1_679' title='bbox 1260 2144 1325 2167; x_wconf 85' lang='lat' dir='ltr'><strong>Sen.</strong></span> 
     </span>
    </p>
   </div>
   <div class='ocr_carea' id='block_1_35' title="bbox 1262 2210 1324 2236">
    <p class='ocr_par' dir='ltr' id='par_1_55' title="bbox 1262 2210 1324 2236">
     <span class='ocr_line' id='line_1_130' title="bbox 1262 2210 1324 2236; baseline 0 0"><span class='ocrx_word' id='word_1_680' title='bbox 1262 2210 1324 2236; x_wconf 77' lang='lat' dir='ltr'><strong>Cre.</strong></span> 
     </span>
    </p>
   </div>
   <div class='ocr_carea' id='block_1_36' title="bbox 1259 2281 1326 2373">
    <p class='ocr_par' dir='ltr' id='par_1_56' title="bbox 1259 2281 1326 2373">
     <span class='ocr_line' id='line_1_131' title="bbox 1259 2281 1325 2305; baseline 0.015 -1"><span class='ocrx_word' id='word_1_681' title='bbox 1259 2281 1325 2305; x_wconf 85' lang='lat' dir='ltr'><strong>Sen.</strong></span> 
     </span>
     <span class='ocr_line' id='line_1_132' title="bbox 1261 2315 1322 2339; baseline -0.016 0"><span class='ocrx_word' id='word_1_682' title='bbox 1261 2315 1322 2339; x_wconf 75' lang='lat' dir='ltr'><strong>Cre.</strong></span> 
     </span>
     <span class='ocr_line' id='line_1_133' title="bbox 1260 2350 1326 2373; baseline -0.015 -1"><span class='ocrx_word' id='word_1_683' title='bbox 1260 2350 1326 2373; x_wconf 85' lang='lat' dir='ltr'><strong>Sen.</strong></span> 
     </span>
    </p>
   </div>
   <div class='ocr_carea' id='block_1_37' title="bbox 1259 2416 1323 2475">
    <p class='ocr_par' dir='ltr' id='par_1_57' title="bbox 1259 2416 1323 2475">
     <span class='ocr_line' id='line_1_134' title="bbox 1259 2416 1322 2441; baseline 0.016 -1"><span class='ocrx_word' id='word_1_684' title='bbox 1259 2416 1322 2441; x_wconf 80' lang='lat' dir='ltr'><strong>Cre.</strong></span> 
     </span>
     <span class='ocr_line' id='line_1_135' title="bbox 1259 2452 1323 2475; baseline -0.016 -1"><span class='ocrx_word' id='word_1_685' title='bbox 1259 2452 1323 2475; x_wconf 76' lang='lat' dir='ltr'><strong>Sen.</strong></span> 
     </span>
    </p>
   </div>
   <div class='ocr_carea' id='block_1_38' title="bbox 1129 1175 1136 2712">
    <p class='ocr_par' dir='ltr' id='par_1_58' title="bbox 1129 1175 1136 2712">
     <span class='ocr_line' id='line_1_136' title="bbox 1129 1175 1136 2712; baseline 0 0"><span class='ocrx_word' id='word_1_686' title='bbox 1129 1175 1136 2712; x_wconf 95' lang='lat' dir='ltr'><strong> </strong></span> 
     </span>
    </p>
   </div>
   <div class='ocr_carea' id='block_1_39' title="bbox 1259 2689 2064 2723">
    <p class='ocr_par' dir='ltr' id='par_1_59' title="bbox 1259 2689 2064 2723">
     <span class='ocr_line' id='line_1_137' title="bbox 1259 2689 2064 2723; baseline 0.007 -10"><span class='ocrx_word' id='word_1_687' title='bbox 1259 2690 1322 2714; x_wconf 77' lang='lat' dir='ltr'><strong>Cre.</strong></span> <span class='ocrx_word' id='word_1_688' title='bbox 1341 2689 1380 2713; x_wconf 86' lang='lat' dir='ltr'><strong>lbi</strong></span> <span class='ocrx_word' id='word_1_689' title='bbox 1399 2692 1428 2713; x_wconf 90' lang='lat' dir='ltr'><strong>ut</strong></span> <span class='ocrx_word' id='word_1_690' title='bbox 1447 2696 1501 2714; x_wconf 88' lang='lat' dir='ltr'><strong>non</strong></span> <span class='ocrx_word' id='word_1_691' title='bbox 1522 2691 1661 2723; x_wconf 83' lang='lat' dir='ltr'><strong>existens,</strong></span> <span class='ocrx_word' id='word_1_692' title='bbox 1689 2693 1779 2723; x_wconf 83' lang='lat' dir='ltr'><strong>iniqua</strong></span> <span class='ocrx_word' id='word_1_693' title='bbox 1799 2699 1898 2722; x_wconf 83' lang='lat' dir='ltr'><strong>passus</strong></span> <span class='ocrx_word' id='word_1_694' title='bbox 1918 2696 1961 2717; x_wconf 81' lang='lat' dir='ltr'><strong>est</strong></span> <span class='ocrx_word' id='word_1_695' title='bbox 1981 2702 1996 2718; x_wconf 74' lang='lat' dir='ltr'><strong>a</strong></span> <span class='ocrx_word' id='word_1_696' title='bbox 2015 2701 2064 2719; x_wconf 75' lang='lat' dir='ltr'><strong>nie.</strong></span> 
     </span>
    </p>
   </div>
  </div>
 </body>
</html>
