2373 2980
185 105 258 140 959

234 186 403 233 Alligavit
431 189 577 230 propter
600 191 718 212 meum
744 179 895 213 dedecus
920 178 1112 213 adinissum
1140 179 1177 213 in

595 242 772 273 conluglO·

576 281 719 314 Vivitne
736 280 807 313 filia
827 279 1046 313 Hermione?

234 294 329 326 flleu.
360 288 438 320 Heu
455 296 522 318 me.

518 357 732 406 [Strophe
762 354 847 403 13.]

186 438 257 474 695
286 434 360 469 Hel.
397 429 479 463 Sine
504 425 658 470 nuptm,
700 425 774 458 sine
805 424 944 465 liberis,
987 437 1006 457 o
1039 423 1178 461 marite,

598 482 706 520 gemit

236 540 382 573 ,Nostras
402 529 545 574 nuptias
565 534 598 561 et
614 539 732 560 meum
750 525 912 559 dedecus.
1204 533 1206 560 χ

236 591 331 624 Blera.
359 583 391 615 O
409 581 531 620 Paris,
565 578 626 624 qui
650 584 763 610 totam
788 577 935 610 domum
960 587 1075 609 meam
1101 574 1178 606 fun·
1204 567 1207 659 ἱ

1206 679 1207 703 l

1203 297 1206 361 l

1203 367 1206 436 ἔ

596 629 688 662 ditus
706 627 880 667 evertisti,

238 691 333 723 llaec
353 685 459 719 etiam
478 689 511 715 te
527 680 779 726 perdiderunt,
805 685 838 712 et
855 678 985 711 inultos

239 744 394 775 tii-accos
409 734 580 768 habentes
597 743 699 764 aerea
715 742 826 763 arma.

524 808 733 856 [Stroplie
761 803 845 852 14.]

190 890 263 923 700
291 884 365 919 Hel.
391 879 450 913 Me
469 890 487 910 a
504 875 618 921 patria
638 873 815 906 infelicem

240 932 482 972 Execrabilem
502 928 597 960 Deus
622 923 768 958 abduxit

240 990 293 1023 Ab
315 985 401 1019 urbe
421 987 454 1014 et
473 986 505 1012 te
518 1005 526 1017 ‚

241 1039 332 1085 Quia
353 1037 498 1067 domum
520 1034 554 1061 et
570 1024 774 1068 coniugium
793 1021 940 1067 reliqui,

240 1093 319 1126 hoii
338 1084 543 1127 relinquens
557 1082 705 1122 propter
724 1081 844 1118 turpes
858 1070 1012 1116 nuptias.

192 1142 264 1178 705
294 1141 389 1175 Ultor.
418 1133 455 1167 Si
471 1132 508 1164 in
523 1127 669 1173 reliquis
691 1136 899 1170 prosperam
919 1124 1108 1177 fortunam·

242 1182 538 1233 (Ioiisequamiiii,
567 1180 611 1212 ad
627 1177 810 1222 superiora
829 1175 903 1210 sitis
919 1185 1033 1218 aequo
1051 1182 1183 1204 animo.
1210 1179 1211 1183 ¹

244 1248 336 1280 Νιιη.
362 1235 546 1273 Menelae,
585 1228 767 1274 impertias
791 1234 823 1261 et
850 1224 939 1259 mihi
963 1223 1098 1269 aliquid
1124 1234 1184 1255 vo-

601 1280 768 1325 luptatis,
1159 1323 1167 1329 .

244 1347 361 1391 Quam
383 1351 447 1383 ego
473 1333 645 1379 cognovi,
680 1332 740 1365 sed
763 1339 895 1362 nomen
921 1325 981 1371 qui
1004 1336 1078 1358 non
1103 1330 1186 1358 satis
1212 1333 1215 1365 ¹,

609 1383 768 1426 intelligo
780 1380 838 1425 ⁴⁵).
1212 1368 1215 1401 l

245 1448 341 1482 Men.
365 1441 398 1476 Ο
416 1450 539 1478 senex,
567 1432 783 1479 colloquaris
805 1436 839 1463 et
854 1436 904 1462 tii.
1213 1458 1214 1476 ἶ

196 1500 269 1534 710
299 1499 390 1530 Nun.
418 1491 475 1525 An
498 1500 573 1522 non
592 1484 681 1519 haec
707 1490 758 1517 est
783 1479 983 1526 praemium
1009 1478 1187 1515 laborum,
1213 1478 1214 1485 ¹

605 1548 695 1582 quos
709 1535 745 1567 in
762 1532 826 1566 Ilio
843 1527 1050 1573 suscepisti?

247 1601 342 1635 Men.
368 1595 451 1630 Non
469 1598 519 1625 est
534 1588 640 1626 liaec;
669 1584 807 1629 decepti
823 1593 944 1617 sumus
962 1592 980 1613 a
997 1579 1093 1617 Diis,

249 1652 428 1684 Habentes
471 1644 508 1676 in
551 1639 716 1673 manibus
758 1636 944 1669 obscuram
994 1629 1187 1674 imaginem

608 1689 724 1723 nubis.

249 1756 342 1788 Nun.
376 1747 473 1793 Quid
511 1741 586 1777 ais?
622 1737 852 1775 sustinuimus
886 1734 1025 1767 labores
1059 1732 1187 1764 frustra
1218 1732 1219 1735 ’

605 1797 753 1837 propter
768 1788 898 1821 nubem
908 1785 924 1818 ἲ

250 1856 345 1890 Men.
381 1849 478 1882 Haec
501 1851 583 1881 sunt
609 1854 717 1887 opera
741 1837 907 1876 Iunonis,
952 1841 986 1868 et
1010 1833 1190 1867 contentio
1217 1852 1219 1859 ι

607 1894 716 1927 trium
734 1891 905 1924 Dearum.

207 1956 279 1993 715
306 1958 399 1990 Nun.
439 1951 533 1985 Num
564 1945 671 1984 haec,
713 1954 803 1988 quae
827 1951 909 1972 vere
935 1942 1006 1975 est,
1049 1942 1100 1969 est
1131 1941 1191 1968 tua

612 1993 728 2030 uxor?

253 2061 350 2095 Men.
378 2055 494 2091 Haec,
522 2049 622 2082 crede
640 2045 727 2078 ineis
745 2042 871 2075 verbis.

257 2113 349 2144 Nun.
378 2106 410 2139 Ο
428 2103 497 2137 filia
509 2128 519 2141 ,
547 2110 653 2145 quam
672 2095 771 2128 varia
789 2105 844 2126 res
862 2096 912 2124 est
929 2088 1025 2121 Deus

258 2161 300 2193 Et
316 2151 588 2199 investigabilis!
616 2150 706 2181 bene
723 2145 805 2179 facit
822 2142 950 2180 exitus,

255 2213 449 2254 Postquam
468 2203 537 2238 huc
555 2208 588 2234 et
605 2200 688 2232 illuc
703 2196 825 2229 vertit:
854 2193 911 2225 ille
927 2191 1085 2246 laborat,

210 2265 281 2299 720
309 2261 409 2294 Alius
426 2269 500 2290 non
514 2254 681 2287 laborans
698 2259 820 2282 rursus
836 2244 927 2277 male
947 2246 1039 2286 perit
1051 2266 1059 2278 ‚

259 2311 355 2348 Nihil
373 2309 508 2343 habens
523 2304 614 2338 firmi
633 2300 822 2335 continuae
839 2297 1016 2328 fortunae.
1049 2341 1056 2348 ⁶
1113 2339 1120 2346 ⁶
1159 2338 1166 2345 .

256 2365 313 2397 Tu
332 2369 365 2396 et
380 2361 528 2393 maritus
545 2363 624 2388 tuus
644 2362 791 2395 magnos
808 2348 947 2380 labores
973 2345 1198 2378 sustinuistis,

259 2416 314 2447 Tu
333 2413 501 2457 opimone
514 2436 523 2448 ,
549 2407 606 2439 ille
625 2400 867 2446 belligerando
1005 2445 1011 2451 ι
1045 2443 1052 2449 .
1224 2408 1226 2445 ¹:

261 2463 456 2500 S‹›llicitus;
485 2458 628 2505 quando
652 2459 727 2488 erat
751 2449 942 2486 sollicitus,
976 2442 1068 2477 nihil
1093 2440 1199 2474 habe-

615 2508 696 2545 bat,
724 2514 817 2536 nunc
835 2506 950 2533 autem
972 2494 1098 2533 habet,

768 93 890 129 PHIL.
925 92 1035 127 MEL.
1073 91 1273 127 SCRIPTA
1307 92 1644 129 PHILOLOGICA.

247 2633 295 2657 45]
316 2631 364 2655 sed
382 2633 480 2652 nomen
498 2638 532 2642 —
551 2621 697 2651 intelligo]
717 2619 756 2642 sic
774 2617 857 2641 Editt.
875 2615 967 2643 1558„
994 2613 1086 2651 ¹5⁶2*
1119 2612 1201 2650 Editt.

283 2667 401 2690 recent:
421 2662 468 2685 sed
487 2663 577 2683 tamen
599 2658 693 2687 plane,
719 2658 859 2684 quaenam
877 2650 927 2679 slt,
946 2654 999 2672 non
1019 2653 1075 2671 scio
1094 2647 1201 2676 (Em-ip.

284 2698 315 2725 οὐ
336 2697 433 2730 σαφῶς
452 2692 479 2719 δ’
499 2693 578 2725 ἔχω).

2148 96 2222 132 960

1231 179 1305 215 725
1335 180 1436 213 Ultro
1473 178 1605 213 liabens
1643 177 1872 227 obieciam‘ffi)
1909 192 2117 225 prosperam
2150 182 2222 215 for-

1654 235 1791 263 tunam.

1282 283 1363 317 Non
1389 282 1496 326 igitur
1520 287 1657 324 patrem
1682 292 1803 313 senem
1835 287 1870 313 et
1895 281 2077 315 Castorem
2115 289 2220 327 atque

1640 331 1822 364 Pollucem

1282 381 1531 421 Dedecorasti,
1556 393 1671 426 neque
1688 381 1819 422 fecisti,
1847 383 1963 428 qualia
1982 383 2159 416 dicuntur.

1283 435 1384 468 iNunc
1404 445 1538 465 renovo
1559 439 1636 466 tuas
1653 434 1795 476 nuptias
1807 459 1816 472 ‚

1280 485 1325 517 Et
1342 483 1488 516 memini
1506 484 1617 523 faces,
1646 496 1734 528 quas
1752 482 1972 529 quadriiugis

1233 536 1306 569 730
1332 535 1443 580 Equis
1460 532 1590 568 vehens
1607 535 1783 573 ferebam;
1812 541 1850 568 tu
1868 534 1904 566 in
1923 546 2029 567 curru

1283 588 1371 619 Cum
1405 586 1471 619 isto
1497 592 1557 618 tuo
1586 597 1716 629 sponso
1749 586 1974 631 relinquebas
2001 585 2136 618 felicem
2162 586 2224 618 do-

1639 649 1750 670 lllUlsso

1285 685 1502 731 „Improbus
1518 694 1586 727 est,
1623 687 1685 732 qui
1708 698 1782 720 non
1805 686 1954 720 afficitur
1979 687 2083 720 rebus
2110 687 2224 720 domi-

1640 750 1770 771 norum
1783 764 1792 777 ‚

1283 814 1304 827 „
1316 788 1386 832 Qui
1405 800 1479 821 non
1498 800 1567 821 una
1586 790 1715 832 gaudet
1731 795 1765 821 et
1780 800 1850 821 una
1868 788 1964 821 dolet
1980 787 2017 820 in
2034 787 2203 833 inalis47).

1284 838 1359 882 Ego
1378 839 1517 873 tametsi
1534 846 1638 873 natus
1656 852 1734 873 sum
1757 850 1895 879 servus,
1930 845 2050 872 tamen
2070 838 2122 872 fui
2143 836 2225 872 hac-

1643 897 1746 924 tenus

1238 938 1311 973 735
1339 940 1554 975 Numeratus
1569 941 1662 974 inter
1682 954 1872 986 generosos

1287 991 1434 1031 Servos,
1461 1004 1534 1024 non
1552 990 1687 1027 liabens
1701 1005 1834 1025 nomen
1851 992 2001 1025 liberum
2015 1016 2024 1030 ‚

1288 1041 1356 1074 Sed
1373 1049 1544 1075 mentem:
1573 1042 1641 1076 hoc
1657 1044 1781 1077 melius
1800 1050 1850 1076 est
1867 1055 1974 1088 quam
1992 1043 2063 1074 duo
2081 1041 2172 1074 mala

1290 1092 1407 1125 Unum
1428 1090 1577 1134 habere,
1605 1100 1639 1126 et
1655 1095 1749 1127 malo
1768 1094 1888 1126 animo
1905 1092 2106 1137 praeditum
2123 1104 2208 1132 esse,

1286 1142 1331 1175 Et
1346 1144 1390 1175 ab
1409 1144 1503 1183 aliis,
1532 1144 1593 1189 qui
1608 1156 1720 1188 prope
1737 1151 1771 1177 te
1789 1150 1890 1183 sunt,
1914 1144 1985 1176 dici
2000 1154 2155 1177 servum.

1239 1193 1312 1228 740
1339 1195 1434 1228 Men.
1461 1196 1557 1238 Age,
1583 1207 1603 1228 o
1621 1206 1745 1234 senex,
1772 1194 1903 1227 multos
1918 1195 1963 1227 ad
1981 1194 2143 1237 clypeum

1289 1245 1448 1279 Labores
1465 1246 1657 1289 implevisti
1674 1258 1715 1278 ex
1734 1246 1821 1278 meis
1836 1244 2030 1277 laboribus.

1289 1296 1334 1328 Et
1351 1309 1445 1329 nunc
1463 1297 1638 1341 particeps
1656 1308 1755 1329 meae
1774 1296 1950 1329 felicitatis

1290 1347 1455 1393 Vade‘ffa)
1474 1354 1507 1380 et
1520 1348 1646 1381 nuntia
1664 1348 1751 1381 meis
1764 1347 1879 1386 sociis,
1895 1346 1957 1392 qui
1968 1343 2084 1379 adhuc
2093 1344 2230 1385 vivunt,

1291 1398 1405 1438 Haec,
1447 1400 1543 1443 quod
1578 1411 1635 1431 me
1670 1399 1868 1437 inveneris,
1912 1404 1944 1430 et
1981 1408 2050 1441 qua
2085 1396 2230 1429 fortuna

1651 1456 1708 1481 uta
1715 1461 1794 1481 miii·
1805 1475 1814 1489 ,

1242 1498 1315 1534 745
1343 1499 1392 1532 Ut
1408 1506 1578 1532 maneant
1594 1500 1638 1533 ad
1655 1500 1771 1543 ripam
1783 1526 1792 1539 ,
1820 1505 1853 1532 et
1872 1503 2055 1542 expectent
2070 1507 2149 1529 mea

1291 1550 1495 1584 Certamiiia
1508 1577 1516 1590 ‚
1545 1563 1635 1596 quae
1653 1556 1896 1594 expectamus,
1925 1559 2015 1593 quae
2031 1558 2231 1591 speramus3

1291 1601 1337 1634 Et
1366 1602 1548 1646 quomodo
1579 1601 1755 1646 possimus
1785 1599 1877 1633 lianc
1909 1602 2058 1633 educere
2090 1610 2132 1631 ex
2165 1595 2232 1630 hac

1655 1659 1747 1684 terra

1293 1703 1333 1736 ln
1349 1703 1506 1737 custodia
1520 1729 1528 1743 ‚
1554 1709 1663 1748 utque
1680 1701 1876 1735 coniunctis
1893 1699 2031 1734 auxiliis

1294 1755 1484 1788 Servemur
1502 1766 1521 1786 a
1539 1754 1701 1788 barbaris
1713 1780 1721 1793 ,
1748 1753 1777 1787 si
1795 1752 1981 1796 possimus.

1246 1804 1319 1840 750
1347 1808 1438 1839 Nun.
1465 1805 1570 1838 Fient
1584 1804 1688 1845 haec,
1725 1817 1745 1837 o
1772 1816 1848 1840 rex;
1884 1803 1974 1844 „sed
1999 1808 2120 1835 vatum
2145 1799 2235 1833 divi-

1655 1855 1819 1888 nationes

1494 1908 1589 1952 quod
1623 1907 1737 1939 malae
1771 1906 1841 1940 sint
1871 1911 1905 1938 et
1935 1904 2061 1948 plenae
2091 1903 2235 1936 menda-

1661 1970 1810 1990 ciorum.

1296 2006 1395 2043 Nihil
1412 2008 1488 2042 sani
1509 2015 1585 2040 erat
1601 2008 1637 2040 in
1654 2008 1796 2041 flamma
1816 2007 1925 2050 ignita
1937 2005 2003 2052 ¹⁴⁸),

1298 2060 1420 2105 Neque
1438 2059 1474 2091 in
1495 2071 1578 2092 voce
1596 2060 1733 2092 avium:
1763 2059 1909 2092 stultitia
1926 2064 1977 2090 est

1298 2112 1429 2144 Putare
1448 2108 1610 2143 homines
1628 2111 1671 2143 ab
1688 2111 1814 2143 avibus
1832 2108 1958 2142 iuvari.

1298 1907 1440 1947 „Video

1221 2205 1223 2214 ,
1249 2160 1323 2195 755
1352 2159 1498 2195 Calchas
1529 2173 1601 2194 non
1635 2161 1723 2194 dixit
1754 2172 1869 2206 neque
1901 2157 2110 2202 significavit
2143 2167 2238 2189 exer-

1663 2213 1764 2245 citui:

1300 2263 1414 2295 Video
1433 2262 1564 2295 amicos
1581 2264 1773 2295 morientes
1790 2274 1853 2306 pro
1872 2261 1976 2294 nube.

1300 2314 1400 2351 Boiu
1429 2314 1487 2346 sed
1505 2314 1588 2346 urbs
1606 2314 1732 2347 frustra
1754 2314 1890 2356 direpta
1908 2318 1969 2345 est.

1285 2406 1333 2433 46)
1352 2405 1432 2428 Ultro
1459 2404 1560 2427 liabens
1587 2403 1733 2432 obiectam]
1761 2403 1802 2426 sic
1826 2404 1925 2430 Bam„
1951 2403 2056 2432 Musgr.
2083 2400 2130 2428 (=
2145 2400 2238 2431 Euri'p.

1320 2436 1476 2471 Λύτόματα
1494 2436 1628 2469 affligam
1659 2438 1743 2461 Editt.
1765 2438 1854 2468 1553,
1876 2436 1949 2460 1562.
1971 2436 2049 2460 uitro
2068 2436 2172 2459 habens
2190 2436 2241 2459 ab·

1287 2476 1423 2547 47¹)ffcttiiiull.
1441 2506 1469 2530 in
1486 2506 1569 2531 Editt.
1591 2506 1683 2533 1558„
1704 2506 1776 2530 1562.
1798 2507 1862 2529 nota.
1879 2511 1983 2535 marg:
2011 2505 2159 2528 Servorum
2178 2503 2242 2528 offi-

1289 2549 1474 2634 47inlmgaxde31
1499 2574 1538 2598 sic
1562 2576 1609 2603 (z
1623 2576 1688 2600 text.
1711 2576 1768 2605 gr.)
1788 2575 1871 2598 Editt.
1898 2576 2015 2603 recent.;
2052 2573 2136 2597 Editt.
2158 2573 2242 2602 1558,

1328 2611 1376 2634 156
1395 2628 1400 2634 .
1437 2609 1456 2631 'i
1477 2615 1498 2632 e.

1289 2646 1336 2674 48]
1356 2644 1383 2667 iii
1401 2645 1510 2667 flamma
1528 2643 1613 2673 ignita
1623 2645 1646 2672 ,]
1673 2643 1714 2667 his
1739 2643 1765 2666 in
1785 2649 1870 2673 marg.
1889 2642 1972 2666 Editt.
1989 2642 2078 2673 1553„
2101 2641 2173 2666 1562.
2192 2641 2242 2665 ad-

1325 2680 1394 2702 iecta
1413 2680 1457 2702 est
1477 2678 1638 2708 explicatio:
1665 2678 1693 2701 ld
1716 2680 1774 2709 est,
1800 2678 1826 2701 in
1846 2676 1999 2700 sacrificiis.
