2373 2980
12 274 19 299 2,

108 84 181 119 509
572 83 662 119 LIX.

151 171 253 203 Phae.
279 165 450 202 Cohibete
469 181 543 210 vos,
572 182 781 215 cognoscam
798 171 1005 211 clamorem,
1033 170 1094 216 qui

512 221 606 256 intus
632 229 746 256 sonat.

150 273 246 305 Gkor.
275 270 393 304 Taceo
405 298 414 311 ,
441 269 508 305 hoc
526 279 578 307 est
593 273 727 307 malum
746 273 943 307 exordium.

149 323 250 355 Phae.
279 321 357 356 Heu
377 335 453 363 me,
479 321 549 358 heu
568 322 638 358 heu
655 322 725 358 heu
741 323 824 358 heu!

97 370 170 406 570
198 372 230 405 Ο
250 385 306 406 me
324 374 492 408 miseram
514 382 662 420 propter
679 388 739 417 ea,
768 388 859 422 quae
877 374 1012 420 patior!

442 457 658 506 [Strophe
688 460 748 509 1.]

145 527 242 560 Clwr.
271 526 388 571 Quam
407 540 529 561 vocem
549 529 680 563 sonas?

144 577 238 620 Quid
257 577 442 612 clamitas?

143 626 261 661 Dicito
273 655 282 669 ‚
310 641 400 674 quae
419 635 529 662 terret
548 636 648 663 tuum

139 678 246 711 Fama
260 706 268 719 ,
297 693 317 712 o
334 681 482 721 mulier,
507 681 668 715 animum
687 688 758 714 tam
777 681 892 715 subita
903 682 917 714 ζ)

426 761 655 810 [Systema
691 762 751 811 1.]

336 832 464 864 Actum
490 838 541 865 est
564 833 607 865 de
631 832 735 866 nobis
756 833 930 867 stantibus
955 834 998 866 ad
1020 831 1084 868 has

505 889 638 927 portas.

139 932 287 973 Audite,
316 933 430 979 qualis
448 935 620 968 tumultus
639 941 720 968 ruat
736 935 771 968 in
792 935 949 970 aedibus.

432 1017 641 1066 [strophe
668 1018 734 1068 2.]

140 1087 236 1121 Chor-
264 1086 321 1120 Tu
337 1093 406 1121 stes
421 1088 466 1120 ad
483 1088 629 1122 ianuam
644 1116 653 1129 ,
682 1089 744 1122 tibi

139 1138 253 1171 Curae
270 1143 340 1178 est,
367 1150 458 1183 quae
476 1139 573 1172 venit

137 1189 189 1222 Ex
207 1188 352 1222 aedibus
370 1190 462 1221 fama
475 1215 484 1229 ,

87 1239 162 1274 580
188 1239 255 1272 Dic
271 1237 381 1279 mihi,
409 1240 465 1272 dic
477 1265 485 1279 ,

138 1291 318 1334 Quidnam
337 1290 464 1323 accidit
480 1290 589 1322 mali?

420 1371 648 1420 [Systema
675 1373 739 1421 2.]

134 1440 238 1472 Phae.
265 1437 377 1474 Filius
392 1440 579 1474 bellicosae
593 1442 786 1476 Amazonis
804 1443 952 1482 clamat,

134 1490 368 1536 Hippolytus,
411 1491 531 1525 dicens
557 1499 679 1525 contra
707 1494 870 1526 ancillam
882 1494 928 1540 3⁹)
953 1495 1073 1538 gravia

496 1543 602 1577 mala.

374 1625 692 1674 [Aratistrophe
719 1629 780 1678 2.]

133 1697 231 1731 chor.
258 1693 377 1728 Audio
397 1707 540 1734 vocem;

80 1745 155 1781 585
182 1747 265 1781 Non
282 1758 426 1791 possum
447 1748 539 1781 clare

129 1798 316 1843 Percipere
338 1810 473 1832 vocem.

128 1849 195 1883 Ivit
210 1862 273 1894 per
291 1855 413 1893 portas
424 1876 433 1890 ‚

86 1939 90 1941 λ
129 1900 235 1934 Venit
250 1900 316 1934 tibi
329 1912 409 1934 vox.

89 828 163 863 575
192 832 294 864 Phae.

358 1983 686 2033 [Antisystema
712 1985 776 2034 2.]

128 2055 230 2088 Phae.
257 2052 390 2098 Aperte
408 2053 506 2086 illam
525 2054 798 2088 conciliatricem
818 2056 995 2090 malorum

76 2103 151 2140 590
177 2104 291 2146 Dicit,
318 2117 407 2150 quae
424 2104 624 2149 prodiderit
640 2103 838 2141 thalamum
856 2108 1006 2143 domini.

369 2187 680 2236 [Antistrophe
711 2189 768 2239 1.]

126 2258 222 2292 Ghor.
248 2255 329 2291 Heu
346 2269 420 2298 me,
448 2269 539 2303 quae
558 2258 668 2291 mala!

123 2308 272 2342 Prodita
290 2320 326 2342 es
338 2335 347 2348 ‚
376 2321 396 2341 o
416 2306 535 2343 chara.

124 2358 221 2403 Quid
234 2359 299 2393 tibi
314 2359 395 2392 dem
414 2359 578 2393 consilii?

124 2410 263 2443 Arcana
277 2410 371 2444 enirn
390 2417 471 2444 sunt
486 2411 639 2444 revelata
653 2424 658 2443 :
694 2412 842 2456 periisti.

74 2458 149 2494 595
176 2462 279 2498 Phae.
306 2461 404 2503 Heu,
428 2459 517 2502 heu,
544 2459 733 2503 heu‚heu!
789 2465 886 2499 Chor.
914 2465 1063 2501 Prodita

485 2525 521 2547 es
538 2514 582 2547 ab
600 2513 732 2548 amicis.

105 2636 153 2670 39)
172 2636 316 2666 ancillam]
335 2636 375 2661 sic
387 2637 469 2662 Editt.
486 2638 577 2668 ¹558.‚
598 2638 690 2670 1562.;
714 2639 791 2663 Fix.:
817 2640 944 2665 famulam
965 2644 1060 2671 (utra-

140 2678 191 2703 que
208 2677 263 2696 vox
281 2680 315 2693 =
332 2671 424 2702 Eurip.
445 2668 632 2703 πρόςπολον);
656 2675 755 2705 Barn.‚
773 2675 895 2706 Musgr.:
915 2677 1058 2702 nutricem.

723 83 1121 119 INTERPRETATIO
1147 84 1408 121 HIPPOLYTI
1434 85 1683 123 EURIPIDIS.

1099 1712 1102 1755 s
1127 1713 1202 1748 615
1228 1718 1310 1750 Nat.
1344 1716 1502 1762 Ignosce.

1436 172 1769 221 [Antisystema
1800 174 1860 224 1.]

1197 235 1300 267 Phae.
1328 233 1490 266 Perdidit
1508 245 1583 273 me,
1611 233 1730 269 dicens
1750 248 1828 268 mea
1850 236 1942 268 mala

1195 284 1317 317 Amice
1335 284 1478 329 quidem
1491 311 1499 324 ‚
1527 286 1587 318 sed
1606 297 1680 318 non
1701 298 1828 321 curans
1848 285 1942 321 hunc
1961 288 2139 322 morbum.

1196 337 1293 370 Ghor.
1322 335 1514 379 Quomodo
1525 335 1539 368 ’Β
1575 337 1660 380 quid
1677 337 1801 379 facies,
1831 351 1851 371 0
1871 350 1971 383 passa
1990 339 2139 383 inexpli-

1552 387 1705 421 cabilia?

1193 437 1296 470 Phae.
1321 435 1460 476 Nescio,
1485 435 1555 469 nisi
1569 449 1701 479 unum,
1726 440 1820 473 mori
1840 454 1946 486 quam
1962 441 2136 486 primum:

1143 487 1216 522 600
1245 488 1352 532 Quod
1372 493 1422 521 est
1442 487 1621 521 malorum
1644 492 1885 533 praesentium
1911 492 2056 527 unicum
2084 504 2138 525 re-

1552 540 1724 575 medium.

1190 591 1291 633 Hipp.
1319 589 1351 622 O
1368 596 1461 623 terra
1482 597 1615 631 mater,
1642 597 1676 624 et
1691 592 1774 627 solis
1791 594 1975 628 volumina
1990 609 1996 628 ι

1192 641 1402 675 Cuiusmodi
1425 642 1599 676 orationis
1615 654 1690 677 non
1714 644 1902 678 dicendam
1927 658 2050 680 vocem
2077 658 2137 679 au-

1552 692 1650 726 divi?

1188 746 1270 778 Neci.
1306 743 1421 785 Tace,
1463 757 1483 778 o
1509 745 1577 786 fili,
1616 745 1825 792 priusquam
1858 747 1980 782 audiat
2012 760 2135 781 vocem

1560 796 1702 842 aliquis.

1189 848 1289 889 Hipp.
1326 846 1409 881 Non
1434 853 1551 892 potest
1574 848 1669 888 fieri,
1705 854 1744 882 ut
1768 855 1923 891 taceam,
1959 863 2037 884 curn
2062 857 2133 883 tam

1547 899 1682 933 atrocia
1698 901 1910 936 audiverim.

1138 947 1211 983 605
1238 952 1321 983 Ναί.
1350 949 1425 983 Oro
1445 956 1478 983 te
1496 963 1560 995 per
1575 957 1674 984 tuam
1692 950 1879 996 pulchram
1898 954 2072 986 dextram.

1188 1003 1289 1044 Ile‘pp.
1332 1001 1385 1035 Ne
1418 1002 1572 1046 attingas
1601 1014 1750 1037 manum
1767 1030 1776 1044 ‚
1826 1016 1942 1050 neque
1979 1003 2131 1048 attingas

1548 1059 1694 1088 vestem.

1186 1104 1268 1135 Nat.
1295 1103 1327 1136 O
1346 1115 1411 1148 per
1426 1116 1540 1148 genua
1558 1111 1618 1138 tua
1636 1111 1670 1137 te
1688 1117 1796 1150 rogo,
1821 1119 1865 1140 ne
1883 1119 1939 1140 me
1955 1107 2096 1151 perdas.

1185 1155 1286 1197 Ηῖμρ.
1321 1154 1436 1200 Quid,
1471 1156 1500 1190 si
1526 1156 1691 1201 quidem,
1724 1163 1765 1191 ut
1789 1158 1895 1199 dicis,
1926 1155 2016 1191 nihil
2044 1158 2129 1190 mali

1539 1207 1657 1241 locuta
1679 1208 1739 1242 es?

1184 1257 1266 1289 Nat.
1295 1255 1326 1288 O
1346 1257 1414 1299 fili,
1443 1256 1510 1291 hoc
1534 1271 1654 1292 meum
1680 1259 1812 1295 dictum
1839 1273 1913 1294 non
1942 1267 1992 1295 est
2015 1260 2129 1294 divul-

1541 1311 1709 1354 gaudum.

1132 1356 1205 1390 610
1232 1359 1334 1401 Ile‘pp.
1354 1359 1535 1399 „Honesta
1555 1362 1663 1394 etiam
1679 1362 1772 1397 inter
1790 1364 1920 1398 multos
1937 1362 2126 1398 honestum

1546 1419 1597 1446 est
1614 1413 1742 1448 dicere.

1181 1462 1263 1492 Nat.
1291 1459 1323 1492 O
1342 1460 1410 1500 fili,
1438 1473 1482 1494 ne
1499 1463 1656 1507 negligas
1672 1464 1933 1499 iusiurandum.

1181 1512 1281 1554 He'pp.
1310 1510 1479 1556 „Lingua
1496 1513 1645 1556 iuravit,
1673 1528 1773 1551 mens
1791 1523 1842 1551 est
1857 1517 2012 1550 iniurata
2025 1515 2083 1560 ⁴⁰).

1179 1565 1261 1595 Nat.
1288 1564 1319 1595 Ο
1335 1563 1403 1603 fili,
1432 1564 1517 1609 quid
1533 1566 1664 1601 facies?
1691 1570 1817 1612 perdes
1833 1575 1912 1602 tuos
1931 1568 2075 1602 amicos.

1178 1615 1278 1657 Hipp.
1321 1614 1568 1656 „Abominor3
1610 1631 1716 1653 nemo
1752 1620 1902 1655 iniustus
1939 1626 1989 1653 est
2023 1630 2122 1652 meus

1542 1669 1689 1705 amicus.

1568 1720 1858 1756 Consentaneum
1883 1728 1933 1756 est
1957 1719 2120 1754 homines

1535 1783 1674 1814 errare,
1703 1786 1722 1807 o
1741 1773 1803 1808 fili.

1175 1819 1278 1861 Hipp.
1318 1819 1383 1860 „O
1409 1819 1562 1866 Iupiter,
1603 1824 1691 1869 quid
1715 1825 1873 1859 fucatum
1896 1825 2031 1858 malum
2057 1821 2121 1856 ho-

1524 1874 1682 1910 minibus

1176 1945 1196 1959 ,‚
1208 1918 1398 1955 Collocasti
1417 1922 1453 1955 in
1468 1923 1590 1959 lumen
1606 1927 1690 1961 solis
1708 1927 1875 1961 mulieres
1884 1925 1930 1974 4¹)
1942 1928 1956 1959 'a'

1175 1970 1240 2010 „Si
1260 1972 1403 2007 volebas
1417 1975 1594 2010 seminare
1611 1990 1721 2023 genus
1735 1977 1933 2013 humanum
1947 2005 1956 2018 ,

1174 2022 1288 2061 „Non
1305 2026 1494 2068 oportebat
1507 2025 1577 2062 hoc
1593 2030 1669 2063 fieri
1687 2043 1728 2064 ex
1743 2030 1970 2068 mulieribus;

1122 2070 1197 2107 620
1225 2099 1247 2113 ³,
1258 2073 1324 2107 Sed
1341 2082 1381 2109 ut
1396 2074 1580 2121 homines,
1604 2088 1779 2126 ponentes
1793 2082 1830 2115 in
1846 2081 1915 2115 tuis
1932 2080 2072 2125 templis

1173 2124 1277 2163 „Aut
1294 2138 1372 2167 aes,
1398 2135 1460 2162 aut
1476 2130 1610 2165 ferrum
1622 2159 1631 2173 ‚
1658 2140 1719 2167 aut
1732 2135 1874 2178 pondus
1892 2132 1970 2166 auri
1982 2158 1991 2171 ,

1171 2174 1371 2215 „Emerent
1390 2192 1510 2214 semen
1522 2182 1718 2219 liberorum
1729 2212 1738 2226 ‚
1764 2198 1831 2230 pro
1849 2196 1912 2218 suo
1927 2183 2041 2228 pretio
2054 2209 2062 2222 ,

1170 2225 1358 2272 „Dignum
1377 2232 1642 2277 aestimatione,
1670 2243 1705 2270 et
1721 2235 1962 2283 unusquilibet
1986 2235 2022 2267 in
2050 2235 2113 2267 do-

1533 2286 1651 2320 mibus

1169 2327 1339 2368 „Liberis
1354 2330 1586 2383 habitaret‘ffl)
1604 2337 1679 2372 sine
1696 2338 1916 2373 mulieribus.

1149 2456 1197 2489 40)
1219 2459 1252 2483 Η.
1272 2459 1290 2483 Ι.
1309 2459 1338 2483 in
1356 2459 1439 2485 Editt.
1457 2462 1546 2494 1558.‚
1569 2463 1644 2490 1562.
1663 2467 1729 2491 nota
1746 2473 1850 2499 marg-z
1874 2468 2065 2492 lui-amentum.

1148 2501 1198 2528 41)
1220 2502 1252 2525 Η.
1263 2501 1282 2525 1.
1297 2502 1360 2527 ibid.
1375 2504 1442 2527 nota
1454 2510 1560 2536 marg.:
1585 2508 1666 2531 Acris
1686 2509 1714 2533 in
1728 2516 1815 2541 genus
1830 2512 1962 2536 muliebre
1977 2511 2105 2536 invectio.

1148 2541 1194 2573 42)
1215 2543 1364 2573 habitaret]
1384 2544 1425 2568 sic
1439 2546 1538 2577 scripsi
1550 2550 1664 2579 propter
1676 2553 1845 2581 praecedens
1857 2555 1907 2583 ειη
1926 2553 2106 2581 Editt.1558.,

1184 2577 1258 2602 1562.
1278 2578 1410 2604 hahitare.
1441 2578 1525 2611 (Proz
1544 2584 1625 2613 „Sed
1644 2586 1674 2608 ut
1691 2586 1815 2611 homines
1835 2607 1841 2613 .
1862 2607 1868 2614 .
1888 2607 1893 2613 .
1913 2589 2105 2616 Emerent...,

1182 2612 1209 2634 et
1234 2613 1420 2642 unusquilibet
1438 2633 1445 2640 .
1465 2632 1471 2638 .
1491 2633 1498 2640 .
1517 2616 1705 2644 habitaret..'’
1744 2622 1829 2648 Editt.
1855 2624 1958 2646 recent.
1988 2623 2104 2646 habent:

1180 2647 1263 2677 „Sed
1281 2648 1462 2678 [oportebat]
1480 2650 1605 2678 homiues
1625 2671 1632 2679 .
1651 2672 1658 2679 .
1679 2672 1685 2679 .
1704 2661 1798 2681 emere
1812 2674 1818 2681 .
1833 2676 1839 2682 .
1854 2675 1860 2681 .
1879 2663 2104 2688 unumquemque,

1181 2682 1209 2704 et
1228 2698 1234 2704 .
1254 2699 1260 2705 .
1280 2700 1287 2706 .
1306 2682 1433 2708 habitare
1451 2701 1458 2708 .
1477 2683 1534 2717 .'').
