2373 2980
114 116 189 154 517
583 113 671 148 le.

165 204 304 233 Domus
319 204 456 233 deserta
475 209 546 239 est,
573 207 606 233 et
624 200 726 233 liberi
743 207 825 234 sunt
843 199 1009 245 orphani.

170 253 265 286 Chor.
293 250 583 298 Reliquistiffla),
612 264 632 285 ο
651 249 758 285 chara
774 253 923 293 mulier,

167 302 385 348 Optimaque
397 330 406 343 ,
435 309 614 349 quotquot
632 303 729 337 videt

118 352 192 388 850
214 353 354 387 Lumen
372 354 456 388 solis
468 381 476 394 ,

166 403 214 437 Et
228 411 338 439 noctu
355 406 544 451 splendens
562 405 660 439 luna.

165 456 233 489 Hei
249 457 356 491 miser
367 484 375 497 ,
403 463 577 503 quantum
593 457 679 489 mali
696 454 803 490 habet
818 456 963 490 domus!

166 507 365 553 Palpebrae
383 521 481 542 meae
499 505 691 552 lachrymis
756 506 759 507 ⁷

166 559 281 593 Fusae
299 561 493 593 inadefiunt
510 565 571 592 tuo
587 560 674 593 sato.

116 608 191 644 855
218 610 286 644 Sed
304 617 337 644 et
353 624 503 658 sequens
519 611 652 644 malum
672 608 815 643 horreo.

171 664 266 696 Thes.
293 662 391 703 Heu,
418 663 503 709 quid
521 662 608 695 istae
627 661 766 694 litterae
785 673 825 693 ex
843 658 949 693 chara
968 670 1077 691 manu

166 713 363 757 Snspensae
375 741 383 754 ,
411 714 497 759 qnid
515 712 599 745 novi
617 713 742 746 volunt
760 709 983 755 significare?

166 765 234 797 Sed
254 772 346 798 certe
365 778 502 798 mecum
521 765 564 797 de
583 763 762 796 connubio
780 769 814 796 et
831 762 951 796 liberis
976 762 1111 795 litteras

163 815 402 860 Expostulans
419 815 558 860 scripsit
576 815 709 848 infelix.

115 866 190 900 860
218 866 364 900 Confide
377 894 386 906 ,
414 868 483 900 filia
495 867 553 911 ⁵³).
590 866 681 900 Nam
700 866 811 899 lectus
829 863 958 898 Thesei

165 918 248 951 Non
265 924 333 958 est,
364 930 479 964 neque
497 919 636 956 doinus,
664 917 699 949 in
719 929 826 962 qnam
845 917 963 962 aliqua
981 914 1111 947 mulier

526 968 749 1013 ingrediatur
759 968 817 1014 ⁵⁴).

165 1019 211 1053 Et
226 1021 370 1066 quidem
387 1026 493 1053 notae
513 1020 637 1053 annuli
654 1019 754 1053 aurei

165 1071 278 1105 Huius
308 1084 408 1105 meae
437 1071 597 1115 coniugis
627 1077 792 1104 mortuae
804 1097 813 1110 ‚
855 1067 945 1102 mihi
977 1067 1112 1113 aliquid

532 1123 731 1166 significant
741 1121 800 1167 5⁵).

165 1174 239 1217 Age
257 1174 424 1207 evolvens
442 1173 752 1217 complicationem
773 1173 997 1216 signaturae‚

116 1223 191 1259 865
212 1225 375 1264 Videam,
392 1225 478 1270 quid
495 1222 582 1256 inibi
601 1225 738 1257 litterae
756 1224 843 1257 istae
860 1222 975 1255 dicere
991 1221 1111 1254 velint.

169 1277 267 1310 Ultor.
304 1275 381 1309 Heu
406 1274 493 1314 lien,
527 1273 595 1308 hoc
620 1288 755 1308 novinn
778 1275 934 1313 malum,
977 1285 1111 1306 succes-

525 1326 661 1359 sionem

167 1376 345 1409 Malorum
363 1376 461 1409 addit
478 1376 574 1410 Deus
589 1375 690 1410 mihi.

166 1427 267 1459 Vitae
285 1427 414 1460 misera
433 1427 590 1460 conditio
609 1433 757 1472 propter
773 1427 905 1459 sactum
925 1424 991 1459 lioc

162 1477 252 1511 Erit.
305 1477 394 1511 Dico
413 1491 478 1512 nos
494 1479 640 1523 periisse
649 1478 709 1526 ⁵⁶),
737 1490 853 1524 neque
869 1478 1022 1522 amplius
1039 1490 1111 1511 esse

114 1530 187 1564 870
215 1528 312 1574 (Heu
328 1528 433 1577 heul)
458 1531 604 1563 domum
622 1530 854 1563 dominorum
872 1542 1036 1562 meorum
1049 1557 1058 1570 ‚

163 1580 197 1613 O
213 1581 381 1621 daemon,
408 1582 436 1615 si
454 1582 620 1626 possibile
638 1589 700 1623 est,
728 1594 772 1615 ne
792 1587 928 1615 evertas
947 1582 1110 1622 domum,

163 1631 258 1665 Audi
276 1645 332 1665 me
350 1640 568 1677 precantem.

161 1683 307 1716 Etenim
340 1684 429 1718 sicut
461 1692 557 1718 vates
582 1696 739 1728 auguror
763 1684 860 1717 aliud
888 1683 1022 1717 malum
1045 1684 1110 1717 im-

522 1737 690 1780 pendere.

167 1787 263 1820 Thes.
299 1785 377 1820 Heu
403 1785 511 1828 mihi,
556 1788 659 1833 quale
687 1787 784 1820 aliud
811 1786 944 1819 malum
972 1799 1012 1820 ex
1039 1788 1109 1821 alio

523 1839 686 1883 procedit

113 1887 186 1923 875
213 1889 296 1922 Non
319 1889 529 1930 ferendum,
565 1902 639 1923 non
665 1890 876 1929 dicendum,
921 1902 941 1923 o
965 1902 1022 1923 me
1045 1889 1111 1922 mi-

521 1942 657 1975 serum!

164 1992 261 2026 Chor.
297 1990 392 2036 Quid
419 1994 469 2025 rei
496 1992 571 2026 est?
616 1993 745 2032 dicito,
788 1992 817 2026 si
847 1991 993 2038 quidem
1031 2004 1109 2025 coe-

526 2045 665 2089 pisuffi)
687 2057 824 2077 mecum
845 2043 1012 2088 colloqui.

145 2159 214 2188 52⁶)
235 2159 397 2189 Reliquisti]
411 2159 451 2182 sic
461 2159 543 2183 Editt.
556 2160 640 2186 1558..
657 2160 750 2187 1562.;
770 2160 853 2185 Editt.
867 2160 970 2183 recent.
987 2159 1031 2191 (=
1041 2162 1108 2184 text.

179 2195 236 2224 gr.)
256 2194 420 2224 Reliquisti,
441 2194 576 2224 reliquisti
596 2202 657 2218 nox.

146 2237 194 2265 53)
213 2237 283 2265 filia]
302 2237 342 2259 sic
362 2236 443 2261 Editt.
466 2237 558 2265 1553..
588 2237 679 2265 ¹562.;
718 2236 802 2260 Editt.
824 2238 926 2260 recent.
948 2235 995 2267 (=
1014 2237 1106 2266 Enrip.

179 2268 311 2302 τάλαινα)
332 2271 439 2294 misera.

147 2314 194 2341 54)
212 2313 280 2336 Nam
299 2313 387 2335 lectus
401 2312 498 2335 Thesei
520 2314 578 2336 Non
593 2315 652 2340 est,
672 2319 760 2343 neque
778 2313 890 2338 doinus.
911 2312 937 2336 in
956 2319 1036 2343 quam
1074 2314 1108 2337 Ιί-

183 2352 235 2377 qua
254 2346 350 2370 mulier
370 2347 565 2376 ingrediatur]
579 2348 618 2370 sie
631 2348 714 2372 Editt.
731 2349 822 2374 1558„
844 2348 934 2378 1562.;
959 2349 1042 2372 Editt.
1078 2355 1108 2371 e-

183 2382 252 2404 cent.
279 2383 328 2408 (z
348 2382 412 2404 text.
434 2383 506 2411 gr.)·.
538 2383 637 2405 Lectos
660 2382 750 2412 (Fix.:
786 2381 889 2411 torum)
919 2382 989 2405 enim
1009 2383 1108 2407 Thesei

184 2415 365 2445 Domumque,
386 2421 440 2438 non
460 2418 501 2438 est
520 2416 591 2445 ulla,
612 2423 681 2446 quae
700 2417 735 2439 sit
755 2417 934 2447 ingressura,
953 2417 1059 2441 mulier.

149 2457 195 2489 55)
215 2458 278 2481 mini
299 2458 401 2488 aliquid
426 2458 598 2488 significant]
627 2460 710 2483 leuitt.
731 2460 822 2491 1553„
852 2459 925 2483 1562.
952 2460 1013 2490 (Ed.
1034 2461 1106 2484 1558-

183 2498 280 2516 errore
304 2494 431 2522 typogr,:
468 2493 565 2524 aliqui)
597 2495 674 2524 qnasi
701 2495 842 2524 legeretur
868 2495 1111 2526 προςση,ιιαι”νουσί

183 2533 234 2558 με;
254 2526 337 2552 Editt.
357 2529 457 2550 recent.
479 2528 627 2558 (ztssurip.
647 2529 912 2561 προςσαίνουσίμε)
933 2530 1107 2553 blandiuntur

184 2561 246 2585 milii
265 2559 353 2592 (le.:
373 2562 510 2585 blanditur
528 2561 615 2594 milii).

148 2604 196 2632 56)
216 2604 283 2627 Dico
303 2609 353 2627 nos
372 2605 503 2634 periisse]
523 2605 563 2628 sic
581 2605 667 2631 Editt.
685 2607 779 2637 1558„
801 2607 893 2637 1562.;
918 2608 1008 2639 Bam,
1027 2609 1107 2632 Mus-

183 2644 277 2669 ἔτεκε
297 2638 362 2662 Dico
383 2640 451 2663 enim
471 2639 606 2669 periisse,
625 2640 700 2665 Fix.:
726 2642 794 2666 Nam
813 2642 946 2672 perditam
967 2661 972 2666 .
993 2660 999 2666 .
1021 2661 1028 2668 .
1047 2643 1106 2667 dieo

183 2675 229 2702 (z
250 2672 343 2703 Eurip.
364 2671 512 2705 ὀλομένους
529 2673 584 2706 γάρ
605 2692 611 2699 .
632 2693 638 2699 .
659 2694 664 2699 .
684 2675 778 2708 λέγω).

148 2717 196 2745 57)
215 2716 344 2746 coepisti]
364 2717 404 2741 sic
421 2717 537 2747 εει-ἐμὴ
563 2718 644 2744 Editt.
667 2719 756 2750 1558„
779 2721 854 2746 156².
873 2720 978 2751 cepisti.

734 113 1130 148 {NTERPRETATIO
1157 113 1419 148 HIPPOLYTI
1447 112 1698 149 EURIPIDIS.
2087 115 2161 150 518

1221 201 1318 234 Thes.
1352 198 1511 232 Litterae
1543 200 1729 233 clamitant
1763 200 2016 234 intolerabilia.
2079 200 2161 245 Quo

1580 264 1651 296 quo
1662 251 1708 296 58)
1725 251 1890 296 effugiam
1910 253 2087 286 malorum

1218 299 1344 343 Ingens
1362 302 1502 344 pondus
1515 300 1529 334 ’.Ρ
1557 314 1664 345 pereo
1683 303 1855 347 perditus.

1218 351 1332 395 Quale
1342 351 1388 398 ⁵⁹)
1408 352 1484 394 lego
1505 352 1540 384 in
1557 354 1697 397 scriptis
1718 367 1862 389 carmen

1166 402 1241 436 880
1267 402 1428 442 Sonans,
1454 402 1577 435 miser!

1220 454 1317 487 Ghor.
1345 452 1422 486 Heu
1440 451 1528 492 heu,
1552 455 1706 488 ostendis
1726 457 1950 499 prooemium
1970 458 2162 490 malorum.

1221 506 1317 538 Thes.
1347 504 1423 537 Hoc
1443 517 1516 536 non
1535 505 1627 536 intra
1649 512 1771 549 portas
1790 507 1861 540 oris

1217 555 1418 588 continebo
1436 555 1681 599 inexplicabile
1700 557 1846 590 noxium

1217 606 1373 646 Malum,
1403 620 1422 639 o
1442 607 1584 640 civitas!

1166 656 1240 691 885
1268 658 1483 703 Hippolytus
1517 670 1622 691 ausus
1656 664 1707 691 est
1740 659 1912 703 attingere
1940 673 2057 695 [neum
2084 661 2162 696 tlia-

1581 709 1715 742 lamum

1217 759 1400 793 Violenter
1413 788 1422 800 ,
1450 760 1609 804 neglecto
1628 760 1811 805 tet1·ico⁶⁰)
1832 760 1923 795 Iovis
1942 764 2053 798 vnlln.

1217 812 1284 845 Sed
1303 824 1322 844 o
1341 819 1442 856 pater
1458 812 1624 856 Neptune
1639 838 1647 851 ,
1675 811 1869 857 quaemihi
1890 814 2084 859 aliqnando

1217 863 1303 896 Tria
1324 870 1405 896 vota
1424 863 1639 907 promisisti,
1667 876 1739 896 uno
1758 863 1945 898 interficias

1216 915 1270 948 Ex
1287 914 1362 949 istis
1378 927 1497 948 meum
1512 915 1643 953 filium;
1671 927 1745 947 non
1763 915 1908 960 effugiat
1928 917 2021 950 diem

1167 965 1241 1001 890
1266 966 1390 1004 Hunc,
1418 967 1445 999 si
1467 967 1610 1011 quidem
1629 966 1757 1000 dedisti
1776 979 1856 1000 vera
1879 975 1973 1003 vota.

1218 1019 1314 1052 Ghor.
1344 1017 1440 1057 Rex,
1468 1019 1659 1061 deprecare
1678 1016 1764 1051 haec
1783 1030 1904 1054 rursus
1922 1033 1940 1053 a
1959 1019 2054 1061 Diis,

1217 1067 1394 1112 lntelliges
1412 1074 1445 1101 te
1463 1081 1602 1109 errare,
1630 1081 1716 1113 pare
1735 1067 1835 1104 mihi.

1219 1121 1316 1154 Thes.
1343 1120 1426 1154 Non
1444 1120 1514 1154 fiet.
1569 1121 1759 1154 Praeterea
1786 1122 1958 1166 expellam
1980 1123 2095 1168 ipsum
2121 1136 2163 1158 ex

1582 1169 1648 1204 hac
1666 1178 1760 1205 terra
1772 1199 1781 1212 ,

1215 1222 1379 1257 Ferietur
1397 1224 1566 1257 alterutra
1585 1225 1737 1256 duarum
1756 1225 2002 1259 conditionum
2014 1225 2073 1273 61).

1166 1272 1240 1308 895
1268 1276 1341 1308 Ant
1362 1275 1456 1309 enim
1482 1275 1669 1320 Neptunus
1694 1275 1810 1320 ipsum
1835 1278 1880 1309 ad
1905 1278 2051 1311 domum
2079 1279 2163 1314 Plu-

1579 1327 1673 1360 tonis

1218 1377 1335 1410 Mittet
1350 1385 1532 1412 mortuum
1544 1405 1553 1419 ,
1580 1378 1754 1412 reveritus
1773 1392 1869 1414 meas
1885 1392 2023 1425 preces;

1216 1429 1287 1461 Aut
1305 1430 1469 1474 expulsus
1488 1443 1528 1463 ex
1546 1427 1611 1463 hac
1628 1436 1722 1463 terra

1217 1479 1255 1512 ln
1275 1487 1368 1513 terra
1388 1482 1574 1525 peregrina
1592 1481 1759 1515 miseram
1779 1481 1887 1514 vitam
1908 1483 2021 1527 deget.

1216 1532 1313 1565 chor.
1341 1532 1450 1578 Atqui
1470 1534 1526 1566 ille
1544 1533 1618 1577 ipse
1635 1532 1725 1566 filius
1742 1539 1822 1566 tuus
1840 1541 2042 1578 opportune
2066 1537 2164 1570 adest

1165 1581 1239 1616 900
1268 1583 1503 1630 Hippolytns;
1532 1585 1717 1619 remittens
1733 1584 1864 1618 malam
1881 1585 1991 1627 iram,
2026 1599 2087 1620 rex

1216 1632 1378 1676 Theseu,
1406 1637 1532 1672 melius
1541 1636 1588 1683 62)
1610 1636 1752 1670 consule
1762 1636 1808 1682 ⁶³)
1828 1637 1952 1670 domui
1969 1644 2062 1672 tuae.

1213 1688 1315 1730 Hipp.
1343 1687 1503 1723 Audiens
1520 1695 1620 1722 tuum
1639 1688 1854 1729 clamorem,
1881 1695 2001 1733 pater,
2030 1691 2111 1723 veni

1217 1737 1400 1773 Celeriter.
1436 1741 1505 1773 Sed
1521 1752 1609 1780 rem,
1636 1746 1785 1785 propter
1803 1752 1911 1786 quam
1929 1753 2024 1775 nunc
2041 1743 2163 1787 gemis,

1214 1789 1298 1823 Non
1315 1791 1417 1829 novi;
1446 1793 1527 1825 volo
1548 1805 1589 1825 ex
1609 1797 1641 1824 te
1661 1791 1797 1826 audire.

1165 1839 1238 1874 905
1264 1840 1351 1882 Eia,
1380 1843 1466 1888 quid
1491 1845 1543 1876 rei
1571 1842 1646 1876 est?
1680 1849 1778 1877 tuam
1807 1843 2015 1889 coniugem,
2049 1853 2162 1891 pater,

1576 1894 1681 1928 video

1214 1944 1415 1978 Mortnam:
1451 1944 1519 1979 hoc
1550 1946 1698 1990 dignum
1735 1952 1786 1980 est
1816 1947 1972 1981 maxima
2005 1949 2161 1982 admira-

1580 2004 1691 2032 tione.

1196 2125 1244 2150 58)
1263 2123 1404 2147 clamitant
1425 2141 1430 2146 .
1452 2141 1457 2145 .
1480 2139 1484 2144 .
1507 2122 1565 2150 Quo
1591 2122 1658 2151 quo]
1687 2121 1726 2145 sic
1751 2122 1834 2146 Editt.
1858 2123 1949 2153 1558.,
1979 2125 2051 2149 1552.
2081 2127 2159 2155 quasi

1232 2158 1347 2188 legisset
1363 2157 1517 2186 interpres:
1538 2155 1597 2188 Βοᾷ
1612 2175 1617 2181 .
1634 2175 1640 2180 .
1655 2175 1660 2180 .
1676 2156 1733 2179 ποῦ
1744 2156 1815 2185 ποῦ;
1833 2158 1916 2181 Editt.
1932 2161 2033 2182 recent.
2047 2162 2094 2187 (=
2105 2161 2160 2184 Eu-

1232 2192 1284 2222 rip.
1304 2191 1378 2223 Βοᾷ,
1398 2190 1450 2223 βοᾷ
1469 2208 1475 2214 .
1491 2209 1497 2215 .
1513 2208 1518 2213 .
1537 2191 1593 2214 ποῦ
1613 2190 1704 2219 [Fix.:
1731 2190 1807 2222 mij)
1828 2191 1968 2224 Clamant,
1990 2194 2161 2219 clamant...

1257 2232 1291 2250 uo

1195 2227 1254 2301 59?
1264 2270 1366 2299 Quale]
1386 2268 1427 2292 sie
1448 2268 1531 2292 Editt.
1551 2268 1640 2298 1558„
1664 2268 1757 2298 1562.;
1792 2269 1892 2299 Barn.‚
1911 2270 2035 2304 klusgr.3
2062 2273 2159 2303 Quale,

1232 2305 1327 2335 quale3
1353 2304 1429 2328 Fixa
1450 2304 1579 2333 Qualem,
1600 2303 1707 2332 qualem
1727 2301 1776 2333 (=
1792 2303 1886 2333 Eun-ip.
1906 2304 1986 2334 Οίον,
2006 2306 2090 2334 οἱον).

1196 2347 1243 2379 60)
1263 2347 1378 2375 tetrico]
1398 2347 1436 2369 sie
1456 2345 1538 2369 Editt.
1556 2345 1642 2375 1558„
1664 2344 1755 2375 15623
1780 2345 1864 2370 Editt.
1885 2350 1986 2372 recent.
2008 2347 2055 2380 (=
2066 2350 2158 2380 Exn-ip.

1231 2380 1350 2414 σεμνὸν)
1372 2380 1540 2404 venerando.

1195 2427 1243 2454 61)
1263 2426 1401 2449 alterutra
1427 2424 1541 2447 duarum
1567 2422 1768 2452 conditionum]
1794 2424 1834 2448 sic
1860 2425 1977 2455 scripsi:
2016 2427 2062 2450 Ed.
2084 2428 2157 2452 1558,

1231 2461 1368 2484 alterutro
1389 2460 1500 2482 dearum
1520 2458 1720 2486 conditi0num;
1758 2459 1807 2482 Ed.
1832 2460 1904 2483 1562.
1931 2461 2068 2484 alterutro
2089 2462 2158 2486 dna-

1231 2501 1289 2518 rnm
1308 2493 1493 2518 conditionum
1519 2492 1616 2518 (Editt.
1643 2494 1764 2517 recent:
1802 2494 1922 2517 Duorum
1949 2501 2014 2518 vero
2040 2496 2157 2520 fatorum

1230 2530 1319 2553 altero
1339 2537 1373 2549 Ξ
1391 2527 1483 2557 Eurip.
1505 2526 1592 2549 Δυοῐν
1611 2523 1639 2550 δὲ
1657 2528 1772 2558 μοίραιν
1788 2527 1918 2560 θατέρᾳ),

1194 2573 1243 2600 62)
1263 2572 1379 2600 Theseu,
1398 2570 1513 2598 melius]
1534 2569 1761 2599 sicEditt.15152.,
1777 2571 1867 2600 Earn„
1883 2573 1998 2602 Mnsgr.,
2013 2573 2088 2602 Εὐας
2108 2575 2155 2598 Ed.

1232 2606 1305 2629 1558.
1325 2606 1410 2628 male:
1432 2605 1512 2629 Thes.
1530 2604 1629 2628 Melius
1649 2604 1694 2636 (ac
1714 2606 1737 2628 si
1759 2607 1846 2629 verba
1866 2607 1990 2635 „melius
2009 2620 2042 2624 -—
2061 2607 2156 2634 tuae.''

1228 2641 1329 2665 Thesei
1347 2641 1466 2668 essent).

1194 2684 1242 2710 63)
1262 2683 1389 2711 consule]
1407 2683 1446 2706 sic
1465 2684 1512 2711 (z
1531 2682 1626 2712 Eurip.
1644 2680 1804 2714 βούλευσαι)
1826 2682 1907 2706 Editt.
1929 2687 2046 2712 recent.;
2072 2686 2155 2712 Editt.

1233 2718 1325 2746 ¹558„
1349 2718 1422 2742 1562,
1443 2718 1579 2742 consules.

1554 2750 1636 2786 33*
