2373 2980
128 108 196 143 197
389 107 461 143 Lu.

124 200 199 227 ctos
222 194 441 238 singularum
469 194 633 236 urbium,
658 197 961 242 quemadmodum
983 203 1017 229 et
1041 197 1112 229 Ho-

125 257 254 278 merus.

122 301 299 340 pugnent,
332 296 439 329 etiam
468 296 620 332 Ovidius
651 299 797 333 sensisse
831 298 992 338 videtur,
1025 300 1110 332 dum

123 347 171 379 ait
185 346 231 391 ³¹)
244 359 249 378 :

163 405 303 441 Munera,
327 405 417 433 crede
441 406 527 443 inihi,
553 405 724 446 placantffl)
750 407 939 446 hominesque
961 408 1110 446 Deosque,

289 456 426 484 Placatur
448 456 530 484 donis
552 456 685 495 luppiter
707 459 770 496 ipse
793 459 877 487 datis.

222 528 255 549 v.
278 515 339 550 40.
394 513 526 561 Νήπιοι
544 514 630 551 οὐδὲ
648 517 772 552 ἴσασιν
782 516 858 564 ὅσῳ
867 516 978 552 πλέον
992 516 1107 563 ἥμισυ

117 563 275 613 παντὸς]
310 565 562 610 Epiphonema
596 574 647 601 est
671 569 866 612 superioris
897 569 1106 602 sententiae.

116 616 209 651 Nam
222 629 299 649 cuin
312 615 599 660 reprehendisset
612 620 732 652 fratris
747 620 935 652 avaritiam
953 626 986 652 et
1003 631 1106 663 rapa-

117 668 258 700 citatem
272 694 281 707 ‚
301 668 419 700 adiicit
440 669 752 702 exclamationem:
776 670 808 703 O
827 670 953 704 stultos
972 677 1105 703 morta-

114 718 185 758 les,
220 719 279 764 qui
308 719 469 752 nesciunt
499 721 607 753 satius
633 733 706 754 esse
730 721 888 754 modicas
920 722 1104 755 facultates

115 769 192 803 iure
217 776 338 813 partas
362 768 511 811 habere,
543 784 652 817 quam
684 784 831 816 magnas
861 784 945 816 opes
974 772 1103 805 scelere

115 826 149 853 et
172 820 312 854 iniuriis
336 822 530 866 quaesitas!
584 822 630 855 Et
648 823 861 867 generaliter
877 823 1104 856 mediocrita-

114 877 185 904 tem
214 872 318 905 nobis
343 874 609 906 commendavit
628 872 695 907 hoc
716 872 1002 918 epiphonemate.
1037 874 1104 908 So—

112 922 162 955 let
189 929 306 956 autem
324 923 498 958 Hesiodus
515 926 698 969 apologis,
721 925 950 969 aenigmatis,
973 926 1103 969 allego-

113 973 194 1013 riis,
220 981 254 1006 et
277 972 481 1008 huiusmodi
501 976 578 1010 aliis
604 976 726 1020 figuris
751 989 838 1020 prae
857 977 1002 1022 reliquis
1019 990 1103 1021 poe-

112 1024 157 1058 tis
181 1024 331 1058 libenter
352 1027 422 1066 uti,
448 1026 529 1072 quia
557 1028 705 1071 figurate
726 1029 818 1061 dicta
838 1028 953 1062 acrius
971 1028 1103 1062 feritmt

113 1087 217 1109 aures
244 1082 350 1122 atque
375 1078 548 1112 animum.
609 1078 691 1112 ldeo
718 1086 751 1111 et
776 1077 833 1112 hic
856 1081 1004 1123 figurate
1031 1092 1103 1112 nie-

111 1126 335 1160 diocritatein
355 1128 495 1169 laudat,
517 1142 596 1162 cum
617 1131 684 1163 ait:
715 1130 914 1163 Dimidium
933 1131 1011 1175 plus
1029 1143 1101 1164 esse

111 1183 206 1218 toto,
232 1191 312 1211 cum
330 1177 420 1211 nihil
441 1180 556 1219 aliud,
582 1188 707 1214 autore
725 1181 930 1226 Platonem)
956 1182 991 1214 in
1010 1182 1102 1215 Gor-

110 1228 188 1272 gia,
213 1235 247 1261 et
272 1229 309 1261 in
332 1230 431 1263 libris
457 1232 505 1263 de*
524 1232 702 1274 republica
725 1233 841 1265 dicere
861 1233 965 1271 velit,
993 1244 1100 1278 quam

110 1279 395 1313 mediocritatem
427 1283 708 1314 conservandam
741 1295 825 1316 esse.
886 1283 935 1315 Ut
967 1287 994 1317 si
1023 1284 1101 1329 quis

109 1330 224 1363 dicat:
280 1330 397 1365 Satius
423 1344 496 1366 esse
524 1333 674 1365 dimidio
708 1333 776 1366 cibi
800 1334 872 1373 uti,
903 1346 1011 1378 quam
1035 1335 1100 1366 im-

109 1381 252 1414 modico
292 1381 370 1415 cibo
414 1395 564 1415 onerare
600 1382 836 1417 stomachum.
901 1384 958 1417 Sic
989 1385 1099 1419 satius

108 1437 160 1465 est
182 1432 371 1465 dimidium
394 1434 602 1467 facultatum
625 1432 777 1475 habere,
804 1447 913 1481 quam
938 1435 1098 1479 ingentes

109 1495 213 1526 opes,
247 1495 338 1528 quae
368 1484 443 1518 sine
476 1485 634 1529 periculo
659 1486 808 1519 retineri
830 1499 905 1519 non
936 1494 1096 1531 possunt.

107 1534 164 1568 Sic
197 1534 234 1567 in
265 1535 425 1569 moribus
459 1536 568 1570 satius
596 1543 646 1571 est
671 1550 744 1572 esse
780 1538 1039 1572 cunctatiorem
1064 1546 1098 1572 et

106 1586 347 1626 timidiorem,
379 1599 487 1632 quam
511 1600 585 1622 esse
607 1601 714 1633 supra
740 1591 887 1623 modum
913 1591 1097 1624 audacem.

104 1638 162 1670 Ad
194 1635 289 1670 hunc
321 1639 468 1672 modum
507 1640 550 1672 de
581 1640 828 1674 mediocritate
858 1642 1033 1686 praecipit
1063 1649 1097 1676 et

106 1688 277 1722 Horat1us
285 1688 349 1734 35);

188 1747 243 1776 Est
265 1748 367 1776 modus
389 1749 417 1776 in
442 1749 547 1784 rebus,
570 1755 638 1777 sunt
660 1750 732 1778 certi
755 1750 883 1789 denique
907 1752 990 1790 fines,

190 1798 270 1829 Quos
294 1799 371 1827 ultra
394 1801 525 1838 citraque
550 1801 652 1837 nequit
676 1801 834 1830 consistere
858 1809 978 1832 rectum.

104 1846 160 1880 Sic
177 1846 354 1881 Hesiodus
376 1845 443 1881 hoc
471 1849 548 1881 loco
578 1855 692 1882 totum
717 1860 822 1884 vocat
846 1853 900 1892 id,
925 1856 1021 1897 quod
1046 1862 1097 1888 est

103 1910 406 1942 supervacaneum
442 1906 476 1932 et
501 1901 742 1944 superfluum,
773 1902 961 1936 dimidium
993 1913 1096 1939 vocat

104 1949 400 1983 mediocritatem.
442 1950 489 1983 Et
506 1949 598 1984 hanc
616 1953 759 1997 quidem
776 1955 989 1988 sententiam
1009 1969 1096 1990 con-

103 2000 223 2033 firmat
249 2001 355 2033 etiam
380 2014 531 2047 sequens
558 2016 699 2045 versus,
726 2005 788 2050 qui
812 2006 917 2049 plane
942 2019 1094 2041 oecono-

102 2051 215 2085 micus
259 2058 321 2085 est.
393 2053 519 2086 Mouet
551 2055 645 2087 enim
678 2056 827 2090 modicis
867 2058 1093 2094 facultatibus

101 2102 253 2136 scienter
283 2109 316 2136 et
341 2115 420 2137 cum
454 2105 593 2138 ratione
620 2109 776 2151 quadam
807 2110 979 2142 utendum
1007 2123 1092 2151 esse,

101 2153 150 2187 ita
175 2155 333 2188 futurum
359 2168 451 2195 esse,
478 2162 517 2189 ut
534 2156 570 2189 in
591 2165 737 2201 angusta
756 2171 794 2191 re
809 2160 977 2193 familiari
997 2174 1091 2195 com-

133 2285 181 2316 ³¹)
204 2285 283 2311 Ovid.
303 2287 362 2310 Art.
381 2288 462 2309 amat.
482 2286 526 2315 111,
546 2287 604 2311 653.
624 2287 683 2311 654.

134 2328 322 2386 {implacata}
343 2329 385 2352 sic
403 2330 469 2354 illae
487 2330 570 2355 Editt.
591 2336 702 2360 omnes:
732 2332 811 2357 ovid.
830 2333 880 2357 Ed.
900 2334 1020 2364 Bipont.:
1040 2342 1089 2360 ca-

188 2370 231 2386 iun
247 2381 254 2388 .

134 2370 183 2434 33¹)l
203 2402 279 2436 οὐδὲ]
300 2405 340 2429 sic
358 2407 442 2431 Editt.
464 2407 554 2435 ¹532..
577 2408 668 2437 1541.,
696 2409 770 2433 ¹562.
792 2409 819 2433 in
839 2411 889 2434 hoc
908 2415 1088 2440 continentur.

170 2441 197 2463 et
214 2440 300 2466 Editt,
320 2442 449 2472 Brunck„
470 2442 567 2471 (mist,
590 2443 703 2469 uocat,
723 2443 808 2468 Diiim.
830 2445 856 2468 in
879 2447 970 2477 textu,
992 2448 1017 2471 iu
1038 2455 1089 2478 quo

170 2474 234 2497 illae
253 2475 336 2499 Editt.
358 2476 526 2506 antiquiores
552 2483 648 2500 omnes
668 2478 781 2502 hahent:
810 2476 883 2510 οὐδ’,
902 2481 986 2507 Editt.
1003 2483 1088 2513 1557.,

171 2508 349 2533 laea-¹662.
368 2510 418 2533 hoc
436 2511 518 2534 etiam
537 2511 565 2534 iu
583 2514 726 2536 comment.
747 2513 881 2539 exhibent.

134 2550 182 2578 34)
202 2550 281 2574 Plato
306 2552 339 2575 de
362 2553 466 2582 republ.
486 2553 520 2578 V.
547 2554 631 2585 (opp.
650 2555 700 2580 Ed.
719 2556 812 2585 steph.
832 2557 908 2582 T.11.
927 2566 951 2589 p.
967 2560 1036 2588 4036,
1065 2566 1088 2583 c..

169 2597 202 2602 -
220 2585 270 2609 Eu.
296 2586 399 2615 Bipont.
426 2588 489 2612 vol.
510 2588 569 2612 vn.
595 2596 619 2619 p.
640 2589 700 2618 38.)
725 2592 753 2613 et
777 2590 811 2613 de
837 2591 908 2623 legg.
934 2593 977 2617 ΙΙΙ.
1004 2594 1087 2624 (opp.

168 2619 218 2645 Ed.
238 2621 331 2649 steph.
351 2620 383 2645 U.
406 2628 430 2650 p.
450 2622 518 2653 69⁰,
537 2629 560 2647 e.
579 2635 614 2640 —
653 2625 702 2649 Εὐ.
724 2625 779 2655 Bip.
800 2625 872 2650 Vlu.
899 2633 926 2657 p.
948 2628 1021 2657 134.)
1038 2630 1088 2653 hoc

169 2653 283 2678 Hesiodi
302 2654 400 2678 dictum
419 2655 521 2681 iaudat.

132 2695 180 2727 ³5)
200 2697 297 2721 Horat.
318 2697 406 2722 Sei-m.
425 2698 447 2726 Ι,
468 2698 493 2729 1,
515 2699 572 2726 106,
595 2701 651 2725 107.

514 109 548 143 3.
572 109 855 144 ENARRATIO
883 110 1090 144 OPERUM
1118 111 1181 146 ET
1210 113 1400 149 DIERUM
1429 115 1629 151 HESIODI.
1666 131 1713 152 vs.
1739 119 1913 155 11-42,

308 244 414 289 Quod
441 252 559 278 autem
583 260 729 280 munera
755 247 856 280 facile
880 248 1026 292 quaevis
1053 260 1113 280 ex-

2081 122 2152 156 198

1167 199 1307 233 modius
1336 201 1454 242 vivas,
1480 215 1588 248 quam
1605 204 1664 236 alii
1683 204 1719 236 in
1736 205 1874 249 magnis
1894 206 2039 250 opibus,
2066 220 2154 252 quo-

1165 261 1244 282 rum
1272 251 1432 296 plerique
1457 261 1539 287 sunt
1565 255 1743 295 obaerati,
1776 262 1835 289 aut
1861 258 2017 297 sordidi,
2055 259 2153 290 deni—

1166 312 1233 344 que
1260 302 1321 345 qui
1343 303 1414 336 suis
1432 304 1584 338 fortunis
1602 306 1668 348 ipsi
1687 307 1833 340 minime
1850 309 2011 341 omnium
2029 310 2154 342 fruun-

1164 356 1233 384 tur.
1287 350 1410 398 ltaque
1444 361 1477 386 et
1505 355 1674 398 Virgilius
1708 358 1834 404 ait³⁶):

1502 412 1632 441 Laudato
1654 415 1784 452 ingentia
1807 427 1885 453 rura,

1248 460 1394 498 Exiguum
1417 463 1511 492 colito.

1160 518 1204 551 Et
1228 521 1270 552 de
1295 522 1451 566 quodam
1476 522 1575 555 tenui
1599 535 1702 563 sene,
1733 525 1794 569 qui
1820 532 1939 559 tamen
1964 528 2153 573 diligenter

1160 570 1299 603 colebat
1321 584 1423 604 suum
1447 571 1705 619 hortulumffi),
1729 575 1849 621 ait³⁸):

1340 631 1456 668 Regum
1480 633 1624 670 aequabat
1646 642 1717 670 opes
1740 635 1853 663 auimiS.

1158 680 1226 713 Sed
1252 679 1319 714 hoc
1345 682 1492 715 Hesiodi
1518 691 1747 728 praeceptum
1776 686 1846 718 late
1871 693 1986 731 patet:
2022 701 2150 732 parvas

1158 738 1192 763 et
1224 730 1374 766 humiles
1404 746 1460 767 res
1493 742 1674 778 praestare
1702 737 1851 779 magnis.
1905 738 1960 771 Sic
1994 747 2151 782 praestat

1158 782 1228 815 vita
1265 784 1458 829 tranquilla
1486 785 1731 829 privatorum,
1765 800 1887 831 regum
1918 789 2032 830 vitae,
2062 791 2152 825 sicut

1129 818 1134 884 Ι
1158 833 1270 879 iuessv)
1296 835 1398 867 aicit:

1243 893 1433 922 Gaudentem
1458 895 1616 933 parvisque
1637 896 1798 934 sodalibus,
1821 904 1851 926 et
1874 898 1936 928 lare
1959 905 2049 930 certo.

1156 944 1269 988 Saepe
1302 951 1526 990 contemptae
1573 959 1627 980 res
1666 948 1745 992 plus
1770 949 1932 984 utilitatis
1971 953 2150 993 adserunt,

1157 1008 1265 1040 quam
1293 1009 1353 1036 ea,
1375 1009 1465 1041 quae
1493 998 1641 1041 plurimi
1666 1000 1774 1039 fiunt,
1800 1007 1839 1033 ut
1867 1002 2122 1038 Grammatica.

1261 1077 1292 1097 κ’.
1317 1063 1377 1098 41.
1420 1064 1458 1099 ἐν
1479 1062 1661 1113 μαλάχῃ]
1688 1066 1889 1101 Numerant
1915 1070 2070 1103 malvam
2095 1071 2148 1104 in-

1156 1122 1209 1147 ter
1233 1115 1485 1149 saluberrimas
1504 1114 1651 1157 herbas,
1676 1124 1709 1150 et
1727 1118 1821 1152 inter
1840 1132 1917 1160 eas,
1942 1134 2032 1166 quae
2048 1123 2147 1166 prin-

1156 1166 1312 1210 cipatum
1332 1167 1368 1198 in
1388 1167 1563 1200 medicina
1578 1168 1688 1201 veteri
1707 1166 1929 1210 liabuerunt3
1948 1173 2031 1205 facit
2050 1174 2146 1207 enim

1155 1217 1279 1250 alvum·
1299 1218 1452 1258 bonam,
1484 1224 1519 1250 et
1541 1219 1675 1252 utiliter
1702 1217 1896 1256 humectat.
1949 1224 2146 1271 Pliniusffl)

1155 1268 1223 1307 ait,
1251 1269 1418 1302 adversus
1448 1281 1572 1303 omnes
1587 1271 1733 1304 morbos
1760 1273 1978 1316 praesidium
1997 1288 2089 1316 esse,
2116 1276 2146 1310 si

1154 1320 1233 1364 quis
1259 1320 1419 1364 quotidie
1446 1320 1635 1354 dimidium
1665 1320 1833 1367 cyathum
1856 1337 1897 1358 ex
1924 1338 1964 1359 ea
1990 1327 2144 1361 sorbeat.

1151 1371 1184 1403 A
1209 1371 1404 1404 molliendo
1434 1383 1567 1404 nomen
1590 1370 1716 1413 habet,
1742 1376 1884 1420 pappel.
1937 1375 2144 1422 Asphodelo

1153 1420 1190 1453 in
1214 1421 1299 1455 cibis
1322 1422 1375 1455 usi
1406 1429 1488 1455 sunt
1512 1429 1546 1455 et
1569 1430 1704 1458 veteres
1732 1437 1811 1458 cum
1835 1428 1927 1467 ficis;
1960 1430 2021 1463 sed
2049 1442 2145 1463 nunc

1152 1478 1290 1505 tantum
1317 1472 1392 1506 eius
1419 1473 1455 1505 in
1489 1474 1665 1507 medicina
1697 1488 1781 1509 usus
1812 1484 1880 1518 est,
1912 1480 1956 1512 ad
1989 1481 2141 1515 scabiem

1151 1536 1230 1556 cum
1256 1524 1382 1568 primis
1405 1524 1513 1558 utilis.
1568 1524 1687 1559 Latini
1716 1527 1880 1562 albucum
1905 1538 1939 1564 et
1965 1528 2143 1565 hastulam

1151 1575 1354 1620 vocantu),
1379 1576 1642 1619 goldtwurtzel.
1698 1578 1833 1614 Gellius
1857 1594 1930 1615 sese
1958 1580 2014 1615 hic
2039 1595 2142 1628 prae·

1150 1632 1204 1659 ter
1228 1638 1303 1659 rem
1327 1633 1483 1672 torquet.

1254 1707 1287 1727 v,
1313 1693 1375 1729 42.
1428 1693 1651 1740 Κρύψαιιτες
1679 1694 1754 1743 γὰρ
1785 1696 1909 1743 ἔχουσι
1941 1699 2025 1735 θεοὶ
2053 1699 2143 1747 βίον

1151 1741 1423 1792 ἀνθρώποισι.]
1451 1746 1666 1791 Priusquam
1693 1749 1813 1781 tradat
1831 1759 2039 1796 praecepta,
2063 1753 2141 1786 lon-

1151 1808 1230 1840 gam
1262 1797 1507 1829 narrationem
1538 1795 1594 1829 hic
1627 1797 1794 1840 inseruit,
1825 1800 1862 1833 in
1893 1815 1963 1847 qua
1997 1815 2141 1838 causam

1151 1847 1318 1890 exponit,
1335 1860 1397 1880 cur
1416 1848 1592 1880 difficilius
1609 1848 1654 1881 sit
1672 1849 1803 1883 victum
1822 1864 1949 1895 parare
1967 1852 2035 1887 hoc
2053 1861 2140 1888 tem—

1150 1910 1236 1941 pore
1261 1910 1368 1943 quam
1387 1904 1503 1933 antea.
1557 1898 1604 1931 Et
1619 1900 1763 1944 longam
1783 1904 1964 1947 quandam
1982 1906 2139 1940 fabulam

1148 1949 1265 1993 fingit:
1290 1948 1410 1982 Iovem
1431 1950 1561 1983 iratum
1580 1951 1714 1985 misisse
1732 1953 1768 1985 in
1790 1961 1903 1988 terras
1918 1956 2139 2000 Pandoram,

1148 2012 1239 2045 quac
1259 2000 1390 2047 uuum)
1415 2000 1450 2033 id
1466 2001 1569 2041 mali,
1596 2008 1671 2035 tum
1691 2016 1814 2038 omnes
1839 2006 1925 2041 alias
1948 2020 2139 2044 aerumnas

1146 2063 1265 2084 secum
1302 2052 1472 2086 attulerit.
1531 2051 1595 2086 Est
1627 2061 1745 2088 autem
1767 2056 1935 2091 Pandora
1960 2060 2137 2104 voluptas.

1146 2102 1303 2135 Luxuria
1334 2104 1426 2136 enim
1457 2104 1605 2150 nunc'ffi)
1630 2106 1749 2140 multis
1775 2109 1879 2142 rebus
1905 2123 1993 2154 opus
2017 2109 2136 2152 liabet,

1145 2161 1320 2200 augetque
1341 2155 1500 2199 quotidie
1520 2163 1693 2200 sumptus.
1747 2158 1871 2204 Neque
1890 2161 1922 2193 id
1942 2163 2050 2194 modo
2071 2164 2136 2196 ad-

1177 2301 1227 2334 36)
1246 2301 1325 2332 Vin-g.
1347 2302 1449 2333 Geor-g.
1470 2303 1503 2332 11,
1522 2303 1581 2327 412.
1602 2303 1662 2328 413.

1177 2345 1224 2375 37)
1243 2343 1394 2376 hon-tutum]
1415 2346 1455 2368 sie
1474 2345 1556 2368 Editt.
1573 2346 1663 2373 1532..
1685 2347 1759 2372 ¹541.
1775 2350 1817 2377 B..
1840 2350 1931 2380 1562.;
1951 2352 2034 2378 Editt.
2056 2353 2132 2380 1541.

1209 2381 1257 2408 F..
1280 2379 1370 2410 1557„
1392 2380 1715 2406 1564—1662.1=ortu1n.

1177 2421 1225 2452 38)
1247 2421 1327 2452 Vir-g.
1352 2421 1453 2450 Georg.
1475 2421 1523 2449 lv,
1546 2421 1602 2446 132.

1176 2464 1223 2495 39)
1244 2464 1338 2487 uorat.
1358 2463 1445 2492 Epist.
1465 2463 1485 2492 i,
1505 2463 1530 2491 7,
1551 2464 1594 2489 as.

1176 2507 1221 2539 40)
1243 2507 1312 2531 Plin.
1332 2507 1392 2529 Nat.
1415 2506 1485 2528 Hist.
1506 2506 1522 2528 Ι.
1544 2506 1605 2530 XX.
1631 2513 1653 2530 c.
1672 2508 1715 2531 84.
1740 2509 1789 2533 Ed.
1808 2511 1910 2536 Fraim.
1931 2514 1970 2540 (c.
1990 2512 2034 2538 21.
2053 2515 2129 2539 anti-

1208 2541 1333 2572 quiorum
1352 2538 1461 2570 Educ).

1175 2584 1222 2615 41)
1244 2584 1312 2607 Ptin.
1333 2584 1350 2606 Ι.
1371 2583 1387 2605 Ι.
1408 2582 1484 2606 XXI.
1504 2589 1525 2605 c.
1546 2583 1587 2606 68.
1613 2585 1661 2609 Ed.
1682 2585 1786 2611 Franz.
1806 2586 1842 2619 (c,
1861 2588 1900 2613 17.
1919 2588 2003 2620 antiq.
2019 2591 2129 2626 leant),

1174 2626 1221 2657 ⁴2)
1241 2624 1311 2656 tuin]
1330 2626 1370 2649 sic
1388 2631 1482 2648 omnes
1501 2626 1566 2650 ittae
1583 2627 1667 2654 Editt.
1686 2632 1799 2659 excepta
1818 2631 1866 2654 Ed.
1882 2631 1969 2662 1557„
1989 2638 2059 2663 quae
2075 2634 2128 2658 ha-

1210 2662 1270 2684 bet:
1289 2667 1357 2683 cuin.

1174 2703 1221 2734 ⁴3)
1242 2701 1325 2734 nuuc]
1345 2703 1385 2727 sic
1403 2703 1452 2728 Ed.
1474 2703 1563 2732 1532.;
1583 2704 1610 2727 in
1629 2706 1731 2730 ceteris
1751 2707 1834 2731 leuitt.
1855 2708 1938 2733 deest.

1420 2735 1506 2773 13*
