2373 2980
99 85 174 122 389
593 81 683 117 LVI.

154 174 213 207 Or.
240 168 375 203 Invitus
392 180 501 212 nego;
529 168 667 201 utinam
685 169 793 203 enim.

150 225 247 258 Men.
283 220 379 265 Quid
406 226 548 264 optares
571 219 711 253 facere?
753 219 882 254 incutis
905 217 994 253 mihi
1026 225 1095 252 ter-

510 283 642 304 rorem.

152 325 209 357 Or.
237 322 385 355 Furiam
402 321 572 354 Graeciae
590 322 799 354 interficere.

101 371 197 408 1585
225 375 322 408 Men.
356 372 478 405 Redde
505 374 657 406 cadaver
679 372 818 412 uxoris,
862 377 902 404 ut
932 371 1092 415 operiam

25 423 31 458 3.
510 424 661 457 tumulo.

148 476 206 508 Or.
234 475 370 519 Repete
388 486 406 507 a
422 474 517 513 Diis;
546 486 609 517 ego
629 473 839 506 interficiam
856 479 955 506 tuam
973 473 1093 507 filiam.

148 529 247 561 Men.
277 525 464 559 Matricida
484 525 567 558 facit
584 526 726 558 caedem
748 537 855 569 supra
871 526 1028 558 caedem.

150 580 208 612 Or.
244 577 420 610 Defensor
443 576 575 620 patris,
610 589 716 621 quem
743 583 780 609 tu
805 575 1015 620 prodidisti,
1054 581 1094 608 ut

506 634 719 661 moreretur.

145 682 245 715 Men.
274 678 357 713 Non
373 678 510 712 suffecit
533 678 595 710 tibi
613 678 713 721 prior
728 678 851 710 caedes
871 674 1022 709 matris?

97 729 195 766 1590
228 732 286 765 Or.
318 731 400 765 Non
424 729 647 772 defatigabor
678 741 818 772 semper
847 727 1093 760 interficiendo

529 780 653 812 malas.
759 814 762 818 ¹

144 835 243 868 Men.
272 833 401 866 Utrum
421 837 454 864 et
470 837 526 869 tu,
548 830 704 875 Pylade,
733 842 768 863 es
786 829 963 874 particeps
988 826 1094 861 liuius

505 880 645 914 caedis?

147 939 205 971 Or.
236 936 375 968 Tacens
394 934 567 970 affirmat;
594 944 658 975 ego
674 930 845 964 sufficiam
864 930 995 963 dicens.

143 990 242 1022 Men.
270 986 337 1019 Sed
356 997 428 1017 non
446 984 624 1027 gaudens,
651 983 720 1015 nisi
740 982 904 1025 effugeris
923 982 999 1014 alis.

146 1040 206 1073 Or.
233 1038 316 1072 Non
331 1035 559 1079 effugiemus,
587 1034 649 1067 sed
666 1033 971 1066 inflammabimns
990 1032 1092 1064 aedes

504 1096 599 1128 igne.

94 1137 194 1174 1595
220 1140 318 1173 Men.
346 1137 403 1170 An
421 1136 574 1170 vastabis
593 1134 656 1168 bas
673 1135 777 1167 aedes
795 1133 986 1178 paternas?

146 1193 206 1226 Or.
234 1190 284 1223 Ut
308 1201 353 1221 ne
376 1195 416 1221 tu
440 1199 497 1221 eas
522 1185 674 1225 habeas,
711 1183 803 1218 hanc
828 1191 1024 1218 mactantes
1050 1184 1095 1216 ad

506 1237 637 1280 ignem.

143 1292 240 1326 Men.
275 1289 455 1329 Interfice,
498 1288 583 1333 quia
618 1287 833 1320 interficiens
868 1286 968 1319 dabis
1005 1284 1095 1318 mihi

502 1350 650 1383 poenas.

443 1392 541 1425 Men.
568 1388 648 1421 Heu
672 1385 761 1428 heu,
784 1399 1015 1434 nequaquam
1044 1388 1094 1420 fa-

509 1440 579 1473 cies
604 1437 683 1472 hoc.

146 1496 205 1530 Or.
237 1492 334 1526 Tace
356 1504 452 1526 nunc
475 1498 509 1525 et
533 1491 688 1530 sustine,
724 1490 813 1524 iuste
839 1490 978 1535 patiens
1003 1491 1096 1523 cala-

511 1543 686 1575 mitatem.

95 1596 194 1630 1600
221 1596 318 1630 Men.
345 1593 402 1626 An
420 1593 551 1626 iustum
570 1599 621 1625 est
639 1599 673 1625 te
695 1591 838 1625 vivere?

505 1654 632 1688 perare
652 1643 689 1675 in
705 1648 812 1675 terra.

143 1698 241 1732 Men.
271 1695 377 1740 Qua?
433 1697 492 1729 Or.
520 1693 560 1727 In
576 1693 673 1737 Argo
691 1691 759 1725 hoc
775 1693 971 1737 Pelasgico.

142 1749 241 1783 Men.
268 1747 377 1780 Recte
399 1746 550 1789 attinges
566 1744 764 1779 sacrificia?
819 1746 878 1779 Or.
905 1744 977 1778 Cur
994 1745 1094 1779 non?

142 1800 241 1834 Men.
268 1797 314 1831 Et
332 1798 457 1831 offeres
475 1795 610 1830 hostias
628 1802 710 1828 ante
728 1808 884 1840 pugnam
894 1795 966 1842 32)?

147 1852 205 1885 Or.
234 1850 291 1882 Tu
308 1856 424 1883 autern
443 1846 671 1893 honestessssy?

143 1902 242 1935 Men.
284 1900 408 1933 Habeo
443 1911 552 1944 puras
589 1910 728 1932 manus.
815 1900 874 1932 Or.

504 1956 674 1983 mentem.

95 2001 194 2037 1605
220 2003 319 2037 Men.
348 2001 437 2046 Quis
455 2008 489 2034 te
511 1999 739 2045 alloquetur?
795 2002 853 2034 Or.
882 2000 1096 2045 Quicunque

505 2058 556 2085 est
575 2063 697 2084 amans
714 2051 836 2095 patriS.

145 2105 243 2139 Men.
280 2103 352 2148 Qui
377 2109 493 2137 autem
520 2100 678 2135 honorat
701 2102 878 2135 matrem?

506 2153 601 2187 felix.

148 2207 246 2240 Men.
273 2205 331 2238 Tu
356 2211 473 2237 autem
500 2217 586 2237 non.
650 2205 708 2237 Or.
737 2202 830 2247 Quia
855 2216 929 2236 non
955 2204 1096 2248 placent

510 2254 598 2288 mihi
621 2255 749 2287 malae.

147 2309 244 2341 Men.
272 2307 410 2340 Ainove
432 2319 549 2340 ensem
570 2318 588 2338 a
608 2306 690 2338 filia.
748 2307 806 2340 Or.
836 2305 993 2338 Mendax
1012 2317 1057 2338 es.

150 2359 244 2392 Men.
276 2358 467 2391 Intersicies
491 2370 608 2390 ineam
634 2356 742 2389 filiam
754 2356 769 2388 ἐ’
825 2358 884 2390 Or.
919 2356 994 2389 Iam
1020 2368 1094 2389 non

514 2421 549 2442 es
571 2409 736 2441 mendax.

27 258 32 281 —⁴·
28 0 38 247 -1—-2-0-——2—-1

144 1395 204 1427 Or.
232 1392 289 1426 Sic
313 1390 391 1425 erit.

892 1594 952 1627 Or.
968 1592 1015 1626 Et
1030 1593 1095 1625 im-

917 1898 986 1931 Sed
1021 1910 1095 1932 non

941 2104 1000 2136 Or.
1034 2101 1097 2135 Est

134 2556 184 2588 32)
204 2557 253 2580 nis
274 2558 367 2581 verbis
390 2558 416 2581 in
436 2557 484 2580 Ed.
501 2557 574 2581 1562.
594 2557 702 2581 adiecta
726 2557 768 2580 est
793 2556 935 2581 annotatio
954 2556 1095 2587 {mergunt

172 2597 275 2621 „more
294 2592 405 2622 regibus
423 2594 544 2622 recepto.
555 2589 570 2601 ⁷’

135 2649 184 2676 33)
207 2650 282 2674 Men.
307 2650 342 2672 Et
360 2650 459 2674 offeres
479 2663 512 2667 —
531 2648 680 2680 honesteffi
710 2650 737 2674 hi
761 2650 777 2674 2
796 2657 856 2676 vss.
878 2649 906 2674 iu
933 2651 981 2676 Ed.
1012 2651 1094 2674 Barn.

171 2684 306 2708 coniuncti
325 2686 388 2708 sunt
407 2685 433 2708 in
454 2692 543 2710 unum.

742 81 1145 118 INTERPRETATIO
1173 84 1374 119 ORESTIS
1401 84 1652 120 EURIPIDIS.

2069 93 2145 128 390

1152 171 1249 204 1610
1276 173 1372 205 Men.
1409 171 1478 205 Hei
1502 169 1607 205 mihi!
1644 171 1729 217 quid
1753 172 1906 207 faciam?
1968 177 2026 210 Or.
2061 177 2147 210 Per-

1551 224 1660 256 suade
1677 224 1718 256 ad
1739 223 1891 268 Argivos
1909 227 2147 270 proficiscens.

1198 273 1296 306 Men.
1333 272 1399 305 Cui
1422 273 1670 317 persuadebo?
1740 276 1797 308 Or.
1834 276 1920 310 Pete
1947 290 1966 310 a
1992 279 2146 319 civitate,

1562 336 1606 356 ne
1625 337 1690 357 nos
1708 327 1856 360 occidat.

1200 374 1298 407 Men.
1314 373 1370 405 An
1388 374 1497 406 filiam
1518 387 1634 406 meam
1653 375 1895 412 interficietis?
1931 381 1990 413 Or.
2009 380 2066 413 Sic
2083 388 2146 414 est.

1200 425 1297 458 Men.
1327 424 1360 457 O
1375 425 1501 457 misera
1522 425 1676 457 Helena!
1728 429 1786 461 Or.
1812 429 1869 461 An
1887 443 1985 463 meae
2003 443 2057 465 res
2072 444 2147 465 non

1561 482 1644 509 sunt
1664 476 1839 512 miserae?

1199 527 1297 559 Men.
1326 525 1464 558 Advexi
1481 526 1544 558 tibi
1562 526 1742 559 victimam
1764 541 1805 561 ex
1819 528 2031 575 Phrygibus.
2087 536 2146 568 Or.

1562 577 1710 610 Utinam
1727 576 1795 612 hoc
1819 587 1918 615 esset.

1152 624 1249 660 1615
1275 628 1373 661 Men.
1401 627 1586 662 Sustincns
1607 629 1747 662 labores
1765 643 1924 675 magnos.
1980 637 2037 668 Or.
2063 635 2146 669 Non

1561 692 1638 712 mea
1661 692 1778 714 causa.

1198 730 1297 762 Men.
1323 729 1460 763 Acerba
1486 742 1607 774 passus
1631 743 1721 765 suni.
1776 734 1834 766 Or.
1864 732 1967 767 Tunc
1990 747 2067 768 eras
2095 736 2148 768 in-

1559 782 1667 816 utilis.

1637 835 1697 867 Or.
1730 833 1788 867 Tu
1813 835 1936 879 cepisti
1961 842 1993 869 te
2018 836 2146 881 ipsum,

1566 896 1645 917 cum
1665 885 1710 918 sis
1734 886 1860 919 malus.

1199 931 1268 964 Sed
1286 932 1360 972 eia,
1388 932 1525 966 Electra
1547 934 1694 967 incende
1714 936 1796 970 istas
1818 938 1938 975 aedes;

1198 982 1245 1015 Et
1261 989 1318 1023 tu,
1345 996 1365 1015 o
1385 985 1633 1018 candidissime
1649 984 1736 1018 milii
1757 989 1955 1022 amicorum

1152 1033 1250 1068 1620
1278 1034 1503 1081 Pyladesffl),
1533 1037 1680 1069 incende
1699 1044 1789 1070 tecta
1811 1037 1914 1072 huius
1933 1039 2077 1083 parietis
2088 1040 2148 1087 35).

1196 1086 1293 1119 Men.
1322 1085 1355 1119 Ο
1387 1092 1483 1119 terra
1508 1087 1716 1121 Danaorum
1750 1096 1784 1122 et
1810 1089 1947 1123 incolae
1974 1093 2147 1135 equestris

1565 1138 1680 1182 Argus
1692 1165 1701 1178 ,

1196 1186 1279 1220 lN'on
1299 1194 1438 1220 armato
1458 1190 1546 1232 pede
1564 1202 1668 1233 opem
1685 1190 1830 1224 seretis?

1198 1238 1290 1272 Nam
1310 1238 1374 1272 iste
1391 1239 1462 1271 vim
1483 1240 1566 1273 facit
1586 1241 1651 1273 toti
1669 1247 1811 1274 nostrae
1830 1242 1977 1283 civitati,

1201 1289 1250 1322 Ut
1274 1290 1391 1330 viVat,
1435 1303 1514 1324 cum
1545 1292 1668 1324 fecerit
1694 1293 1972 1327 abominabilem
2003 1297 2148 1328 caedem

1560 1343 1698 1377 matris.

1152 1388 1249 1425 1625
1277 1393 1375 1434 Apol.
1403 1392 1585 1433 Menelae,
1613 1394 1740 1428 desiste
1757 1395 1800 1427 ab
1819 1395 1909 1428 irata
1928 1396 2125 1432 voluntate.

1199 1441 1276 1486 Ego
1301 1441 1490 1484 Phoebus,
1526 1444 1687 1478 Latonae
1714 1446 1824 1486 filius,
1862 1459 1973 1491 prope
1997 1448 2148 1482 existens

1570 1502 1603 1529 te
1627 1508 1738 1533 voco;

1200 1543 1246 1576 Et
1264 1550 1319 1583 tu,
1348 1545 1410 1591 qui
1426 1545 1606 1581 insidiaris
1623 1554 1781 1581 armatus
1800 1547 1857 1581 isti
1873 1549 2030 1592 puellae,

1202 1594 1346 1629 Orestes
1358 1623 1367 1636 ‚
1394 1604 1434 1629 ut
1450 1598 1558 1638 scias,
1588 1611 1694 1643 quam
1714 1599 1915 1632 orationem
1933 1601 2091 1635 asseram.

1199 1645 1335 1679 Helena
1355 1648 1519 1692 quidem,
1548 1663 1654 1694 quain
1672 1656 1710 1682 tu
1728 1650 1871 1694 cupiens
1890 1653 2060 1695 perdere,

1153 1697 1251 1731 1630
1278 1698 1484 1733 Frustratus
1502 1712 1557 1740 es,
1585 1700 1696 1734 iratus
1716 1701 1899 1742 Menelao,

1200 1749 1297 1781 Haec
1315 1756 1385 1790 est,
1413 1764 1520 1796 quam
1537 1752 1665 1785 videtis
1680 1753 1717 1784 in
1734 1752 1975 1787 voluminibus
1992 1753 2083 1788 aeris
2095 1780 2103 1794 ‚

1201 1800 1347 1833 Servata
1367 1808 1401 1834 et
1415 1814 1489 1835 non
1507 1802 1689 1836 interfecta
1705 1816 1724 1836 a
1741 1809 1786 1837 te.

1199 1850 1275 1894 Ego
1296 1852 1409 1896 ipsam
1430 1854 1588 1894 servavi,
1618 1861 1652 1887 et
1668 1855 1711 1888 ab
1730 1866 1810 1888 ense

1201 1902 1282 1936 Tuo
1306 1905 1429 1948 rapui,
1458 1905 1571 1939 iussus
1589 1918 1606 1938 a
1622 1905 1704 1938 Iove
1722 1912 1834 1948 patre.

1153 1952 1249 1988 1635
1277 1954 1369 1989 Nam
1383 1983 1391 1995 ‚
1419 1963 1457 1989 ut
1475 1957 1583 1990 filiam
1597 1956 1690 1990 Iovis
1700 1956 1759 2001 3⁶),
1787 1963 1929 2002 oportet
1946 1957 2064 1991 vivere
2081 1958 2147 1991 im-

1565 2009 1775 2048 mortalem,

1203 2056 1343 2089 Castori
1361 2064 1394 2090 et
1411 2057 1548 2091 Polluci
1566 2059 1603 2092 in
1621 2060 1863 2093 voluminibus
1881 2059 1971 2093 aeris

1200 2107 1456 2154 Assi11ebit³⁷)‚
1484 2111 1601 2144 nantis
1617 2111 1792 2145 salutaris.

1201 2158 1259 2191 Tu
1275 2160 1479 2204 accipies3⁸)
1498 2161 1603 2194 aliam
1622 2175 1768 2195 uxorem
1788 2162 1823 2193 in
1842 2162 2008 2201 domuin,

1200 2209 1397 2255 Postquam
1417 2211 1475 2243 Dii
1493 2210 1597 2246 huius
1619 2211 1883 2257 pulchritudine

1199 831 1296 865 Men.
1330 831 1448 865 Tenes
1474 844 1542 866 me.

1183 2342 1230 2373 34)
1252 2341 1385 2373 Pylades]
1405 2342 1445 2365 sic
1465 2343 1547 2366 Editt.
1569 2343 1661 2371 1558.,
1690 2342 1782 2372 1562.;

1219 2380 1265 2408 (z
1284 2377 1376 2406 Eurip.
1397 2375 1527 2405 Πυλάδη)
1547 2377 1661 2407 Pylade.

1184 2420 1232 2445 35)
1251 2419 1383 2448 parietis]
1410 2418 1451 2441 sic
1477 2418 1532 2449 (z
1561 2419 1650 2448 Eurip.
1676 2418 1791 2450 τείχεος)
1816 2419 1899 2444 Editt.
1922 2420 2014 2451 1562.,
2052 2422 2144 2452 narn..

1219 2455 1343 2482 musgr.;
1367 2453 1417 2476 Ed.
1434 2453 1506 2476 1558.
1528 2459 1624 2476 errore
1638 2454 1764 2484 typogn:
1790 2455 1913 2484 parentis
1932 2455 1995 2483 (Ed.
2011 2455 2070 2479 Fix.
2089 2463 2144 2479 τει-

1217 2487 1291 2518 χέων
1308 2500 1342 2503 -
1360 2486 1517 2517 parietum).

1183 2530 1232 2558 36)
1252 2530 1281 2552 nt
1300 2530 1381 2552 filiam
1396 2529 1482 2556 lovis]
1500 2529 1540 2552 sic
1550 2530 1632 2553 Editt.
1648 2530 1732 2559 1562..
1751 2531 1844 2558 Bai-n..
1863 2531 1986 2561 Musgr.;
2004 2532 2143 2564 Ed.1558.

1218 2564 1380 2587 existentem
1402 2569 1460 2586 eam
1479 2564 1561 2587 filiam
1580 2564 1653 2587 lovis
1673 2564 1781 2594 (Eurip.
1803 2562 1890 2594 Ζηνὸς
1907 2563 1962 2596 γάρ
1981 2565 2093 2598 οὖσαν).

1182 2607 1231 2635 37)
1250 2606 1405 2634 Assidebit]
1430 2606 1470 2630 sie
1496 2607 1577 2631 Editt.
1598 2607 1689 2634 ¹562..
1714 2609 1810 2639 Barn.,
1836 2610 1955 2639 musgr.‚
1980 2609 2057 2640 Fix.;
2093 2609 2142 2635 Ed.

1222 2642 1296 2665 1558.
1315 2641 1438 2665 Consors
1458 2641 1510 2665 erit
1528 2642 1637 2671 (Eut-ip.
1657 2640 1798 2669 σύνθακος
1815 2641 1912 2673 ἔσται).

1183 2684 1231 2714 38)
1251 2683 1383 2713 accipies]
1404 2683 1445 2706 sic
1461 2683 1543 2737 Editt.
1562 2685 1644 2715 1558„
1667 2685 1757 2711 1562.;
1783 2686 1873 2716 θαι-ιι,
1893 2687 1996 2715 Musgr.
2012 2685 2141 2716 accipias.

1484 2722 1534 2754 2.)

1819 2344 1899 2367 Bai-u.
1909 2359 1916 2372 ,
1941 2345 2044 2375 Musgr.
2052 2361 2059 2375 ,
2085 2345 2145 2370 th.
