2373 2980
83 81 158 112 1515
534 75 655 111 LXVI.

131 165 210 196 Hec.
239 161 322 196 Non
340 166 410 199 est,
439 172 512 193 non
530 173 566 195 se
584 162 798 202 incendunt,
826 164 887 197 sed
907 176 985 197 mea
1003 166 1073 199 filia

133 213 304 255 Correpta
320 211 441 244 surore
458 212 605 246 fatidico
621 214 801 258 egreditur
818 215 924 249 foras.

134 265 225 298 Cass.
250 260 344 293 Leva
364 262 474 305 probe
494 263 618 299 facem.

128 313 220 346 Fero
233 338 242 352 ,
271 312 348 345 colo
361 339 369 351 ‚
398 315 552 347 accendo

80 364 154 397 310
179 362 331 396 Facibus
350 361 417 396 ho'c
437 365 616 399 sacellum.

130 413 163 446 Ο
181 413 386 458 Hymenaee
404 427 484 455 rex,

128 463 218 497 Ecce
237 476 343 509 quam
362 466 506 500 beatum
527 465 640 500 habeo
659 468 828 501 maritum
841 495 850 507 ‚

127 514 173 548 Et
198 527 306 560 quam
331 517 434 550 beata
463 529 548 561 ego,
582 530 674 563 quae
697 520 811 563 Argos
834 525 986 563 nuptum
1013 519 1072 551 ab·

489 569 612 602 ducor.

128 615 161 649 O
179 616 319 661 Hymen
331 643 340 657 ,
365 617 570 662 Hymenaee
588 632 667 660 rex,

77 665 150 701 315
178 667 360 712 Quoniam
380 675 439 709 tu,
467 677 602 710 mater,
629 670 820 716 lachrymis
843 676 874 703 et

127 716 460 753 Lamentationibus
478 728 660 754 mortuum

126 768 270 802 Patrem
289 775 322 802 et
341 770 495 813 patriam

129 816 283 852 Charam
305 821 487 864 deploras;

127 868 202 913 Ego
222 882 306 903 vero
326 878 473 915 propter
490 883 584 904 meas
601 872 744 915 nuptias

75 920 149 956 320
176 919 331 955 lucendo
354 922 488 962 facem,

123 971 180 1004 Ad
197 972 424 1015 splendorem
442 980 476 1006 et
492 973 679 1016 fulgorem.

125 1021 158 1054 Ο
174 1021 398 1066 Hymenaee,
421 1023 485 1056 tibi
502 1030 650 1068 propter
667 1023 844 1067 vlrginum
861 1025 1016 1068 nuptias,

124 1071 171 1105 Et
189 1072 274 1113 tibi,
302 1085 323 1106 ο
339 1073 490 1115 Hecate,
517 1075 670 1108 incendo
687 1076 818 1114 facem,

123 1122 279 1167 Propter
294 1125 437 1168 nuptias
455 1126 632 1169 virginum
645 1152 654 1164 ,
680 1126 770 1159 sicut
788 1126 841 1158 lex
858 1131 919 1159 est.

74 1172 148 1210 325
175 1173 286 1207 Vibra
305 1176 432 1218 pedem
450 1174 654 1209 aethereum
668 1203 676 1216 ,

123 1224 204 1257 Duc
220 1222 367 1258 chorum
380 1252 389 1265 ‚

125 1274 316 1320 Tanquam
333 1283 481 1321 propter
506 1277 617 1320 patris
642 1277 713 1309 mei
733 1277 969 1311 felicissimam
996 1277 1067 1309 for-

482 1333 606 1360 tunam
619 1354 628 1367 ,

124 1376 157 1410 O
170 1388 310 1410 sacrum
328 1375 476 1410 chorum
489 1403 497 1416 ,
526 1389 588 1421 age
604 1375 767 1417 Phoebe,
795 1378 859 1411 tibi
877 1390 970 1412 nunc

120 1425 161 1459 In
176 1427 316 1460 laureto
327 1453 336 1467 ,

71 1477 146 1511 330
173 1475 212 1509 In
229 1484 291 1511 tuo
308 1477 436 1511 sacello
454 1478 625 1513 sacrifico.

121 1527 282 1573 Hymen,
310 1540 330 1561 o
346 1528 488 1573 Hymen
508 1529 648 1575 Hymen
661 1556 670 1570 ,

121 1578 154 1612 Ο
169 1586 304 1618 mater,
330 1580 398 1612 duc
414 1577 563 1613 chorum
576 1607 585 1621 ,
613 1581 696 1614 tolle
714 1582 837 1625 pedem
859 1588 957 1615 tuum
970 1609 978 1621 ,

117 1629 163 1662 Et
181 1630 380 1673 circumage
399 1632 506 1673 pedes
527 1644 665 1665 mecum
679 1658 688 1671 ,

117 1680 146 1713 F
150 1692 250 1714 erens
266 1678 512 1714 charissimum
534 1694 703 1725 gressum.

68 1729 143 1765 335
169 1731 270 1764 Bona
290 1732 487 1776 precamini
504 1730 704 1777 hymenaeo
716 1760 725 1773 ,

116 1782 226 1816 Beata
243 1782 426 1821 cantione,

115 1833 162 1867 Et
176 1833 432 1867 vociferatione
448 1846 504 1867 me
521 1846 689 1879 sponsam

115 1883 184 1928 Ite,
210 1897 230 1917 o
254 1885 429 1928 elegantes

115 1935 300 1978 Virgines,
328 1935 443 1968 canite
460 1947 557 1969 meas
577 1937 720 1981 nuptias
732 1963 741 1977 ‚

65 1983 140 2020 340
166 1984 211 2018 Et
225 1985 395 2020 maritum
414 1987 628 2021 destinatum
647 1987 756 2021 cubili
775 2000 856 2021 meo
872 1988 1037 2022 fataliter.

116 2038 214 2072 Gkor.
255 2036 288 2070 O
324 2037 467 2081 regina,
510 2050 585 2071 non
616 2039 786 2073 retinebis
819 2039 1053 2073 insanientem

469 2089 624 2132 puellam
637 2117 646 2129 ,

110 2137 163 2172 Ne
179 2138 282 2172 tollat
297 2138 411 2172 levem
430 2151 588 2183 gressum
604 2141 643 2173 in
658 2140 849 2174 exercitum
860 2142 875 2173 ἐ’

109 2192 188 2224 Hec.
216 2189 249 2224 Ο
265 2189 442 2231 Vulcane‚
468 2191 581 2224 facem
599 2192 743 2237 quidem
761 2193 831 2226 fers
848 2193 884 2224 in
907 2192 1051 2235 nuptiis.
1077 2182 1081 2224 ε’

106 2240 176 2273 Sed
192 2241 360 2274 miseram
379 2239 472 2274 hanc
488 2243 646 2277 concutis
662 2244 773 2277 facem
787 2270 796 2283 ‚
1074 2240 1080 2291 J

57 2289 132 2325 345
159 2290 206 2324 Et
222 2298 365 2336 praeter
384 2305 552 2337 magnam
569 2306 687 2339 spem,
715 2292 785 2328 heu
802 2293 872 2326 filia
886 2320 894 2333 ,
1074 2292 1079 2343 ξ

105 2341 155 2375 Ut
170 2354 355 2388 nunquam
372 2345 436 2377 sub
455 2345 574 2386 armis,
594 2358 710 2392 neque
726 2346 790 2379 sub
805 2343 904 2378 hasta
916 2343 1046 2388 Argiva
1073 2348 1077 2369 ἰ

104 2393 234 2427 Putavi
251 2399 284 2426 te
302 2394 557 2429 celebraturam
575 2409 649 2431 esse
664 2397 819 2442 nuptias,

104 2443 161 2477 Da
176 2443 265 2478 mihi
279 2445 410 2483 facem;
437 2458 511 2479 non
529 2448 624 2481 enim
643 2455 738 2482 recte
755 2460 834 2481 eam
850 2446 918 2478 fers
929 2471 938 2485 ,

102 2493 231 2529 Insana
258 2508 421 2534 currens;
448 2499 656 2532 nondumne
680 2507 734 2539 te,
762 2512 782 2533 o
808 2498 900 2537 filia,
928 2495 1045 2528 tristes

462 2560 561 2583 casus

54 2594 125 2631 350
150 2596 399 2631 Reddiderunt
429 2600 681 2634 modestiorem
695 2627 704 2641 ,
751 2602 811 2635 sed
845 2600 880 2633 in
918 2598 1042 2632 eodem

466 2657 560 2684 statu
584 2651 730 2686 manes?

706 76 1103 114 INTERPRETATIO
1134 79 1378 113 TROADUM
1413 76 1662 112 EUfflPlDIS.

2045 80 2119 114 814

1179 167 1323 200 Auferte
1342 167 1453 206 faces,
1483 172 1516 198 et
1533 162 1733 209 lachrymas
1753 171 1968 198 commutate

1179 217 1256 250 Hoc
1276 218 1432 250 carmine
1449 216 1612 260 nuptiali.

1181 271 1273 302 Cass.
1299 268 1436 308 Mater,
1462 279 1549 301 orna
1566 279 1683 300 meum
1703 273 1808 310 caput
1824 267 2073 305 victoriosum,

1177 318 1223 351 Et
1239 320 1417 362 gratulare
1436 319 1522 352 meis
1538 318 1643 361 regiis
1660 318 1792 362 nuptiis
1805 345 1813 357 ,

1128 367 1202 402 555
1227 369 1271 402 Et
1289 370 1401 402 deduc
1418 380 1560 414 quoque
1584 364 1819 414 (quamquam
1835 395 1843 409 ,
1877 370 1973 414 quod
1997 370 2042 401 ad
2067 380 2120 400 me

1537 420 1681 459 attinet,
1710 432 1783 452 non
1802 421 1979 453 delectant
1995 419 2069 465 me)

1443 469 1525 503 Non
1542 469 1636 502 enim
1655 470 1784 514 Apollo
1804 478 1872 508 est3

1682 533 1788 565 quam
1809 522 1910 555 Paris
1936 521 2035 554 duxit
2053 520 2122 553 He-

1175 470 1220 503 Et
1236 470 1389 514 impelle.

1178 522 1244 554 Sed
1263 521 1360 554 ducit
1378 533 1433 553 me
1453 519 1647 560 infelicius,

1540 572 1656 603 lenam
1671 597 1679 609 ‚

1176 624 1443 666 Agamemnon,
1471 623 1529 655 ille
1546 621 1697 666 inclytus
1714 622 1935 655 Graecorum
1953 635 2025 655 rex.

1175 673 1386 706 Interficiam
1406 674 1499 707 enim
1518 674 1633 717 ipsum
1647 699 1656 711 ,
1683 679 1717 705 et
1732 672 1885 706 vicissim
1908 674 2123 716 expugnabi-

1535 736 1614 757 mus
1629 723 1675 770 20)
1698 725 1845 757 domum
1857 750 1866 762 ,

1125 776 1199 810 :360
1227 777 1376 809 Sumens
1400 787 1554 819 poenam
1579 787 1646 819 pro
1672 775 1866 808 interfectis
1890 774 2058 808 fratribus
2088 782 2121 807 et

1542 832 1654 870 patre.

1175 877 1241 911 Sed
1270 884 1406 911 caetera
1433 878 1614 915 omittam;
1651 889 1724 909 non
1754 877 2045 910 commemorabo
2070 889 2120 909 se-

1533 928 1644 961 curim
1658 955 1666 968 ‚

1174 981 1274 1025 Quae
1291 992 1355 1024 per
1374 992 1492 1012 meum
1511 980 1671 1022 iugulum
1692 979 1810 1025 ibitm)
1829 985 1862 1012 et
1880 979 2052 1017 aliorum,

1174 1032 1245 1064 Nec
1280 1031 1521 1075 parricidialia
1560 1031 1774 1070 certamina,
1830 1042 1921 1076 quae
1955 1042 1996 1062 ex
2032 1030 2119 1063 meis

1535 1081 1669 1125 nuptiis

1172 1133 1364 1171 Orientnr,
1389 1139 1423 1165 et
1439 1131 1595 1165 familiae
1613 1132 1713 1164 Atrei
1731 1131 1965 1166 eversionem.

1094 1173 1196 1218 565
1224 1184 1269 1217 Et
1284 1183 1376 1217 hanc
1394 1183 1573 1216 civitatem
1593 1184 1778 1216 ostendam
1795 1182 1990 1215 feliciolem

1173 1237 1241 1280 Qu
1235 1248 1290 1268 im
1310 1236 1372 1269 Gr
1375 1247 1465 1268 iecos
1483 1233 1560 1279 (sed
1579 1234 1739 1268 desinam
1760 1246 1779 1266 a
1796 1232 2015 1280 furorem»,

1173 1287 1243 1331 Qui
1263 1293 1411 1331 propter
1427 1297 1536 1319 unam
1554 1285 1741 1318 mulierem
1757 1292 1790 1318 et
1803 1297 1911 1318 unam
1928 1285 2119 1328 civitatem,

1172 1338 1344 1371 Helenam
1365 1336 1650 1382 quaerentes‘ss)‚
1677 1337 1886 1370 innumeros
1910 1335 2118 1369 amiserunt.

1122 1390 1194 1422 370
1221 1388 1297 1433 Ipse
1320 1401 1404 1421 vero
1429 1389 1570 1432 sapiens
1593 1387 1652 1420 ille
1676 1387 1873 1432 imperator
1901 1399 1966 1431 pro
1998 1386 2116 1419 inimi-

1534 1451 1681 1472 cissimis

1170 1491 1333 1524 Perdidit
1352 1487 1578 1529 charissima,
1606 1490 1817 1523 domesticas
1841 1489 2040 1533 voluptates

1171 1543 1324 1576 Suorum
1351 1541 1546 1573 liberorum
1573 1542 1662 1574 dans
1680 1553 1743 1574 suo
1761 1541 1862 1574 fratri
1883 1547 2030 1584 propter
2048 1539 2115 1572 He—

1526 1593 1644 1625 lenam
1656 1619 1665 1632 ,

1168 1644 1269 1689 Quae
1286 1644 1428 1684 volens,
1455 1650 1489 1677 et
1504 1655 1579 1676 non
1596 1643 1630 1675 vi
1649 1650 1751 1688 rapta
1771 1650 1840 1683 est,

1167 1695 1214 1728 Et
1254 1701 1445 1740 postquam
1488 1701 1664 1727 venerunt
1713 1696 1757 1728 ad
1806 1694 1904 1728 littus
1944 1694 2111 1727 Scaman-

1524 1746 1642 1779 drium
1653 1746 1720 1792 Ἃ),

1116 1796 1188 1831 375
1217 1797 1354 1831 Mortui
1371 1803 1469 1831 sunt:
1498 1809 1572 1830 non
1589 1798 1685 1842 quod
1710 1797 1927 1842 pellerentur
1951 1809 1969 1828 a
1994 1802 2110 1828 terrae

1525 1848 1674 1888 finibus,

1163 1899 1235 1933 Aut
1266 1899 1344 1934 altis
1371 1899 1528 1933 turribus
1560 1899 1709 1943 patriae.
1771 1899 1871 1943 Quos
1902 1909 1987 1931 vero
2010 1897 2107 1931 Mars

1523 1950 1696 1995 perdidit,

1164 2002 1235 2035 Hos
1260 2013 1335 2035 non
1359 2001 1526 2035 viderunt
1548 2001 1671 2042 liberi,
1703 2013 1820 2046 neque
1844 2000 2005 2043 coniugis
2032 2012 2106 2032 ma-

1519 2053 1624 2087 nibus

1139 2186 1189 2210 20)
1209 2187 1237 2209 et
1254 2185 1375 2210 vicissim
1395 2187 1626 2228 expugnabimus]
1645 2187 1685 2211 sic
1699 2184 2101 2215 Editt.1558.,1562.·Editt.

1175 2222 1277 2245 recent
1295 2224 1344 2250 (ε
1360 2221 1454 2252 Eurip.
1473 2218 1700 2253 καντιπορθήσω)
1720 2222 1747 2244 et
1764 2201 1888 2244 vicissini
1905 2219 2022 2243 vastabo

1138 2271 1187 2298 21)
1206 2270 1269 2300 ibit]
1288 2271 1337 2295 Ed.
1354 2271 1429 2296 1562.
1448 2273 1545 2296 mendo
1563 2270 1758 2303 typogr.:ib1·.

1136 2323 1184 2350 22)
1205 2323 1291 2351 Quam
1310 2323 1433 2347 Graecos
1451 2322 1514 2354 (sed
1533 2323 1656 2346 desinam
1673 2327 1690 2346 a
1708 2319 1843 2361 suroreb]
1863 2321 1903 2345 sic
1915 2321 1998 2345 Editt.
2014 2322 2099 2351 1558,

1172 2357 1246 2381 1562,
1268 2356 1314 2387 (=
1329 2357 1380 2381 Ed
1399 2358 1482 2381 Basil.
1503 2358 1577 2381 1551.
1597 2355 1614 2387 ᾗ
1632 2354 1694 2384 τούς
1708 2351 1856 2387 3Λχαιούς,
1879 2354 2015 2394 στήσομαι
2033 2358 2100 2387 βακ-

1169 2390 1351 2431 χευμιὶτων);
1387 2392 1470 2416 Editt.
1490 2393 1592 2415 recent.
1620 2389 1637 2422 ἢ
1664 2399 1687 2415 τ.
1709 2388 1784 2422 ³212„
1816 2389 1911 2417 ἔνθεος
1930 2388 1998 2422 μὲν,
2032 2388 2096 2414 ἄλλ’

1169 2423 1243 2456 ὅμως
1262 2423 1381 2449 Tou-6113}
1400 2423 1428 2457 γ’
1450 2424 1499 2453 ἔξω
1519 2423 1596 2455 στησ.
1615 2428 1696 2458 βακχ.
1720 2438 1745 2442 -
1775 2425 1849 2449 Fixa
1876 2430 1955 2455 quam
1970 2426 2094 2449 Aschaeo

1167 2460 1291 2487 (numine
1311 2460 1417 2490 quidem
1438 2460 1591 2491 concitata,
1623 2461 1672 2484 sed
1691 2462 1782 2484 tamen
1801 2460 1948 2490 Tantisper
1966 2465 1982 2483 a
2001 2460 2095 2483 furore

1167 2494 1331 2524 desistam),

1131 2545 1180 2573 23)
1199 2545 1378 2574 quaerentes]
1398 2544 1438 2569 sic
1457 2544 1541 2571 Editt.
1563 2546 1654 2575 1562,
1680 2547 1780 2577 Bam,
1806 2546 1928 2576 Musgr.;

1166 2581 1322 2609 querentes

1129 2628 1177 2660 24)
1198 2627 1415 2660 scamandrium]
1435 2630 1475 2653 sic
1489 2630 1572 2654 Editt.
1588 2631 1680 2661 ¹558„
1701 2631 1792 2661 Earn..
1811 2632 1934 2662 Musgr.;
1953 2631 2001 2654 Ed.
2020 2630 2093 2654 1562.

1165 2663 1389 2689 scamandarium

1954 2546 2002 2569 Ed.
2021 2545 2094 2569 ¹558.
