2373 2980
209 92 280 125 911

259 175 372 209 Multa
393 173 482 206 iusta
499 177 532 203 et
547 169 662 202 dicere
680 173 714 199 et
731 167 845 199 facere
863 172 1133 212 consequenter.

210 227 282 263 140
307 226 382 271 lpse
401 236 478 257 cum
495 221 560 255 sim
578 218 750 263 Argivus,
767 218 858 251 duco
873 217 1025 262 Argivos

258 277 440 321 Fugitivos
457 272 521 306 hos
540 284 578 304 ex
591 270 634 316 ¹³)
655 275 776 303 nostra
796 276 888 302 terra

258 329 541 363 Condemnatos,
566 328 605 356 ut
622 321 881 354 interficiantur
903 320 1037 364 legibus
1052 320 1193 355 nostris.

259 382 346 414 Cum
367 376 561 411 habeamus
577 379 737 406 nostram
754 372 1023 416 rempublicam,

256 432 421 477 Aequum
447 433 517 467 est,
540 431 579 459 ut
604 430 726 457 nostra
752 423 883 457 iudicia
903 429 980 456 rata
1000 421 1194 456 habeamus

620 476 713 508 inter
733 487 809 508 nos.

211 532 281 569 145
307 531 352 565 Et
369 543 448 564 cum
467 527 630 562 venerint
639 526 685 573 ¹³)
704 527 748 559 ad
765 526 852 558 alios
869 525 999 559 multos
1017 525 1119 564 lares,

273 583 466 617 ‘testitimns
483 581 521 613 in
538 579 661 612 iisdem
679 577 916 616 sermonibus,

256 636 301 669 Et
320 645 425 668 nemo
445 644 548 666 ausus
565 636 617 664 est
633 640 810 663 accersere
826 627 893 661 sibi
910 627 1001 660 mala
1016 640 1022 665 ;

259 689 327 721 Sed
343 684 379 718 hi
398 684 591 727 cogitantes
615 681 800 715 stultitiam
820 680 862 712 de
881 686 913 712 te
931 688 1194 724 quamcunque,

260 739 335 772 Huc
354 741 528 769 venerunt
545 733 815 777 inpericulum,
842 743 883 763 ex
903 728 1150 773 desperatione

208 789 280 825 150
314 787 529 822 Abiicientes
555 797 610 825 se,
643 783 716 817 sive
742 787 1006 827 consequantur
1032 780 1194 817 salutem,
1220 808 1221 830 ξ

620 835 693 868 sive
710 846 795 866 non.

257 893 341 928 Non
358 890 452 923 enim
470 892 669 931 sperassent
683 912 691 924 ,
714 891 746 917 te
765 884 970 917 existentem
988 893 1127 920 sanum,

258 944 378 977 Solum
400 952 440 973 ex
460 945 559 972 tanta
575 936 726 971 Graecia
739 962 748 975 ,
773 946 881 979 quam
900 933 1077 972 adierunt,

259 995 488 1028 Miserturum
508 1001 579 1023 esse
600 988 698 1020 istius
715 984 937 1019 calamitatis.

258 1048 331 1089 Age
350 1043 489 1080 confer,
512 1038 578 1073 hos
593 1038 774 1072 dimittens
793 1036 829 1068 in
850 1042 949 1068 tuam
968 1040 1102 1067 terram

210 1097 280 1132 155
305 1096 349 1129 Et
365 1095 484 1129 sinens
501 1104 567 1125 nos
585 1091 779 1128 abducere,
804 1087 890 1132 quid
909 1084 999 1119 lucri
1014 1083 1143 1119 facies?

259 1150 406 1183 'Nostras
422 1144 514 1177 vires
533 1148 632 1187 potes
651 1141 844 1183 adiungere
865 1138 947 1177 tuis,

258 1199 344 1243 Argi
361 1196 471 1242 ipsius
488 1201 606 1228 tantos
624 1192 795 1225 exercitus
806 1217 815 1230 ,
843 1196 877 1222 et
892 1185 1084 1233 Eurysthei

257 1252 392 1285 Omnes
410 1248 502 1280 vires
524 1246 652 1279 addere
673 1241 755 1276 huic
771 1241 870 1279 urbi;

258 1303 294 1337 Si
313 1307 432 1334 autem
451 1298 543 1331 dicta
555 1323 564 1337 ,
585 1302 619 1329 et
636 1293 767 1328 horum
787 1291 1053 1326 miserationem

212 1355 282 1388 160
308 1352 472 1389 Intuens‚
495 1347 673 1382 emollitus
689 1345 815 1384 fueris,
839 1343 924 1377 urbs
948 1341 1046 1374 venit
1068 1340 1104 1372 in
1124 1351 1196 1373 cer-

624 1406 746 1431 tamen

261 1455 307 1489 Et
325 1455 369 1487 ad
386 1453 534 1489 bellum;
562 1462 636 1483 non
654 1449 749 1482 enim
767 1447 816 1480 sic
832 1444 1054 1478 remittemus

262 1507 337 1539 Hoc
356 1511 535 1538 certamen
550 1502 625 1535 sine
645 1499 756 1544 gloria
770 1525 779 1536 ,
804 1497 878 1530 sine
896 1496 1002 1528 serro.

262 1558 358 1602 Quid
378 1563 452 1588 tum
468 1552 584 1587 dices?
612 1551 732 1596 quales
751 1560 895 1592 campos
911 1546 1076 1579 amittens

261 1605 462 1653 Tirynthiis
480 1604 639 1638 movebis
653 1602 784 1635 bellum
802 1596 968 1642 Argivis?

215 1660 285 1695 165
311 1660 411 1704 Quos
427 1655 573 1690 habebis
588 1652 726 1688 socios?
750 1658 784 1685 et
800 1663 865 1695 pro
884 1661 955 1694 quo
1153 1695 1158 1701 ,
1190 1694 1197 1701 ι

262 1710 415 1756 Sepelies
441 1715 521 1742 tuos
537 1707 628 1741 cives
647 1701 834 1737 mortuos?
859 1706 951 1734 certe
976 1704 1114 1732 tantum
1135 1695 1199 1728 uh1

623 1754 771 1790 accersis

265 1814 399 1847 Malam
417 1812 550 1844 famam
570 1821 588 1842 a
606 1808 740 1841 civibus
752 1833 761 1845 ,
785 1804 813 1838 si
830 1808 977 1848 propter
994 1812 1128 1839 senem,

266 1865 339 1910 Qui
356 1870 407 1897 est
421 1859 661 1906 sepulchrum,
675 1856 765 1891 nihil
776 1857 938 1893 existens,
954 1859 994 1887 ut
1009 1852 1055 1885 ita
1073 1850 1201 1889 dicam,

263 1916 309 1949 Et
328 1920 473 1959 propter
490 1924 619 1957 pueros
637 1911 673 1943 in
692 1908 869 1943 sentinam
885 1906 1047 1948 impones
1064 1903 1201 1946 pedem.

221 1969 292 2003 170
318 1967 386 2001 Sed
410 1965 504 1998 dices
520 1963 586 1997 hoc
603 1973 734 2000 unum,
760 1958 856 2004 quod
883 1956 1059 2000 optimum
1077 1959 1146 1993 est,
1169 1959 1202 1985 te

625 2013 855 2045 inventurum
874 2020 946 2041 esse
966 2018 1082 2051 spem,

266 2068 379 2114 Atqui
395 2065 463 2100 hoc
483 2065 608 2111 procul
627 2065 725 2096 abest
742 2074 759 2094 a
776 2059 956 2105 praesenti
972 2064 1144 2101 tempore.

267 2120 362 2153 Male
380 2130 464 2151 vero
484 2130 563 2151 cum
581 2114 721 2158 Argivis
738 2112 795 2146 isti
813 2110 942 2144 armati

267 2172 452 2215 Pugnent,
474 2169 503 2203 si
520 2168 732 2213 pubescant,
756 2164 783 2198 si
801 2161 869 2196 hoc
884 2168 916 2194 te

267 2222 413 2262 Incitat,
439 2227 473 2254 et
490 2221 526 2253 in
542 2218 661 2252 medio
676 2218 823 2260 longum
842 2221 980 2256 tempus
999 2216 1061 2249 est,

221 2272 291 2308 175
316 2272 355 2307 In
373 2285 443 2318 quo
462 2284 524 2305 vos
543 2269 690 2315 potestis
707 2266 835 2312 perire.
878 2264 947 2297 Sed
964 2259 1052 2295 mihi
1070 2261 1204 2293 obtem·
1230 2251 1232 2288 Ἐ

634 2331 732 2364 pera.

255 2460 301 2487 13)
333 2456 379 2489 ex]
415 2455 453 2480 sic
483 2457 530 2484 (=
555 2454 649 2483 Eurip.
673 2451 717 2480 ex)
744 2451 827 2475 Editt.
857 2450 975 2478 recent.;
1007 2445 1092 2470 Editt.
1120 2444 1206 2473 ¹558„

289 2493 364 2517 1562.
385 2493 419 2515 et.

255 2530 301 2556 14)
324 2522 462 2555 venerint]
483 2523 524 2547 sic
544 2522 591 2553 (z
607 2522 670 2545 text.
686 2518 743 2551 gr.)
764 2520 856 2547 Bam„
876 2518 996 2547 Musgr.;
1016 2514 1100 2538 Editt.
1122 2512 1205 2537 1558..
1232 2529 1233 2537 ,

291 2561 363 2586 1562,
383 2559 500 2583 venerit.

257 2596 320 2626 143)
341 2594 479 2618 dimittens
499 2593 525 2615 in
545 2593 618 2613 tuam
636 2587 671 2620 t.]
697 2588 738 2611 sie
761 2587 844 2611 Editt.
866 2585 957 2613 1558.,
986 2583 1078 2611 1562.·‚
1109 2583 1204 2606 Bai-m:
1232 2577 1233 2602 i

290 2630 430 2654 dimittens
450 2628 476 2650 in
495 2627 626 2649 nostrum
645 2625 764 2649 teri-ann
790 2622 909 2650 Musgr.:
935 2618 1083 2642 admittens
1103 2617 1130 2639 in
1149 2619 1206 2639 ter-

291 2670 364 2692 ram3
389 2663 464 2686 Fix.:
488 2660 624 2684 admissos
649 2658 676 2681 iu
702 2659 806 2680 terram
833 2656 916 2679 tuam
940 2652 1046 2683 (Eurip.
1066 2651 1102 2678 εἰς
1123 2650 1207 2682 γαῖαν
1232 2651 1233 2657 ’

289 2696 408 2729 παρεὶς).

772 79 894 114 PHIL.
930 79 1042 114 MEL.
1070 79 1271 114 SCRIPTA
1304 79 1640 118 PHILOLOGICA.

1112 1032 1141 1052 14
1150 1032 1195 1079 a),

2159 84 2231 121 912

1296 164 1394 201 Nihil
1412 168 1491 207 des,
1516 167 1576 200 sed
1593 166 1668 199 sine
1688 176 1743 197 me
1758 175 1838 197 mea
1854 166 2041 206 abducere,

1297 217 1343 251 Et
1367 218 1441 252 sine
1466 218 1634 263 Mycenas
1656 215 1836 260 possidere
1859 229 1944 258 sua,
1970 230 2108 264 neque,
2136 223 2231 266 quod

1658 267 1776 300 soletis
1792 267 1919 308 facere,

1296 319 1373 352 Hoc
1390 319 1496 352 facias
1515 325 1552 351 tu
1568 330 1730 364 quoque,
1757 331 1836 351 cum
1855 320 1996 363 possitis
2014 323 2232 365 potentiores

1297 371 1439 403 Amicos
1457 371 1584 413 eligere
1596 397 1604 410 ,
1632 376 1670 403 ut
1686 369 1822 413 eligatis
1840 370 2099 407 imbecilliores.

1220 435 1222 452 ι
1251 421 1321 455 180
1352 423 1450 455 Dem.
1486 421 1587 466 „Qui
1603 427 1718 465 potest
1738 420 1915 461 iudicare,
1942 429 2003 456 aut
2023 436 2232 468 cognoscere

1659 473 1702 504 de
1720 484 1836 511 causa,

1219 456 1223 712 Ι
1300 523 1546 569 „Priusquam
1572 530 1762 568 utramque
1790 530 1928 567 partem
1956 525 2133 559 audiverit
2157 538 2233 570 per-

1653 574 1772 618 spicue
1782 574 1852 619 ¹⁵)?

1298 625 1360 658 Iol.
1386 624 1419 657 O
1436 637 1514 664 rex,
1538 624 1620 657 licet
1634 622 1702 658 hoc
1719 625 1756 657 in
1774 632 1833 659 tua
1851 633 1946 660 terra

1298 675 1424 708 Dicere
1436 703 1444 715 ,
1467 682 1502 709 et
1519 676 1642 709 andire
1662 676 1816 710 vicissim
1831 677 1914 710 licet
1930 676 2032 718 mihi,

1220 718 1222 742 ¹
1298 727 1343 760 Et
1358 739 1464 760 nemo
1482 740 1537 760 me
1555 728 1707 771 depellet
1725 734 1827 761 antea
1839 756 1848 769 ,
1873 728 1963 764 sicut
1979 729 2016 762 in
2033 729 2111 763 aliis
2136 729 2233 763 locis.

1220 779 1222 807 l
1250 777 1321 812 185
1360 777 1455 812 Inter
1479 790 1544 812 nos
1570 785 1604 812 et
1631 777 1726 813 hunc
1752 791 1826 812 non
1853 781 2059 815 conceditur
2090 781 2234 814 alternis

1220 863 1221 870 ,
1657 843 1797 864 causam
1816 832 1945 872 dicere,

1220 873 1222 924 Ι
1298 881 1493 926 Postquam
1521 879 1610 914 nihil
1633 888 1684 915 est
1706 882 1809 916 nobis
1828 884 1980 927 amplius
2003 882 2137 926 negotii
2154 895 2234 916 cum

1220 933 1222 955 ¹
1646 933 1749 977 Argis

1300 984 1450 1016 Decreto
1468 984 1580 1022 sacto;
1605 985 1666 1017 sed
1683 996 1804 1017 sumus
1821 985 1951 1018 exules.

1299 1035 1493 1079 Quomodo
1518 1041 1634 1079 potest
1657 1036 1746 1069 iuste
1770 1034 1951 1069 retrahere
1974 1042 2145 1080 tanquam
2170 1034 2236 1068 Ar-

1221 1114 1222 1130 ,
1655 1098 1753 1130 givos

1299 1135 1445 1182 Hincffi)
1480 1149 1575 1170 nunc
1611 1149 1691 1170 cum
1727 1137 1856 1177 simus,
1896 1151 1986 1183 quos
2031 1137 2164 1182 expulit
2195 1150 2237 1171 ex

1659 1187 1801 1232 patria?

1253 1239 1322 1271 190
1362 1238 1478 1271 Alieni
1505 1238 1598 1271 enim
1621 1251 1742 1272 sumus
1770 1239 1814 1271 ab
1836 1239 1951 1283 Argis.

1661 1289 1812 1323 Graecia

1303 1340 1434 1374 [ustum
1458 1341 1589 1385 putatis
1613 1347 1652 1375 ut
1678 1341 1877 1380 exulemus,
1910 1340 2059 1386 quisque
2081 1341 2161 1374 exul
2187 1347 2238 1374 est

1222 1400 1224 1432 ’ς
1658 1403 1700 1424 ex
1721 1391 1851 1435 Argis?

1222 1476 1224 1489 ,Ἰ
1301 1443 1381 1476 Non
1398 1442 1478 1474 licet
1495 1443 1598 1476 nobis
1615 1442 1745 1486 pellere
1764 1440 1932 1479 Athenis;

1222 1502 1224 1535 j
1301 1494 1382 1527 'Non
1402 1493 1495 1526 enim
1512 1491 1746 1527 Athenienses
1764 1493 1902 1537 pellunt
1923 1493 2054 1525 liberos
2073 1491 2235 1525 Herculis

1223 1551 1224 1558 ¹
1661 1550 1759 1576 metu
1774 1543 2003 1587 Argivorum.
2049 1575 2055 1578 γ

1300 1593 1461 1629 Athenae
1480 1606 1555 1627 non
1573 1592 1732 1627 Trachin
1750 1601 1820 1635 est,
1843 1606 1958 1639 neque
1974 1594 2148 1637 Argivum
2175 1607 2237 1639 op-

1661 1645 1799 1689 pidum,

1224 1709 1226 1725 ¹
1254 1695 1326 1730 195
1366 1696 1470 1730 Unde
1497 1702 1536 1730 tu
1567 1694 1633 1730 hos
1664 1695 1846 1740 expulisti,
1883 1707 1958 1728 non
1991 1695 2135 1741 quidem
2163 1697 2237 1731 ullo

1665 1759 1755 1781 lure.

1305 1798 1553 1832 Tumefaciens
1572 1797 1686 1842 Argos
1698 1825 1707 1838 ,
1730 1798 1820 1833 sicut
1835 1810 1930 1832 nunc
1944 1797 2042 1839 dicis,

1227 1863 1229 1877 ι
1304 1849 1479 1894 Expulisti
1494 1862 1559 1883 nos
1577 1850 1751 1895 supplices
1767 1850 1813 1882 ad
1831 1861 1932 1882 aram
1946 1850 2117 1884 sedentes.

1305 1902 1342 1935 Si
1358 1900 1426 1935 hoc
1443 1901 1530 1941 erit,
1557 1907 1591 1934 et
1607 1901 1860 1946 approbabunt
1875 1907 1935 1934 tua
1954 1901 2060 1941 dicta,

1305 1953 1388 1987 Non
1402 1953 1506 1986 video
1522 1950 1681 1986 Athenas
1697 1965 1769 1986 esse
1786 1952 1915 1986 liberas
1930 1950 2098 1997 posthac;

1256 2005 1330 2040 200
1357 2004 1423 2037 Sed
1443 2004 1529 2036 novi
1549 2004 1691 2038 illorum
1713 2003 1871 2048 ingenia,

1308 2056 1403 2089 Mori
1419 2055 1537 2100 potius
1555 2056 1687 2090 volent.
1741 2054 1933 2096 „Dedecus
1949 2054 2044 2087 enim
2062 2059 2209 2098 putatur

1307 2107 1436 2152 „Apud
1452 2107 1567 2140 bonos
1583 2108 1679 2140 viros
1698 2118 1788 2140 onus
1804 2106 1909 2139 vitae.

1309 2158 1399 2192 Satis
1429 2164 1479 2191 est
1502 2159 1628 2192 urbem
1656 2159 1704 2190 ita
1729 2157 1962 2202 praedicasse.

1669 2209 1898 2247 invidiosum,

1309 2258 1533 2299 „Immodice
1553 2260 1770 2304 praedicare.
1822 2258 1898 2303 Ego
1915 2259 1989 2303 ipse
2006 2269 2110 2302 saepe

1231 2311 1232 2325 ³
1258 2309 1332 2346 205
1358 2310 1508 2343 Memini
1524 2323 1580 2343 me
1605 2317 1789 2354 gravatum
1809 2322 1900 2349 esse,
1923 2310 2066 2355 quando
2090 2308 2241 2342 nimium

1665 2374 1742 2395 sum
1760 2362 1935 2395 laudatus.

1311 2413 1416 2457 Quod
1436 2418 1552 2445 autem
1572 2412 1617 2445 sit
1632 2412 1694 2445 tihi
1707 2440 1716 2452 ,
1741 2411 1808 2446 hoc
1823 2414 1905 2446 volo
1922 2412 2050 2451 dicere,

1310 2464 1382 2497 Hos
1400 2475 1560 2504 servare,
1586 2464 1668 2509 quia
1686 2462 1768 2498 huic
1789 2472 1902 2497 terrae
1921 2475 2056 2508 praees.

2023 2155 2116 2196 „Est
2146 2154 2240 2188 enim

1295 2580 1428 2608 15)fl.1.
1454 2579 1479 2602 in
1506 2579 1586 2602 Editt.
1612 2579 1700 2603 1558..

1327 2616 1417 2638 altera
1437 2619 1510 2643 pars,

1295 2649 1339 2679 16)
1368 2646 1447 2679 Hinc]
1473 2648 1512 2671 sic
1539 2648 1621 2671 Editt.
1652 2648 1742 2676 1558.,
1776 2648 1867 2677 1562.;
1898 2648 1994 2671 Barm:
2030 2647 2077 2671 Hie
2102 2649 2149 2676 (Ξ
2171 2642 2244 2676 Ὧδε,

1329 2689 1407 2713 quam
1421 2683 1562 2706 lectionem
1578 2683 1659 2706 Editt.
1675 2683 1755 2705 nasu.
1770 2683 1854 2712 1551„
1871 2683 1961 2706 Bai-n..
1976 2683 2079 2713 Musgr.
2095 2682 2243 2710 exhibent).

1731 2580 1802 2603 1562,
1833 2582 1896 2602 nota
1922 2584 2025 2608 marg:
2058 2579 2190 2602 Audiatur
2218 2582 2245 2602 et

2020 1238 2076 1271 An
2101 1251 2142 1272 ex
2162 1245 2236 1271 tota
2260 1285 2269 1290 Ν

2362 2732 2373 2760 11
