2373 2980
83 75 157 109 873
493 71 629 106 LXVII.

131 159 284 204 Impium
295 185 304 199 ‚
332 157 541 191 sceleratum
561 164 596 191 et
610 157 781 192 iniustum

131 211 260 244 Filium
283 207 453 242 Echionis
471 209 682 254 terrigenae.

462 284 701 334 [Epodus.]

84 353 180 390 1015
207 354 371 388 Videaris
386 361 506 387 tamen
525 355 581 388 vel
597 355 761 389 cristatus
777 355 855 389 visu

128 405 247 439 Draco
267 412 329 438 aut
346 406 474 439 ardens

130 457 218 491 Visu
238 457 305 490 leo.

130 509 218 548 Eas,
246 520 266 541 o
283 505 421 540 Bacche
439 512 609 547 venator,
635 504 784 540 Bacchis

129 559 342 592 Ridentibus

84 612 181 647 1020
209 610 399 643 Circumda
415 610 582 654 laqueum
606 608 677 648 illi,
705 609 767 653 qui

130 662 170 695 In
188 661 364 695 exitialem
383 661 524 693 turbam

130 713 347 746 Maenadum
372 711 508 744 incidit.

130 767 223 799 ZVun.
259 763 291 796 O
315 764 461 801 domus,
505 773 525 793 0
551 772 642 805 quae
668 766 750 792 ante
779 766 855 793 erat
881 761 981 793 beata
1013 772 1073 803 per

494 811 695 849 Graeciam,

131 865 271 899 Sidonii
287 864 398 903 senis,
427 863 489 908 qui
510 862 724 905 terrigenam

82 915 180 954 1025
208 916 358 949 Messem
378 913 549 958 serpentis
565 912 755 946 seminavit
773 912 809 944 in
830 918 945 950 terra,

134 969 180 1001 Ut
197 975 230 1001 te
248 967 396 1011 deploro
408 991 417 1005 ,
445 976 665 1010 quamquam
683 975 823 1003 servus,
851 969 971 995 tamen

130 1019 270 1059 „Bonis
287 1017 396 1051 servis
414 1015 595 1049 calamitas
614 1021 685 1055 est,
711 1014 741 1049 si
760 1014 845 1060 quid
861 1013 989 1046 accidit
1011 1014 1073 1045 do-
1100 1038 1101 1045 ,

488 1066 595 1099 minis
603 1065 663 1111 64).

131 1123 227 1156 (thor.
256 1119 353 1164 Quid
370 1125 419 1152 est
429 1118 444 1151 ’ἓ
480 1129 521 1150 ex
536 1115 688 1150 Bacchis
713 1115 848 1161 aliquid
873 1115 959 1148 novi
983 1127 1073 1148 nun-
1100 1141 1101 1149 1

489 1167 579 1201 tias?

130 1225 223 1257 Mm-
250 1217 450 1258 Pentheus,
478 1218 570 1251 filius
584 1214 776 1257 Echionis,
804 1217 920 1262 periit.

83 1274 179 1308 1030
208 1274 306 1308 Ghor.
333 1271 366 1304 Ο
382 1283 442 1303 rex
458 1268 625 1308 Bromie,
662 1268 792 1301 etenim
818 1280 968 1312 magnus
992 1279 1065 1300 conr
1100 1268 1101 1272 ’

494 1319 638 1363 spiceris
655 1318 762 1352 Deus.

127 1377 222 1408 Nun.
249 1372 345 1417 Quid
364 1371 438 1404 ais?
469 1383 530 1403 cur
545 1368 613 1402 hoc
631 1370 775 1403 dixisti?
805 1382 850 1402 an
868 1370 954 1402 meis

129 1424 234 1457 Malis
262 1423 413 1467 gaudes,
455 1421 599 1466 quando
631 1432 687 1454 res
718 1420 949 1453 dominorum
982 1420 1072 1452 male

487 1470 645 1505 habent?

130 1527 227 1562 Gkor.
255 1523 331 1568 Ego
350 1521 491 1567 hospita
518 1523 656 1555 celebro
678 1520 857 1556 Bacchum
884 1521 1071 1554 barbarico
1099 1526 1101 1538 ¹

491 1574 668 1613 carmine,

128 1627 211 1662 Non
231 1626 384 1671 amplius
399 1625 555 1658 formido
572 1624 725 1658 vincula.

83 1677 180 1714 1035
206 1681 301 1713 Nem.
328 1677 428 1710 Adeo
447 1675 589 1710 Thebas
605 1676 750 1719 ignavas
769 1687 841 1708 esse
857 1674 985 1718 putas?

132 1732 230 1766 Cher.
257 1726 435 1768 Bacchus,
463 1740 537 1761 non
557 1725 704 1760 Thebae
728 1726 918 1771 imperium
941 1724 1071 1758 habent
1097 1756 1098 1768 2

491 1779 529 1812 in
545 1791 615 1813 me.

126 1836 221 1868 Nun.
265 1831 523 1876 Ignoscendum
559 1836 610 1863 est
643 1828 726 1866 tihi;
771 1835 889 1861 tamen
924 1830 1098 1872 propter'

484 1883 575 1914 facta

130 1934 225 1967 Mala
242 1935 396 1977 gaudere
415 1946 478 1967 vos
495 1944 570 1965 non
585 1932 695 1965 decet.

129 1987 227 2020 Ghor.
254 1984 321 2017 Dic
336 1982 445 2023 mihi,
475 1995 545 2029 quo
561 1984 634 2016 fato
653 1987 816 2015 mortuus
833 1987 883 2014 est

80 2036 176 2071 1040
204 2035 357 2069 Iniustus
374 2035 446 2075 vir,
475 2034 603 2068 iniusta
623 2031 799 2066 moliens?

125 2092 218 2123 Nun.
246 2087 442 2133 Postquam
467 2084 687 2130 Therapnen
701 2084 747 2130 ⁶⁰)
774 2082 878 2116 huius
904 2081 1066 2115 'lhebani
1092 2118 1095 2164 f
1124 2111 1220 2145 1080
1246 2112 1444 2158 Postquam
1465 2112 1552 2147 haec
1568 2113 1676 2154 dixit,
1704 2120 1738 2146 et
1755 2114 1800 2146 ad
1823 2112 1959 2145 coelum

487 2137 554 2170 soli

124 2189 379 2234 Relinquentes
395 2188 524 2232 egressi
540 2200 661 2221 sumus
678 2193 777 2220 trans
795 2185 977 2230 Asopum,

123 2240 247 2284 Iugum
267 2237 492 2274 Cithaeronis
509 2239 661 2284 aggressi
687 2250 807 2272 sumus

123 2289 302 2325 Pentheus
319 2297 352 2324 et
368 2303 431 2335 ego
443 2318 451 2331 ‚
480 2289 668 2338 (sequebar
684 2290 778 2323 enim
796 2288 1000 2332 dominum)

76 2341 172 2377 1045
199 2342 244 2375 Et
257 2340 404 2387 hospes,
431 2343 492 2388 qui
510 2342 612 2376 nobis
629 2343 699 2376 (lux
717 2348 793 2374 erat
815 2340 909 2373 illius
930 2346 1063 2384 specta-

481 2393 606 2427 tionis:

121 2444 284 2478 Primum
302 2440 489 2478 herbidum
507 2445 701 2479 insedimus
719 2456 861 2482 nemus,

103 2559 150 2591 64)
169 2561 237 2583 11.1.
262 2560 290 2584 in
308 2561 392 2587 Editt.
412 2562 505 2593 1558„
530 2563 605 2587 1562.
636 2564 701 2586 uota
726 2567 827 2592 marg.:

139 2595 264 2619 officium.

102 2636 150 2669 65)
169 2638 345 2668 Therapnen]
363 2638 404 2663 sic
423 2639 522 2669 scripsi
529 2646 538 2670 ;

136 2672 218 2697 Editt.
238 2675 342 2698 recent.
359 2675 407 2702 (ε
426 2674 519 2705 Eun'p.
540 2672 700 2706 Θεράπνας)
721 2675 888 2704 Therapnas.

693 70 1091 113 INTERPRETATIO
1128 78 1427 113 BACCHARUM
1460 78 1711 114 EURIPIDIS.

862 2562 964 2585 Fidelis
987 2561 1060 2584 servi
1086 2559 1089 2583 Ι

566 2640 758 2668 Editt.1558..
779 2640 854 2664 1562.
874 2640 1059 2669 Therapnem
1084 2599 1088 2679 i

2046 81 2119 115 874

1180 166 1230 200 Ut
1247 178 1286 199 ea
1300 193 1309 207 ‚
1335 179 1426 213 quae
1448 166 1586 201 eminus
1607 172 1727 205 erant,
1753 166 1858 199 tacite

1180 217 1418 252 Observantes
1435 219 1636 251 videremus
1647 245 1655 258 ‚
1682 229 1747 251 nos
1765 229 1839 250 non
1853 217 1931 250 visi.

1179 269 1265 301 Erat
1282 276 1398 302 autem
1419 270 1519 304 vallis
1536 271 1645 302 ardua
1658 296 1667 309 ,
1694 268 1828 312 irrigua
1848 268 1967 313 aquis,

1100 340 1102 344 ‚
1132 318 1228 353 1050
1255 320 1375 364 Opaca
1393 321 1500 365 pinu,
1525 321 1585 353 ubi
1603 320 1796 353 Maenades

1100 359 1103 381 Ρ
1179 370 1376 412 Sedebant,
1399 369 1568 405 habentes
1585 384 1712 405 manus
1730 372 1766 404 in
1781 370 1975 404 laboribus.

1180 421 1255 454 Hae
1272 422 1416 467 quidem
1436 435 1477 455 ex
1492 423 1576 466 ipsis
1593 421 1753 467 thyrsum
1771 422 1990 455 deficientem
2004 448 2012 460 ‚

1180 472 1320 505 Hedera
1338 480 1517 506 comatum
1538 485 1658 506 rursus
1675 474 1915 509 coronabant3

1179 523 1279 556 Aliae
1297 536 1382 557 vero
1402 524 1643 569 relinquentes
1660 525 1757 556 varia
1777 525 1856 568 iuga
1876 523 1965 556 sicut
1982 522 2064 567 equi

1101 608 1102 614 ,
1133 573 1230 608 1055
1258 575 1444 608 Sonabant
1461 582 1586 608 mutuo
1604 587 1748 607 carmen
1761 572 1966 607 Bacchium.

1178 625 1358 661 Pentheus
1391 639 1476 659 vero
1508 626 1614 660 miser
1644 626 1835 658 femineam
1866 637 1939 657 non
1978 636 2122 656 cernens

1540 678 1681 710 turham
1693 704 1702 717 ‚

1177 727 1276 761 Dixit
1289 726 1394 762 haec:
1424 728 1457 761 O
1474 727 1622 772 hospes,
1651 739 1692 761 ex
1708 728 1801 767 loco,
1829 727 1866 759 in
1886 738 1956 771 quo
1976 732 2122 764 stamus,

1179 779 1261 813 Non
1302 780 1438 824 attingo
1481 780 1590 814 oculis
1626 779 1844 812 Maenadum
1881 777 2122 810 adulterarum

1099 837 1101 866 ξ
1546 831 1703 865 turbam.
1998 831 2001 833 ’

1099 872 1102 896 ¹
1179 881 1375 915 Tumulum
1393 894 1479 915 vero
1501 883 1740 916 conscendens
1757 881 1794 913 in
1811 881 1919 913 altam
1939 878 2091 912 abietem

1131 932 1228 966 1060
1255 932 1388 966 Videro
1399 933 1445 980 66)
1462 940 1555 966 recte
1575 933 1792 966 Maenadum
1811 930 2083 975 turpitudinem.

1100 983 1101 987 ’
1177 983 1305 1016 Postea
1348 982 1452 1018 huius
1496 983 1646 1028 hospitis
1687 985 1869 1030 quoddam
1912 980 2123 1015 miraculum

1539 1035 1655 1069 video.

1178 1084 1461 1129 Apprehendens
1480 1087 1575 1119 enim
1596 1086 1720 1120 abietis
1739 1085 1926 1118 sublimem
1944 1095 2121 1117 summum

1538 1150 1680 1172 ramum

1099 1198 1102 1234 ἶ
1178 1186 1330 1220 Deflexit
1346 1200 1458 1233 usque
1474 1188 1512 1221 in
1529 1189 1664 1227 solum;

1100 1238 1101 1282 J
1179 1238 1406 1272 Curvabatur
1424 1251 1507 1273 vero
1526 1252 1564 1273 ea
1582 1240 1691 1273 veluti
1708 1250 1810 1271 arcus
1825 1249 1932 1271 curva
1952 1243 2012 1270 aut
2028 1241 2106 1268 rota

1131 1288 1228 1322 1065
1256 1289 1416 1323 Tornata
1436 1291 1472 1323 in
1490 1304 1615 1336 gyrum
1635 1290 1732 1324 ducit
1748 1290 1876 1322 flexum
1887 1288 1952 1333 6'¹'):

1178 1340 1234 1373 Sic
1251 1353 1392 1375 ramum
1409 1349 1622 1376 montanum
1640 1341 1768 1386 hospes
1786 1353 1897 1374 manu
1914 1341 2044 1373 ducens

1178 1391 1293 1425 Flexit
1309 1394 1354 1425 ad
1373 1400 1506 1426 terram
1519 1421 1528 1434 ‚
1555 1394 1687 1428 faciens
1702 1404 1776 1426 non
1793 1391 1952 1426 humana
1972 1402 2098 1435 opera·‚

1178 1442 1337 1476 Penthea
1355 1457 1440 1477 vero
1460 1446 1637 1479 collocans
1656 1446 1693 1477 in
1709 1444 1819 1477 ramis
1835 1443 1993 1486 abiegnis
2004 1469 2012 1481 ‚

1178 1493 1343 1528 Remittit
1359 1508 1499 1529 ramum
1519 1509 1658 1530 sursum
1679 1508 1742 1540 per
1759 1507 1886 1528 manus
1898 1521 1907 1533 ‚

1129 1545 1227 1579 1070
1253 1546 1392 1580 Sensim
1410 1559 1552 1589 cavens,
1579 1560 1624 1581 ne
1643 1553 1820 1581 excuteret
1837 1558 1937 1580 eum:

1177 1596 1408 1631 Firmabatur
1427 1606 1542 1632 erecta
1554 1600 1591 1632 in
1607 1600 1794 1633 sublimem
1813 1595 1955 1631 aethera
1969 1621 1977 1634 ‚

1178 1648 1373 1683 Continens
1390 1656 1489 1694 tergo
1509 1651 1721 1685 insidentem
1739 1649 1939 1684 dominum.

1177 1699 1281 1735 Visus
1297 1713 1381 1734 vero
1399 1708 1450 1734 est
1466 1703 1584 1746 potius
1604 1714 1712 1748 quam
1729 1701 1820 1735 vidit
1835 1699 2040 1733 Maenades.

1175 1751 1242 1785 Vix
1268 1752 1362 1785 enim
1388 1755 1527 1787 sederat
1550 1754 1587 1786 in
1613 1754 1762 1793 arbore,
1805 1765 1884 1786 cum
1911 1752 2118 1792 conspectus

1537 1805 1655 1839 statim
1676 1812 1737 1839 est.

1128 1852 1223 1887 1075
1250 1854 1387 1900 Hospes
1402 1868 1487 1889 vero
1504 1868 1579 1889 non
1597 1857 1749 1901 amplius
1766 1855 1976 1899 conspicuus
1992 1856 2078 1883 erat-

1173 1905 1226 1938 Ex
1245 1904 1387 1940 aethere
1404 1914 1521 1941 autem
1542 1920 1612 1941 vox
1628 1908 1685 1953 (ut
1703 1908 1876 1941 coniicere
1896 1904 2038 1946 licebat)

1098 1685 1100 1702 I

1094 1941 1103 2033 'i
1172 1955 1304 1990 Bacchi
1321 1959 1559 1992 exclamabat:
1587 1959 1620 1992 O
1636 1960 1866 1993 mulierculae
1878 1984 1886 1997 ‚

1172 2008 1274 2041 Duco
1292 2009 1391 2043 illum
1404 2037 1413 2049 ‚
1441 2011 1501 2056 qui
1521 2023 1582 2044 vos
1600 2018 1634 2044 et
1648 2023 1705 2044 me
1723 2018 1756 2045 et
1774 2022 1852 2044 mea
1872 2007 1971 2051 orgia

1174 2059 1339 2099 Deridet;
1366 2063 1489 2106 punite
1509 2074 1601 2096 eum.

1169 2161 1215 2195 Et
1231 2169 1363 2197 terram
1382 2165 1499 2198 emisit
1510 2165 1686 2209 fulgorem
1704 2164 1795 2198 sacri
1812 2163 1922 2207 ignis,

1166 2212 1219 2247 Ibi
1234 2215 1345 2249 tacuit
1361 2214 1483 2249 aether
1494 2243 1502 2257 ‚
1530 2228 1725 2261 nemusque
1742 2222 1906 2259 pratense
1923 2212 2027 2246 tacite

1168 2264 1269 2299 Folia
1313 2267 1489 2301 continuit
1506 2294 1515 2308 ‚
1574 2279 1638 2300 nec
1680 2266 1873 2301 audivisses
1915 2263 2108 2299 bestiarum

1530 2331 1666 2351 vocem.
2140 2317 2144 2320 ’

1168 2367 1244 2401 Hae
1270 2381 1354 2402 vero
1376 2382 1448 2402 non
1474 2369 1660 2403 manifeste
1690 2382 1811 2404 vocem
1843 2368 1989 2404 auribus
2020 2367 2108 2400 acci-

1528 2421 1665 2464 pientes
1677 2448 1685 2461 ‚

1147 2553 1195 2581 66)
1213 2553 1331 2581 videro]
1352 2551 1392 2575 sic
1406 2552 1488 2576 Editt.
1504 2553 1595 2583 1558„
1618 2554 1709 2583 1562.;
1730 2555 1814 2578 Editt.
1834 2558 1954 2579 recent.:
1973 2554 2087 2578 VideIJO.

1147 2604 1194 2635 67)
1214 2603 1387 2628 Curvahatur
1405 2615 1439 2620 —
1456 2604 1583 2632 nexuum]
1609 2605 1650 2628 sic
1670 2606 1753 2631 Editt.
1779 2606 1868 2637 1558„
1898 2606 1990 2634 1562.;
2027 2605 2103 2630 Fix.:

1180 2639 1352 2663 Curvabatur
1371 2643 1437 2661 vero
1456 2644 1558 2662 ramus
1575 2641 1605 2662 ut
1624 2645 1723 2670 arcus,
1748 2642 1796 2663 aut
1815 2646 1899 2664 curva
1918 2642 1996 2664 rota.
2016 2641 2101 2669 Quum

1180 2675 1261 2698 torno
1280 2674 1407 2697 tornatur
1425 2672 1453 2696 in
1471 2672 1590 2704 ambitu,
1616 2673 1690 2698 ducit
1708 2681 1824 2706 gyrum:
