2373 2980
112 64 187 103 465
597 64 719 101 LVIII.

527 203 697 247 hendisti,

164 258 209 292 Et
228 256 315 291 haec
335 268 452 301 genua
478 262 560 299 tua,
586 269 696 304 quam
721 258 851 291 frustra
869 269 949 291 sum
965 255 1102 301 polluta

164 310 217 342 Ab
240 308 408 353 improbo
429 309 580 350 marito,
615 316 651 343 et
674 321 753 354 spes
778 320 879 343 meae
911 309 1102 343 frustratae

520 367 604 395 sunt
624 372 695 396 me.
756 357 762 360 ⁶

159 414 255 459 Age,
278 412 408 457 loquar
434 411 505 445 iam
532 420 649 446 tecum
674 419 848 458 tanquam
874 425 954 446 cum
972 412 1102 453 amico,

110 465 185 501 500
207 465 254 499 Et
279 463 381 510 quasi
405 463 643 497 videar-bene
662 462 829 498 habitura
854 476 874 498 a
895 470 946 502 te;

160 517 219 551 Tu
241 522 362 550 tamen
384 514 624 560 interrogatus
647 516 824 549 videberis
845 515 997 560 turpior.

159 570 242 613 Quo
266 579 324 600 me
348 578 444 600 nunc
468 566 632 600 vertam?
658 580 705 601 an
729 569 775 600 ad
799 568 946 601 domum
972 565 1085 610 patris

159 619 206 653 Et
231 618 406 664 patriam,
434 620 562 664 quibus
586 619 651 652 tibi
672 619 825 664 proditis
848 617 917 652 huc
942 616 1049 650 veni?

158 672 215 704 An
231 672 275 704 ad
287 670 435 704 miseras
450 672 539 704 filias
549 670 695 704 Peliae?
710 671 843 704 scilicet
859 670 940 702 illae
949 665 1097 713 pulchre

109 721 182 757 505
206 723 267 756 Me
282 722 482 767 reciperent
497 723 535 755 in
553 734 633 756 suas
650 723 767 762 aedes,
785 733 939 768 quarum
959 726 1095 765 patrem

523 773 696 807 interfeci.

156 826 214 859 Sic
237 838 273 860 se
297 838 352 859 res
377 823 503 866 habet,
530 824 652 859 amicis
677 824 880 858 domesticis

157 877 243 911 Sum
274 877 409 915 invisa;
438 883 473 910 et
504 876 633 922 quibus
660 888 717 909 me
744 887 820 908 non
853 872 1096 919 oportebatffl)

515 928 607 961 male

154 980 303 1021 Facere,
330 992 390 1013 eos
411 986 472 1013 tua
495 991 601 1013 causa
624 976 740 1011 habeo
764 977 940 1011 inimicos.

154 1031 249 1075 Ergo
274 1032 367 1064 inter
380 1031 520 1065 multas
543 1031 700 1064 Graecas
723 1042 781 1062 me
807 1030 950 1062 beatam

104 1081 178 1118 510
201 1083 351 1123 Fecisti,
374 1095 440 1127 pro
464 1080 560 1116 hisce
584 1081 763 1116 beneficiis
786 1080 966 1125 egregium
994 1087 1027 1114 te

153 1134 202 1168 Et
222 1135 332 1168 fidum
357 1134 529 1167 maritum
553 1132 670 1167 habeo
694 1133 818 1166 infelix
840 1144 917 1176 ego.

40 1192 43 1239 Ἰ
153 1186 191 1219 Si
213 1186 348 1230 fugiam
373 1186 517 1230 expulsa
540 1198 581 1218 ex
605 1183 672 1218 hac
698 1191 807 1223 terra,

153 1238 236 1270 Sola
261 1249 343 1271 cum
368 1237 453 1270 solis
475 1236 617 1275 liberis,
643 1237 767 1268 orbata
795 1234 930 1273 amicis,

42 1303 43 1307 ¹
153 1285 350 1323 Pulchrum
374 1300 466 1327 esse,
493 1288 666 1331 probrum
678 1286 725 1332 4ιᾶ)
749 1286 816 1319 erit
840 1298 936 1319 novo
961 1295 1092 1328 sponso

41 1310 43 1384 l
85 1342 88 1345 '
515 1338 592 1377 tibi,

28 1386 43 1425 ¹¹,
104 1390 177 1426 515
201 1388 332 1423 Errare
342 1389 388 1436 ⁴⁵)
416 1389 567 1429 liberos,
591 1395 626 1421 et
649 1400 725 1428 me,
750 1400 840 1432 quae
862 1394 895 1420 te
920 1385 1071 1420 servavi.

26 1434 44 1482 2
151 1441 215 1482 „O
229 1440 383 1486 Iupiter,
406 1452 516 1486 quare
542 1439 639 1480 auri,
663 1440 760 1485 quod
780 1439 824 1472 sit
838 1437 1093 1476 adulterinum,

22 1460 44 1530 ll
152 1492 290 1533 „Clara
315 1492 415 1536 signa
437 1490 643 1525 hominibus
666 1489 873 1537 dedisti‘ffiss

151 1544 252 1585 „Sed
278 1556 349 1589 quo
375 1550 541 1588 oporteat
565 1543 720 1577 discerni
744 1543 878 1576 malum
902 1541 1033 1581 virum,

151 1595 328 1636 „Nullum
351 1595 492 1639 signum
512 1595 603 1629 inest
627 1594 782 1640 corpori.

100 1644 176 1682 520
201 1649 300 1683 Ghor.
322 1647 539 1687 „Acerrima
567 1648 743 1692 quaedam
768 1652 801 1679 et
821 1643 1092 1678 immedicabilis

512 1711 568 1732 res
594 1704 656 1739 est,

151 1749 337 1795 „Quando
355 1750 459 1784 amici
478 1750 654 1794 incipiunt
673 1749 888 1783 contendere
905 1760 984 1781 cum
1004 1746 1090 1779 ami-

516 1801 631 1846 cis47).

150 1855 219 1886 las.
244 1852 397 1897 Oportet
420 1865 476 1886 me
503 1865 579 1885 non
600 1863 743 1895 segnem
769 1862 841 1884 esse
866 1849 902 1881 in
927 1848 1091 1887 dicendo,

511 1910 551 1936 ut
578 1903 731 1941 videtur,

148 1953 218 1986 Sed
239 1954 336 1988 velut
358 1954 460 1988 navis
482 1955 667 1988 laudatum
677 1953 723 2000 48)
751 1953 1026 1998 gubernatorem

149 2005 305 2040 Summis
334 2006 406 2040 oris
430 2006 498 2039 veli
521 2006 675 2050 effugere

23 1666 34 1808 «μ’-ν...-

71 1721 81 1729 f

131 2182 177 2214 43)
204 2181 361 2214 oportebat]
390 2181 500 2213 sic‹(=
520 2181 612 2211 Eurip.
638 2180 735 2213 ἔχρην)
767 2181 850 2206 Editt.
872 2181 963 2212 ¹558„
996 2183 1088 2208 Barn„

165 2215 290 2249 Musgr„
308 2217 386 2248 Fix.;
411 2217 460 2242 Ed.
483 2217 558 2242 1562.
578 2218 697 2246 oportet.

131 2268 178 2299 44)
199 2268 343 2292 Pulchrum
361 2274 442 2298 esse,
461 2268 606 2298 probrum]
624 2267 663 2290 sic
677 2266 863 2295 Editt.1558.,
882 2267 976 2297 1532.;
996 2268 1088 2295 Barn„

165 2304 286 2332 Musam:
305 2303 454 2327 Praeclara
471 2308 538 2325 vero
553 2301 653 2333 gloria,
673 2302 751 2325 Fix.:
772 2301 921 2326 Praeclara
935 2308 1003 2326 saue
1016 2304 1088 2327 fama

167 2340 215 2366 (z
232 2337 326 2368 Eurip.
344 2334 430 2360 καλόν
446 2334 471 2369 γ’
494 2334 620 2364 ὄνειδος).

135 2387 182 2416 45)
202 2387 320 2420 Errare]
346 2388 386 2412 sic
415 2388 498 2412 Editt.
526 2388 618 2415 1558„
648 2387 739 2417 1562.;
766 2388 850 2412 Editt.
871 2390 982 2415 recent.
1005 2391 1080 2413 recte

169 2422 304 2447 mendicos
325 2428 422 2453 errare
442 2425 490 2451 [z
505 2423 598 2452 Eurip.
617 2420 751 2454 Πτωχοὺς
767 2420 913 2451 ἀλᾶσθαι),

134 2470 268 2502 46)u.1.
294 2473 322 2497 in
346 2474 429 2498 Editt.
452 2474 543 2504 1558„
571 2473 645 2497 1562.
671 2476 738 2498 nota
756 2480 858 2506 marga
888 2475 1016 2499 Fallaces
1035 2476 1086 2499 110-

169 2511 262 2529 mines.

133 2553 182 2587 4⁷)
203 2556 254 2614 {re
264 2557 283 2581 1.
308 2557 335 2593 ῑῃ
361 2558 458 2583 iisdem
482 2559 565 2584 Editt.
595 2548 660 2583 mita
686 2565 790 2592 marg.:

168 2595 201 2620 gr
222 2597 239 2613 v
257 2596 280 2615 s.
468 2603 470 2605 ·

824 2560 982 2586 Amicorum
1009 2560 1087 2585 rixae

133 2640 180 2673 48)
207 2641 360 2677 laudatum]
387 2643 428 2668 sic
453 2646 502 2670 Ed.
528 2646 603 2669 1553.
637 2645 736 2674 (Editt.
763 2648 884 2671 recent.:
915 2648 1086 2678 prudentem.

166 2672 261 2706 Eurip.
280 2673 408 2708 κεδνόν);
428 2674 476 2704 Ed.
492 2679 565 2704 1562.
584 2680 670 2704 male:
689 2681 809 2705 laudato.

97 2717 279 2748 Multum.
305 2717 412 2750 Ormi.
432 2720 517 2751 Vor.
538 2722 661 2753 XVIII.

770 65 1170 107 INTERPRETATIO
1196 67 1398 104 MEDEAE
1424 68 1672 104 EURIPIDIS.

164 154 234 188 Hei
258 156 438 189 dexteram
462 163 631 195 manum,
653 164 762 200 quam
788 160 827 188 tu
847 164 951 198 saepe
977 165 1105 199 appre-

2075 82 2148 118 466

1159 153 1234 190 525
1259 155 1377 190 Tuam
1402 156 1547 190 inanem
1572 157 1847 203 loquacitatem,
1870 174 1890 194 o
1916 164 2056 200 mulier.

1208 206 1303 251 Ego,
1333 215 1525 254 postquam
1561 209 1665 243 valde
1694 222 1883 256 exaggeras
1914 220 2015 249 tuum
2042 219 2147 253 bene-

1566 261 1698 302 ficium,

1206 308 1382 343 Existimo
1410 322 1508 343 meae
1535 312 1774 356 navigationis
1800 314 1977 351 Venerem

1206 360 1443 393 Servatricem
1464 374 1536 394 esse
1554 363 1669 396 solum
1687 364 1779 397 inter
1795 363 1959 403 homines
1969 369 2147 418 Deosque.

1208 411 1266 445 Tu
1287 411 1432 457 quidem
1459 424 1494 445 es
1518 412 1722 457 ingeniosa;
1746 417 1806 449 sed
1833 419 1955 454 odiosa
1983 423 2049 456 erit

1155 462 1230 497 530
1256 462 1352 496 Haec
1370 463 1486 497 oratio
1498 490 1507 504 ,
1530 464 1559 498 si
1576 464 1692 498 dicere
1709 467 1814 500 velim
1826 495 1834 508 ‚
1857 473 1953 515 quod
1971 486 2073 507 amor
2090 489 2146 508 co-

1571 516 1683 559 egerit
1705 522 1738 549 te

1204 565 1520 612 Liberaressssmeum
1549 578 1678 611 corpus
1701 579 1741 600 ex
1765 568 2029 609 inevitabilibus
2054 581 2145 621 peri-

1569 618 1722 665 culis‘ffl).

1202 667 1271 700 Sed
1294 668 1379 701 nolo
1405 666 1491 701 haec
1514 669 1621 703 nimis
1644 670 1821 704 subtiliter
1845 679 2008 711 tractare.

1204 719 1388 764 Quatenus
1412 720 1520 763 igitur
1541 720 1682 762 iuvisti‚
1705 722 1795 756 bene
1821 736 1857 757 se
1881 737 1936 759 res
1961 724 2078 764 habet.

1203 771 1313 816 Atqui
1339 772 1541 805 servatione
1566 773 1637 806 mei
1665 773 1803 807 maiora
1827 776 1997 812 beneficia

1152 818 1227 855 535
1266 822 1463 868 Accepisti,
1501 836 1610 870 quam
1644 824 1803 865 dederis,
1841 832 2143 873 quemadmodum

1557 888 1622 920 ego
1646 876 1717 909 iam
1749 878 1878 913 dicam.

1201 926 1364 959 Primum
1392 939 1458 970 pro
1484 927 1636 961 barbara
1658 934 1753 961 terra
1775 929 1812 962 in
1838 931 1975 965 Graeca

1201 976 1315 1010 Terra
1340 975 1500 1018 habitas,
1529 985 1563 1011 et
1584 979 1650 1013 scis
1675 981 1741 1019 ius,

1200 1027 1247 1061 Et
1270 1028 1406 1072 legibus
1429 1029 1501 1069 uti,
1526 1041 1602 1062 non
1628 1042 1694 1074 pro
1718 1031 1854 1065 viribus
1877 1045 1991 1078 agere.

1200 1079 1338 1112 Deinde
1376 1092 1500 1114 omnes
1524 1081 1653 1114 Graeci
1678 1090 1865 1116 senserunt
1891 1092 1924 1118 te
1948 1099 2020 1121 esse
2043 1089 2138 1135 inge-

1562 1144 1715 1173 mosam,

1150 1180 1224 1215 540
1249 1180 1295 1214 Et
1321 1183 1448 1226 adepta
1473 1195 1508 1216 es
1530 1183 1701 1227 gloriam;
1725 1183 1753 1217 si
1780 1184 1817 1217 in
1841 1191 2007 1223 extremis
2023 1198 2139 1227 terrae

1200 1233 1348 1267 Finibus
1384 1232 1584 1275 habitares,
1633 1235 1730 1269 nulla
1771 1237 1941 1281 opinione
1976 1246 2136 1285 praedita

1558 1298 1661 1321 esses.

1201 1333 1323 1375 „Mihi
1349 1348 1434 1369 vero
1457 1349 1573 1383 neque
1600 1350 1728 1372 aurum
1754 1339 1798 1372 sit
1822 1340 1932 1382 domi,

1199 1387 1355 1433 „Neque
1379 1388 1487 1421 velim
1507 1402 1564 1423 me
1587 1389 1714 1423 melius
1736 1391 1917 1438 canere50)
1942 1393 2102 1439 Orpheo,

1197 1438 1305 1478 „Nisi
1327 1439 1473 1474 illustris
1496 1439 1587 1474 mihi
1610 1441 1794 1485 contingat
1814 1443 1960 1478 fortuna
1970 1446 2027 1493 5¹).

1147 1487 1222 1523 545
1244 1490 1361 1536 Atque
1386 1497 1525 1525 tantum
1549 1492 1615 1525 tibi
1638 1493 1681 1525 de
1705 1492 1793 1526 meis
1977 1504 1981 1505 ⁷

1198 1540 1324 1575 Dicere
1354 1543 1472 1584 volui,
1496 1544 1579 1589 quia
1605 1550 1643 1576 tu
1675 1544 1838 1588 incepisti
1869 1544 1960 1580 hanc
1993 1558 2138 1584 conten-

1562 1595 1711 1629 tionem.

1198 1643 1387 1679 Caeterum
1412 1658 1504 1692 quae
1527 1645 1617 1680 mihi
1643 1647 1831 1681 maledicta
1861 1650 1903 1683 de
1927 1652 2062 1696 nuptiis
2085 1667 2138 1688 re-

1553 1699 1622 1745 giis
1647 1699 1818 1739 obiecisti,

1195 1746 1237 1780 In
1259 1745 1328 1781 hoc
1347 1750 1556 1782 monstrabo
1572 1750 1728 1794 primum
1740 1777 1749 1791 ,
1774 1752 1871 1796 quod
1888 1752 1954 1786 sim
1969 1757 2136 1799 prudens,

1199 1798 1338 1833 Deinde
1364 1807 1500 1841 castus,
1524 1807 1599 1834 tuin
1625 1802 1715 1835 bene
1745 1803 1868 1837 volens
1891 1804 1956 1838 tibi

1147 1848 1223 1884 550
1247 1850 1294 1883 Et
1318 1851 1407 1885 meis
1428 1852 1561 1886 liberis.
1615 1853 1684 1886 Sed
1709 1853 1893 1898 quiescite.

1197 1901 1396 1947 Postquam
1422 1900 1491 1935 huc
1515 1903 1598 1936 veni
1623 1916 1664 1937 ex
1687 1902 1795 1945 Iolco,

1196 1952 1310 1986 Multa
1334 1965 1473 1987 mecum
1498 1952 1661 1996 trahens,
1689 1962 1723 1988 et
1738 1968 1867 2000 magna
1894 1957 2136 2002 incommoda,

1196 2004 1389 2049 Quodnam
1413 2006 1600 2040 consilium
1626 2004 1694 2040 hoc
1716 2008 1843 2042 melius
1863 2010 2057 2054 potuissem
2082 2013 2135 2045 in-

1555 2070 1691 2098 venire,

1195 2107 1313 2153 Quam
1341 2108 1469 2142 ducere
1494 2109 1603 2142 filiam
1629 2110 1742 2154 regis,
1767 2123 1846 2146 cum
1873 2124 1982 2146 essem
2006 2114 2107 2148 exul?

1144 2155 1218 2191 555
1245 2158 1348 2199 Non,
1375 2166 1414 2193 ut
1439 2166 1478 2194 tu
1499 2173 1555 2194 me
1580 2161 1741 2201 vellicas,
1767 2163 1850 2197 odio
1874 2161 2009 2199 habens
2033 2171 2133 2199 tuum

1552 2213 1770 2257 coniugium,

1192 2259 1380 2295 Perculsus
1405 2261 1582 2296 desiderio
1607 2276 1723 2296 novae
1746 2275 1908 2307 sponsae,

1193 2310 1318 2357 Neque
1342 2313 1487 2357 cupiens
1513 2315 1645 2348 multos
1669 2312 1800 2348 habere
1824 2315 1972 2355 liberos;

1174 2444 1220 2474 49)
1242 2444 1384 2476 periculis]
1413 2446 1478 2468 haec
1504 2450 1557 2469 vox
1582 2445 1608 2468 iu
1629 2445 1677 2468 Ed.
1699 2445 1772 2470 1562.
1792 2447 1886 2470 versui
1910 2450 2085 2478 praecedenti
2104 2451 2129 2474 in

1208 2480 1262 2503 fine
1280 2482 1324 2503 est
1341 2480 1477 2503 adiuncta.

1174 2529 1222 2560 50)
1243 2530 1339 2553 melius
1357 2527 1469 2560 canere]
1497 2529 1538 2553 sic
1558 2530 1608 2555 Ed.
1629 2530 1720 2561 ¹562.;
1748 2531 1798 2556 Ed.
1821 2532 1895 2556 1558.
1914 2534 2010 2557 melius
2030 2541 2128 2560 canere

1181 2583 1184 2586 ,
1208 2569 1308 2594 posse3
1327 2564 1412 2589 Editt.
1428 2566 1550 2590 recent-‚2
1570 2570 1680 2589 carmen
1697 2562 1800 2589 sonare
1818 2567 1957 2596 pulchrius
1978 2567 2024 2599 (.—.·.
2033 2570 2126 2600 Eurip.

1210 2596 1324 2621 κάλλιον
1340 2595 1464 2631 ὑμνῆσαι
1481 2597 1587 2630 μέλος).

1173 2649 1221 2680 51)
1242 2650 1272 2673 Η.
1292 2649 1310 2672 l.
1329 2649 1356 2672 in
1376 2649 1459 2673 Editt.
1479 2649 1566 2680 1558„
1587 2630 1667 2674 1562
1683 2651 1748 2674 nota.
1765 2656 1867 2683 marg:
1887 2651 1972 2676 Fama
1991 2659 2128 2678 commen-

1209 2684 1259 2707 dat
1274 2683 1443 2707 felicitatem.
