2373 2980
111 80 182 116 541
382 58 384 61 ⁴
595 76 668 112 Lx.

161 169 225 209 Ap.
257 165 314 199 An
336 173 409 195 non
435 162 550 207 placet
574 162 639 196 tibi
669 170 850 208 praestare
872 162 941 198 hoc
963 165 1094 198 benefi-

517 213 637 247 cium?

164 269 262 303 char.
285 264 386 303 Nom
410 264 505 298 nosti
528 265 623 297 enim
646 278 744 300 meos
768 278 896 300 mores.

162 321 227 361 Ap.
259 315 419 350 Insensus
443 313 649 350 hominibus
673 323 707 350 et
732 317 809 351 Diis
833 317 978 352 invisus.

163 370 263 404 Char.
294 367 377 402 Non
394 373 495 411 potes
518 367 678 402 obtinere
703 380 762 409 ea,
794 380 885 415 quae
910 381 984 402 non
1013 380 1095 401 con-

526 418 634 452 venit.

111 468 159 503 65
190 474 254 513 Ap.
284 470 385 503 Certe
409 476 447 503 tu
483 470 638 509 desines,
668 482 887 516 quamquam
919 470 964 504 sis
995 471 1096 503 valde

527 533 665 554 saevus.

161 573 259 605 Talis
290 572 383 605 enim
419 570 529 618 virm)
556 573 599 604 ad
635 570 726 604 hanc
755 570 913 604 Pheretis
949 572 1094 603 domum

527 622 635 662 venit,

160 674 289 707 Missus
313 674 358 707 ab
382 671 582 718 Eurystheo
610 680 758 717 propter
781 678 979 719 equestrem

161 725 315 758 Currum
339 725 384 757 ad
408 724 485 757 loca
508 725 636 768 frigida
655 723 843 758 Thraciae.

161 775 233 820 Qui
253 775 290 807 in
313 773 368 809 his
394 775 594 821 aedibus¹⁷)
618 773 773 819 hospitio
797 782 973 820 exceptus,

111 826 159 859 70
188 826 234 858 Vi
255 825 320 858 tibi
343 823 436 858 hanc
459 825 644 859 mulierem
669 826 806 871 eripiet.

160 877 264 911 Tunc
289 876 386 910 nulla
411 876 475 909 tibi
501 888 519 909 a
542 877 645 910 nobis
666 877 811 924 erit¹⁷³)
835 877 960 922 gratia,

159 928 206 961 Et
222 934 343 961 tamen
362 925 448 960 haec
462 927 587 967 facies,
611 934 646 960 et
662 926 750 962 mihi
767 929 836 962 eris
851 928 996 962 invisus.

162 981 262 1014 Char.
292 977 442 1012 Etiamsi
466 979 578 1012 multa
602 978 718 1020 dicas,
747 978 837 1013 nihil
863 986 982 1012 tamen
1006 979 1095 1012 obti-

520 1030 639 1068 uebis;

161 1080 264 1114 Certe
287 1077 375 1112 haec
399 1079 527 1113 mulier
553 1081 743 1115 descendet
770 1082 815 1114 ad
840 1082 971 1115 inferos
982 1081 1036 1126 l⁵³).

111 1131 159 1166 75
181 1131 321 1164 Accedo
339 1131 384 1163 ad
408 1142 506 1171 eam,
534 1137 574 1164 ut
590 1132 707 1175 gladio
730 1132 906 1176 primitias
930 1144 1095 1166 resecem.

161 1181 240 1215 lste‘v
250 1183 289 1214 fit
314 1193 412 1214 sacer
435 1181 514 1214 Diis
538 1182 673 1223 inseris,

159 1232 269 1265 Cuius
287 1229 343 1264 hic
360 1232 470 1265 culter
487 1239 669 1266 consecrat
685 1233 853 1277 capillum
873 1234 1009 1278 capitis.

164 1283 260 1317 Gkor.
285 1281 389 1315 Unde
407 1288 457 1315 est
473 1283 712 1328 tranquillitas
733 1290 814 1317 ante
835 1284 978 1318 aulam?

161 1332 233 1366 Cur
257 1337 349 1364 tacet
374 1333 501 1366 domus
514 1334 684 1367 Admeti?

158 1383 374 1417 Semichorus
384 1382 442 1428 19).
472 1383 587 1417 Nemo
611 1384 808 1418 amicorum
832 1397 943 1431 prope
970 1392 1032 1425 est,

160 1432 231 1477 Qui
257 1432 369 1473 dicat,
393 1439 515 1467 utrum
538 1441 719 1468 mortuam

157 1483 334 1527 Reginam
359 1483 479 1528 lugere
503 1491 686 1529 oporteat,
708 1497 754 1518 an

159 1532 286 1568 Adhuc
309 1534 431 1568 vivens
454 1536 574 1568 lumen
597 1536 681 1570 solis
705 1536 825 1570 videat

109 1583 157 1619 85
181 1585 347 1619 Alcestis:
366 1583 454 1618 mihi
470 1586 615 1631 quidem
632 1593 667 1620 et
682 1587 848 1621 omnibus
866 1586 943 1620 aliis
959 1587 1094 1631 optima

517 1635 537 1653 '²‘
555 1638 684 1671 mulier
702 1650 774 1672 esse
794 1638 868 1672 visa
884 1644 936 1671 est

155 1686 251 1731 Erga
277 1699 380 1721 suum
403 1687 586 1723 maritum.

157 1739 304 1772 Semich.
328 1738 440 1772 Audit
456 1739 584 1785 aliquis
596 1740 651 1772 vel
666 1739 835 1773 eiulatum
853 1739 907 1772 vel
922 1751 1093 1773 manuum

514 1790 703 1835 strepitum

155 1837 196 1871 In
211 1839 320 1872 domo
332 1866 342 1880 ,
368 1840 424 1873 vel
438 1840 571 1874 luctum
583 1868 592 1881 ,
617 1847 787 1887 tanquam
806 1852 843 1873 re
860 1840 1043 1874 confecta?

157 1891 301 1924 Semich.
327 1889 445 1929 Nihil;
468 1903 584 1938 neque
600 1892 788 1938 quisquam
806 1903 991 1925 servorum

106 1939 154 1974 90
181 1940 259 1974 Stat
284 1942 329 1973 ad
354 1948 488 1985 portas.

154 1991 302 2024 Utinam
325 1998 510 2026 serenator
535 1991 641 2028 huius
667 1992 879 2028 calamitatis

152 2041 282 2086 Ap-ollo
293 2041 338 2089 2⁰)
365 2055 549 2089 appareas.

135 2141 182 2174 16)
203 2141 278 2166 'ralis
297 2142 367 2167 enim
386 2141 444 2174 vir]
469 2143 518 2167 ffis
544 2142 637 2167 verbis
662 2142 689 2166 in
715 2143 798 2167 Editt.
824 2143 914 2170 1553..
942 2142 1015 2166 1562.
1043 2142 1093 2165 ad-

169 2177 273 2207 scripta
291 2178 335 2200 est
353 2178 421 2201 haec
436 2179 502 2201 nota.
515 2183 618 2207 marg..
611 2185 618 2190 ·
638 2178 771 2202 Hercules
782 2193 789 2207 ‚
809 2178 838 2200 ut
851 2176 991 2200 Diomedis
1005 2177 1093 2200 Thra-

169 2211 227 2235 ciae
245 2211 322 2242 regis
341 2218 425 2241 equos
446 2212 603 2236 abduceret.

136 2253 180 2284 17)
201 2253 289 2277 iuliis
309 2253 436 2285 aedibus]
461 2255 501 2278 sic
522 2255 605 2278 Editt.
626 2255 718 2285 1558„
746 2253 837 2283 1562&
862 2253 946 2278 Editt.
973 2254 1091 2277 receut.:

168 2288 263 2350 {algis
281 2288 388 2312 Admeti
413 2289 527 2312 aedibus
553 2291 601 2318 (=
621 2289 712 2319 Eurip.
734 2284 818 2314 zozgd’
838 2286 869 2311 ἐν
885 2285 1024 2319 ’Λδμι-ιου
1043 2285 1091 2311 δό-

135 2361 197 2392 1⁷³)
217 2362 282 2394 erit]
309 2363 350 2387 sic
380 2363 428 2395 (z
446 2365 537 2396 Eurlp.
564 2362 720 2398 γενήσεται)
753 2364 959 2393 Editt.1558.,

165 2397 287 2428 Musgr.‚
306 2398 380 2427 Fix.‚
404 2399 453 2424 Ed.
475 2399 554 2423 1562.
573 2402 643 2423 erat.

135 2437 179 2470 18)
198 2439 315 2465 11.1.in
336 2440 422 2466 Editt.
443 2441 535 2472 1558,
556 2443 629 2466 1562.
649 2443 716 2466 nota
734 2447 837 2472 marg.:
857 2441 950 2471 „Vide
968 2442 1087 2465 Macron.

164 2473 212 2499 lib.
227 2474 251 2499 5.
271 2479 329 2504 cap.
347 2474 406 2499 ¹92³
439 2474 496 2507 (Ad
514 2476 583 2500 huuc
601 2476 718 2500 eundem
736 2477 825 2501 locum
844 2476 1013 2507 praecedens
1034 2481 1087 2499 no—

997 2365 1089 2394 Barn.,

163 2508 193 2532 ta
212 2508 253 2533 10.
272 2507 406 2540 spectat).

131 2547 176 2589 19)
196 2550 394 2580 Semickorus]
413 2550 452 2575 sic
470 2551 526 2576 11.1.
540 2552 568 2575 et
585 2552 612 2576 in
631 2558 706 2583 seqq
720 2552 805 2577 Edltt.
821 2554 924 2577 recent.
932 2554 979 2582 (=
991 2552 1083 2583 Eurip.

169 2582 354 2616 Ημιχόριον);
378 2585 462 2612 Editt.
484 2585 672 2617 1558.‚1562.
694 2587 768 2612 Pars
787 2587 882 2612 chori.

127 2624 174 2666 20)
193 2627 308 2656 Apollo]
328 2627 370 2651 sic
386 2627 470 2653 Editt.
487 2628 574 2658 1558,
595 2629 686 2659 15624
704 2630 788 2655 Editt.
807 2632 910 2654 recent.
927 2632 974 2659 (ε
990 2630 1081 2660 Eun-tp.

159 2656 199 2683 Ιω
218 2659 326 2690 Παιάν)
346 2662 368 2686 0
387 2661 479 2686 Paean
498 2662 530 2692 (i.
550 2670 572 2687 e.
592 2664 690 2693 Apollo
709 2666 932 2696 averruncator)

717 75 1115 114 INTERPRETATIO
1147 77 1422 114 ALCESTIDIS
1454 75 1704 112 EURIPIDIS.

2061 73 2135 108 542

1196 166 1342 200 Semich.
1364 164 1446 199 Non
1463 170 1640 204 tacerent,
1654 163 1683 198 si
1702 168 1791 197 esset
1806 168 1947 196 mortua
1960 187 1968 200 ,
1990 171 2104 204 neque

1198 217 1359 250 Cadaver
1380 228 1420 249 ex
1444 216 1589 249 aedibus
1614 214 1825 250 evanuisset.

1146 265 1195 301 95
1215 269 1360 302 Semick.
1379 266 1510 300 Unde?
1526 279 1600 300 non
1611 266 1756 310 glorior.
1785 265 1882 311 Quid
1893 263 1957 297 tibi
1968 262 2127 295 animum

1559 316 1682 350 addit?

1198 369 1343 402 Semiclae.
1374 367 1567 412 Quomodo
1592 368 1790 403 solitarium
1817 363 2042 412 sepulchrum
2058 361 2129 395 Ad-

1558 426 1672 452 metus

1201 467 1338 503 Charae
1366 469 1508 512 coniugi
1532 469 1693 502 fecisset?

1198 522 1343 555 Semich.
1374 520 1456 554 Non
1479 520 1583 552 video
1612 526 1692 553 ante
1719 526 1857 563 portam

1198 571 1374 611 Fontana‚
1398 578 1437 604 ut
1459 571 1514 604 lex
1539 577 1602 611 est,

1150 623 1220 658 100
1244 622 1403 655 Lavacra
1427 634 1492 666 pro
1516 621 1667 655 mortuis
1692 621 1729 653 in
1754 626 1869 665 porta.

1198 674 1301 707 Nulla
1330 685 1432 706 coma
1455 673 1612 717 praecisa
1639 678 1690 706 est
1712 672 1750 704 in
1778 669 1964 708 vestibulo,

1198 725 1299 769 Quae
1326 724 1489 757 accidunt
1513 724 1550 757 in
1572 724 1669 758 luctu
1689 728 1928 756 mortuorum.

1198 776 1279 809 Non
1300 776 1517 809 lamentatur
1541 782 1660 809 coetus
1685 772 1850 808 iuvenilis
1872 770 2073 805 mulierum.

1198 828 1343 861 Semich.
1368 826 1479 872 Atqui
1502 824 1588 860 haec
1614 832 1664 860 est
1688 832 1765 859 rata
1790 824 1876 864 dies,

1148 877 1221 914 105
1245 878 1323 922 Qua
1347 877 1461 911 fatum
1484 884 1560 910 erat
1581 890 1659 911 eam
1686 876 1790 910 mori.

1197 930 1344 965 Semich.
1369 928 1465 973 Quid
1489 928 1631 962 dixisti?

1199 981 1344 1015 Semich.
1370 980 1527 1024 Attigisti
1551 980 1711 1013 animum
1736 985 1770 1011 et
1792 982 1960 1010 mentem.

1200 1033 1296 1066 Char.
1321 1030 1449 1070 Decet,
1475 1032 1619 1076 quando
1647 1030 1733 1064 boni
1757 1028 1957 1064 tristantur,

1197 1081 1346 1126 Lugere,
1360 1088 1400 1115 ut
1418 1081 1566 1127 quisque
1585 1082 1700 1115 bonus
1720 1080 1941 1114 existimatur
1958 1076 2001 1108 ab
2020 1071 2134 1105 initio.

1528 1171 1766 1221 [Stropha]

1151 1242 1222 1276 110
1245 1241 1378 1275 Verum
1400 1254 1516 1287 neque
1543 1243 1687 1276 classem

1200 1292 1424 1339 Quocunque
1444 1300 1621 1327 terrarum
1649 1292 1776 1338 aliquis

1199 1343 1363 1384 Mittens,
1390 1345 1445 1378 vel
1470 1344 1507 1377 in
1533 1343 1694 1389 Lyciam,

1197 1394 1261 1427 Vel
1284 1396 1329 1428 ad
1352 1395 1459 1429 siccas

1199 1445 1410 1478 Hammonis
1432 1446 1543 1486 sedes,

1149 1494 1222 1529 115
1245 1495 1413 1529 Animam
1439 1495 1543 1530 huius
1564 1496 1712 1528 miserae
1733 1495 1883 1527 liberare
1907 1491 2028 1536 possit·

1199 1547 1348 1580 Crudele
1374 1547 1468 1580 enim
1492 1549 1604 1581 fatum
1631 1546 1915 1591 appropinquat:

1198 1597 1237 1631 In
1262 1599 1333 1632 aris
1348 1598 1508 1632 Deorum

1198 1649 1344 1683 Nullum
1367 1650 1519 1694 amplius
1536 1648 1651 1683 habeo

1199 1700 1446 1742 Sacerdotem,
1475 1702 1520 1734 ad
1544 1712 1649 1746 quem
1673 1699 1850 1732 accedam.

1458 1788 1812 1840 [Antistroplze.]

1148 1859 1220 1895 120
1246 1859 1468 1893 Solus*enim
1491 1860 1521 1894 si
1544 1857 1659 1893 adhuc
1687 1864 1883 1902 superesset

1196 1909 1236 1943 In
1259 1909 1361 1951 vivis,

1195 1961 1498 2008 Aesculapius2¹):
1528 1962 1734 2008 relinquens

1195 2012 1472 2048 Tenebricosam
1497 2015 1616 2047 sedem

1193 2062 1239 2096 Et
1261 2071 1383 2108 portas
1409 2065 1593 2105 Plutonis,
1618 2064 1762 2098 rediret.

1146 2113 1218 2150 125
1241 2114 1404 2149 Mortuos
1429 2116 1523 2149 enim
1549 2116 1767 2154 restituebat,

1196 2165 1408 2212 Priusquam
1436 2180 1516 2201 eum
1540 2167 1720 2200 interfecit

1193 2215 1224 2248 A
1246 2215 1327 2250 Iove
1351 2218 1529 2251 vibratum
1555 2219 1663 2252 telum
1688 2216 1858 2250 fulminis.

1190 2268 1293 2301 Nunc
1320 2282 1428 2314 quam
1457 2270 1549 2303 vitae

1191 2318 1298 2363 Spem
1320 2319 1517 2364 accipiam?

1143 2369 1214 2403 130
1240 2369 1371 2404 Omnia
1394 2383 1489 2405 nunc
1512 2376 1645 2403 tentata
1672 2376 1754 2403 sunt
1773 2369 1926 2413 regibus,

1191 2422 1245 2454 Ad
1270 2434 1393 2455 omnes
1416 2434 1495 2455 aras
1512 2420 1670 2454 Deorum

1191 2471 1347 2506 Cruenta
1373 2472 1541 2506 sacrificia
1564 2472 1763 2505 abundant·

1167 2628 1215 2660 21)
1240 2627 1438 2658 Aesculapius]
1468 2628 1508 2653 sic
1538 2629 1623 2655 Editt.
1659 2629 1757 2660 1558.,”
1789 2630 1880 2655 1562.;
1912 2628 1995 2655 Editt.
2021 2629 2124 2654 recent.

1203 2661 1352 2694 (=Eur1'p.
1373 2664 1477 2694 Φοίβου
1496 2662 1692 2694 παῖς)”Ρὴοοὺι“
1712 2664 1786 2688 filius
1806 2662 1837 2694 (ἰ.
1857 2671 1880 2689 e.
1900 2662 2103 2694 Aesculapius).
