2373 2980
73 88 146 123 881
494 84 632 120 LXVII.

123 172 197 208 Nec
212 172 464 217 complectens,
480 171 666 218 alloquens
684 180 824 217 patrem
842 175 966 209 matris
984 181 1075 213 tuae,
1100 176 1103 219 ξ

122 224 272 258 Dicens:
302 222 392 268 Quis
407 229 440 256 te
457 223 590 256 laedit?
619 224 699 269 quis
715 231 748 257 te
766 238 839 259 non
857 224 1074 272 honorat⁷⁶),
1100 223 1102 273 l

486 286 507 308 o
531 274 663 308 senex?
1099 277 1102 315 ἶ

73 326 172 362 1320
199 324 289 370 Quis
306 325 428 359 turbat
445 332 547 360 tuum
565 338 628 360 cor
646 327 841 361 molestus?
1099 332 1100 335 ’

122 377 208 417 Dic,
237 383 276 411 ut
293 377 443 422 puniam
459 378 661 411 laedentem
678 385 732 419 te,
758 390 779 411 o
798 385 911 423 pater.

123 429 228 463 Nunc
245 435 365 462 autem
382 429 491 463 miser
511 441 588 463 sum
608 441 672 473 ego
685 457 694 470 ,
720 430 843 464 infelix
858 442 945 464 vero
963 437 1021 471 tu,

123 479 169 513 Et
188 480 400 515 miserabilis
415 487 550 520 mater,
578 481 806 527 infelicesque
823 493 977 516 sorores.

124 532 193 572 „Si
210 532 290 578 quis
305 538 375 573 est,
403 532 465 579 qui
482 532 680 566 contemnit
699 532 815 574 Deos,

74 581 173 619 1325
201 582 371 625 „Intuens
387 586 424 617 in
441 582 546 618 huius
562 591 716 618 mortem
728 611 738 624 ,
764 591 866 628 putet
882 596 955 619 esse
964 583 1071 618 Deos.

124 636 222 671 ler.
258 635 374 670 Doleo
400 642 499 670 tuam
522 634 655 673 vicem;
698 642 780 670 tuus
813 642 932 670 autem
963 634 1072 669 habet

488 699 646 732 poenam

119 737 261 782 Nepos,
288 738 434 783 dignam
451 739 617 785 quidem,
640 739 841 772 luctuosam
859 745 993 772 tamen.

119 790 205 823 Bac.
215 789 262 835 ⁷⁷)
288 789 322 823 Ο
338 797 458 834 pater,
485 790 603 830 vides,
638 802 717 823 mea
735 796 911 835 quantum
931 795 1069 824 mutata

485 841 568 875 sint.

120 889 179 923 Tu
198 897 357 925 mutatus
373 893 528 926 mutabis
544 893 695 936 figuram
713 891 752 924 in
771 903 923 936 anguem
936 919 945 933 ‚

71 940 170 975 1330
205 941 251 975 Et
271 942 492 984 Harmonia,
527 943 655 977 Martis
665 943 711 990 ⁷⁸)
737 943 807 976 filia
822 970 830 983 ‚
876 956 984 989 quam
1008 941 1070 977 ha-

479 995 589 1029 buisti
603 995 767 1028 mortalis
787 995 950 1029 existens.

116 1041 331 1078 Vehiculum
349 1044 545 1079 vitulorum
556 1073 565 1087 ‚
592 1052 633 1079 ut
647 1046 733 1079 dicit
750 1047 936 1080 oraculum
952 1044 1058 1086 lovis,

114 1095 277 1138 Agitabis
296 1108 377 1129 cum
395 1097 546 1141 coniuge
558 1124 567 1137 ,
593 1104 634 1130 ut
650 1098 714 1131 fias
731 1098 803 1130 dux
817 1098 1069 1137 barbarorum,

117 1144 164 1178 Et
183 1153 321 1181 evertes
339 1159 471 1192 magno
490 1148 649 1181 exercitu
666 1149 786 1192 plures

118 1196 251 1235 Urhes;
280 1199 427 1243 quando
448 1211 534 1232 vero
550 1199 729 1243 Apollinis
751 1200 938 1234 oraculum

67 1246 166 1282 1335
183 1247 403 1293 Depopulati
415 1250 560 1291 fuerint,
573 1251 729 1285 reditum
743 1251 920 1285 infelicem
936 1251 1067 1286 iterum

114 1299 272 1334 Finient.
324 1300 394 1334 Sed
412 1301 511 1336 Mars
527 1308 561 1335 te
581 1309 616 1336 et
632 1302 869 1337 Harmoniam
887 1303 1066 1345 liberabit,

115 1350 161 1384 Et
179 1351 368 1385 collocabit
385 1358 419 1385 te
433 1353 471 1385 in
489 1359 623 1386 terram
639 1354 841 1389 beatorum.

114 1402 212 1435 Haec
227 1413 303 1435 non
321 1404 468 1436 mortali
487 1410 589 1448 patre
604 1411 709 1439 natus
727 1405 807 1438 dico

114 1450 296 1494 Bacchus,
321 1456 383 1488 sed
404 1466 445 1488 ex
459 1453 560 1494 Iove;
588 1456 618 1489 si
636 1468 723 1490 vero
741 1468 868 1501 sapere

65 1503 164 1539 1340
190 1504 403 1539 Voluissetis
415 1532 424 1546 ,
452 1507 549 1552 quod
566 1507 731 1542 noluistis
742 1534 751 1548 ‚
778 1507 872 1542 Iovis
887 1507 1000 1541 filium

113 1555 259 1590 Socium
276 1557 390 1598 nacti,
417 1558 567 1602 possetis
583 1559 679 1592 beati
698 1572 783 1594 esse.

116 1609 196 1642 Cad.
223 1606 362 1641 Bacche
373 1635 382 1649 ,
409 1609 585 1653 supplices
603 1622 745 1652 sumus,
772 1610 1011 1655 peccavimus.

113 1660 196 1692 Bac.
229 1658 317 1692 Sero
341 1660 513 1694 didicistis
537 1673 624 1701 nos,
662 1674 721 1703 ac,
755 1675 836 1696 cum
860 1663 1063 1706 oportebat,

478 1723 553 1745 non
577 1714 725 1747 noratis.

115 1764 195 1797 cad.
220 1762 387 1806 Agnosco
403 1760 510 1803 haec,
536 1764 597 1798 sed
615 1764 799 1810 exequeris
817 1764 983 1799 nimium.

64 1811 161 1847 1345
185 1815 268 1848 Bac.
295 1814 343 1847 At
359 1826 378 1847 a
397 1815 498 1848 vobis
514 1815 702 1857 laedebar,
729 1828 808 1850 cum
837 1828 947 1851 essem
963 1816 1061 1850 Deus

478 1867 602 1901 factus.

113 1918 194 1952 cad.
224 1916 402 1950 Convenit
417 1916 513 1952 Deos
529 1931 604 1952 non
620 1919 697 1953 fieri
719 1919 852 1954 similes
874 1918 1058 1953 iracundia

470 1967 690 2005 hominibus.

109 2019 193 2052 Bac.
222 2017 319 2052 Haec
337 2019 423 2053 olim
438 2018 595 2065 Iupiter,
622 2033 722 2056 meus
737 2027 860 2066 pater,
887 2021 1027 2056 annuit.

108 2071 197 2113 Aya.
223 2069 377 2104 Decreta
394 2078 497 2112 sunt,
525 2085 546 2106 o
565 2085 690 2114 senex,
714 2073 844 2107 misera
861 2073 978 2107 exilia.

110 2122 189 2154 Gad.
219 2120 253 2155 Ο
268 2122 359 2163 filia,
386 2129 427 2157 ut
443 2124 606 2159 venimus
622 2125 659 2158 in
675 2124 774 2158 triste
791 2125 924 2158 malum
937 2151 946 2165 ‚

91 2265 139 2296 76)
158 2265 218 2295 quis
238 2268 265 2290 te
284 2273 337 2290 non
358 2268 489 2297 honorat]
517 2269 558 2292 sic
582 2269 684 2299 scripsi
708 2268 754 2301 (=
774 2269 867 2298 Eurip.
888 2269 927 2295 τίς
945 2265 971 2292 σ’
995 2265 1056 2292 ἅτι-

124 2297 218 2331 μιὲζει;
243 2302 327 2325 Editt.
347 2305 466 2327 recent.:
493 2304 552 2333 quis
573 2305 600 2327 te
618 2304 797 2333 conteinnit);
835 2303 883 2328 Ed.
900 2303 976 2328 1558.
994 2303 1055 2333 quis

126 2340 180 2358 nou
199 2336 331 2365 honorat3
356 2337 405 2361 Ed.
424 2338 497 2362 1562.
517 2338 578 2368 quis
598 2339 715 2362 honorat

90 2393 249 2452 7735153503':
263 2395 406 2453 ῖίιῖιὲῗίῑῑ..
427 2398 500 2454 15t58.
511 2415 518 2424 ,
536 2398 733 2446 J5‘52·’,¹³³¹'¹¹:
752 2404 840 2437 aeque
857 2399 957 2456 aqudsr
968 2399 1052 2438 Basil.

125 2447 211 2492 tei-pr.
238 2464 281 2488 hic
305 2447 347 2487 *ise
367 2434 560 2497 ἐειῑῃΑὲοἴὲιὲἒ,
580 2434 807 2498 ui'eli:isiiisF'sxenciz.t
825 2440 1052 2492 eiiitenilssti-ssffffi

127 2498 200 2522 13⁴1.
219 2499 283 2522 suut
302 2499 421 2525 Bacchi.

79 2543 136 2585 ’78)
155 2556 266 2586 Martis]
279 2556 320 2581 sic
336 2556 381 2588 (=
396 2558 487 2588 Eum».
503 2556 608 2590 Ἀρεος)
628 2561 709 2586 mitt.
729 2563 848 2591 recent.;
867 2562 1049 2593 Editt,1558.‚

121 2591 196 2615 1562.
216 2592 320 2617 matris.

54 2737 237 2768 Memmii.
261 2738 366 2768 Orsa.
391 2738 475 2768 Vos..
500 2739 620 2769 XVIII.

695 85 1091 122 INTERPRETATIO
1127 89 1427 124 BACCHARUM
1461 88 1712 124 EURIPIDIS.

1097 810 1101 827 1

2054 95 2128 130 882

1133 174 1231 210 1350
1259 176 1388 222 Tuque
1402 176 1551 217 misera,
1579 188 1791 223 sororesque
1813 182 1894 210 tuae
1913 176 2053 212 charae.

1180 228 1227 260 Et
1243 240 1308 271 ego
1324 227 1447 261 infelix
1464 229 1509 261 ad
1525 228 1700 262 barbaros
1715 229 1857 262 veniam

1179 278 1379 324 lnquilinus
1391 305 1400 319 ,
1429 285 1463 312 et
1479 277 1595 313 adhuc
1613 277 1703 312 mihi
1718 278 1787 314 hoc
1807 285 1858 314 est
1875 279 2000 320 fatale,

1179 328 1218 362 In
1237 330 1426 364 Graeciam
1447 331 1576 365 ducere
1601 331 1752 365 mixtum
1775 331 2003 366 barbaricum
2030 344 2127 365 exer-

1543 381 1652 416 citum
1663 408 1673 423 ,

1554 433 1681 468 Martis
1714 433 1823 467 filiam
1835 460 1845 475 ‚
1885 445 2004 468 meam
2042 446 2126 469 con-

1540 483 1659 527 iugem
1671 511 1680 525 ‚

1130 530 1227 567 1355
1254 532 1330 578 Ego
1348 534 1475 574 draco,
1502 535 1669 568 draconis
1679 534 1726 581 79)
1747 542 1916 570 naturam
1933 534 2124 572 habentem

1545 586 1661 626 ferae,

1174 635 1313 669 Ducam
1333 637 1378 668 ad
1396 648 1475 670 aras
1492 643 1526 669 et
1542 634 1732 681 sepulchra
1753 637 1971 672 Graecanica
1984 666 1993 679 ‚

1177 687 1258 719 Dux
1276 687 1466 727 exercitu53
1492 699 1557 721 nec
1573 688 1736 722 desinam

1175 743 1205 770 A
1225 738 1327 772 malis
1342 739 1484 779 infelix,
1511 751 1576 773 nec
1593 741 1639 773 ad
1656 740 1836 773 infernum

1176 788 1380 824 Acheronta
1400 790 1574 835 navigans
1595 791 1736 837 quietus
1751 802 1826 825 ero.

1128 842 1225 876 1360
1252 845 1339 886 Aya.
1368 842 1401 875 O
1418 849 1539 887 pater,
1569 855 1633 886 ego
1651 850 1684 876 te
1704 844 1829 877 orbata
1847 843 2010 877 exulabo.

1178 897 1258 928 Gad.
1287 894 1379 934 Cur,
1407 906 1428 927 o
1446 894 1573 927 misera
1594 895 1685 935 filia,
1713 907 1770 928 me
1785 895 2032 939 complecteris

1175 945 1294 979 Veluti
1313 958 1421 979 canus
1439 958 1571 991 cygnus
1590 945 1736 979 fucum?

1175 1000 1263 1040 slya.
1291 997 1373 1042 Quo
1391 998 1524 1041 fugiam
1542 998 1651 1030 eiecta
1673 1010 1714 1030 ex
1729 996 1873 1041 patria?

1176 1050 1256 1081 Caci.
1284 1047 1412 1082 Nescio
1424 1075 1434 1089 ‚
1463 1061 1483 1081 o
1501 1048 1572 1081 filia
1585 1075 1593 1089 ,
1621 1048 1807 1082 imbecillis
1823 1048 2016 1083 auxiliator
2032 1062 2124 1086 sum·

1126 1097 1222 1132 1365
1249 1102 1337 1144 Aya.
1364 1099 1473 1141 Vale,
1503 1113 1524 1133 ο
1545 1101 1694 1141 domus,
1721 1100 1820 1141 vale,
1849 1113 1870 1134 o
1889 1101 2008 1145 patria

1174 1151 1307 1186 Civitas
1318 1178 1328 1192 ‚
1353 1153 1477 1186 desero
1495 1159 1529 1186 te
1546 1159 1694 1197 propter
1710 1158 1870 1186 erratum
1888 1165 2007 1187 meum
2020 1179 2028 1193 ‚

1170 1203 1329 1237 Exulans
1345 1215 1387 1237 ex
1405 1202 1579 1238 thalamo.

1172 1257 1252 1289 cad.
1281 1254 1380 1288 Vade
1393 1282 1402 1296 ,
1431 1268 1451 1289 o
1471 1256 1542 1290 filia
1555 1283 1564 1297 ,
1591 1258 1636 1290 ad
1652 1256 1808 1293 Aristaei
1826 1260 1950 1295 filium.

1170 1308 1257 1350 Aya.
1285 1306 1416 1340 Privor
1436 1314 1490 1349 te,
1519 1321 1540 1341 o
1564 1314 1677 1352 pater.
1738 1312 1819 1345 cad.
1847 1311 1894 1346 Et
1918 1324 1983 1358 ego
2010 1319 2064 1354 te,
2100 1326 2120 1347 ο

1538 1360 1611 1393 filia
1622 1386 1631 1402 ‚

1122 1410 1217 1444 1370
1243 1410 1288 1444 Et
1304 1417 1384 1444 tuas
1402 1411 1552 1455 deploro
1570 1424 1725 1448 sorores.

1166 1464 1253 1505 Aya.
1281 1462 1461 1496 Atrociter
1479 1461 1571 1496 hanc
1587 1463 1757 1498 iniuriam

1168 1511 1328 1548 Bacchus
1344 1525 1408 1547 rex

1168 1563 1207 1597 In
1222 1571 1320 1599 tuam
1340 1566 1488 1599 domum
1506 1565 1639 1600 intulit.

1166 1618 1249 1650 Bac.
1278 1616 1420 1650 Etenim
1438 1617 1602 1661 patiebar
1621 1618 1755 1651 atrocia
1773 1630 1792 1652 a
1812 1618 1932 1660 vobis,

1117 1666 1216 1701 1375
1246 1668 1389 1702 Habens
1406 1681 1540 1702 nomen
1557 1669 1634 1703 sine
1650 1667 1789 1704 honore
1808 1670 1845 1703 in
1860 1668 2006 1704 Thebis.

1166 1722 1253 1763 Aya.
1281 1720 1389 1760 Vale,
1418 1733 1439 1753 o
1461 1726 1575 1765 pater.

1166 1773 1248 1805 cad.
1276 1771 1363 1805 Vale
1381 1777 1415 1805 et
1429 1778 1487 1811 tu,
1515 1771 1645 1806 misera
1662 1770 1753 1809 filia;

1166 1823 1296 1857 Misere
1314 1836 1355 1857 eo
1372 1824 1483 1858 venis.

1163 1878 1250 1920 Aya.
1279 1875 1312 1909 O
1328 1877 1511 1917 ductores,
1540 1876 1658 1910 ducite
1674 1888 1731 1910 me
1747 1878 1791 1910 ad
1811 1890 1973 1921 sorores,

1114 1926 1212 1960 1380
1241 1927 1288 1960 Ut
1304 1928 1412 1962 simul
1427 1940 1568 1962 mecum
1586 1929 1715 1962 ducam
1731 1929 1947 1968 exulaturas.

1163 1979 1315 2012 Veniam
1334 1986 1454 2013 autem
1473 1991 1535 2021 eo,
1568 1981 1631 2014 ubi

1162 2030 1285 2077 Neque
1304 2029 1501 2065 Cithaeron
1522 2032 1679 2076 pollutus
1696 2038 1768 2073 est,

1161 2082 1285 2128 Neque
1305 2081 1560 2117 Cithaeronem
1577 2084 1686 2118 oculis
1705 2083 1865 2125 videam,

1160 2133 1205 2167 Et
1219 2135 1279 2168 ubi
1294 2135 1391 2168 nulla
1410 2132 1525 2180 thyrsi
1546 2135 1720 2170 memoria
1739 2142 1807 2176 est,

1111 2183 1210 2220 1385
1238 2185 1268 2220 Is
1285 2186 1363 2220 aliis
1384 2183 1534 2220 Bacchis
1551 2200 1656 2221 curae
1674 2187 1730 2222 sit.

1161 2238 1258 2272 Ghor.
1286 2237 1421 2272 Multae
1440 2239 1578 2272 formae
1595 2244 1679 2273 sunt
1694 2238 1771 2272 fati.

1158 2288 1272 2322 Multa
1290 2290 1470 2334 insperata
1487 2291 1676 2334 perficiunt
1690 2289 1779 2329 Dei,

1155 2339 1201 2373 Et
1217 2353 1309 2386 quae
1326 2341 1584 2385 sperabantur,
1611 2353 1686 2374 non
1702 2341 1940 2385 perfecerunt.

1155 2391 1201 2425 Et
1218 2392 1482 2437 insperatorum
1498 2393 1630 2426 exitum
1646 2392 1784 2426 invenit
1801 2390 1910 2426 Deus.

1108 2442 1204 2478 1390
1233 2444 1289 2476 Sic
1307 2443 1402 2476 enim
1421 2450 1455 2476 et
1471 2441 1540 2477 hoc
1556 2446 1741 2488 negotium
1758 2443 1899 2478 finitum
1917 2450 1980 2479 est.

1177 430 1223 464 Et
1250 431 1487 465 Harmoniam
1500 459 1510 473 ‚

1135 2561 1182 2592 79)
1203 2562 1347 2591 draconis]
1365 2562 1405 2586 sic
1418 2562 1503 2586 Editt.
1521 2562 1607 2593 1558„
1629 2563 1721 2593 1562.;
1747 2561 1830 2587 Editt.
1845 2564 1963 2587 recent.:
1983 2563 2098 2587 dracae-

1172 2602 1224 2620 uae
1243 2599 1290 2626 (=
1308 2597 1402 2628 Eun-ip.
1422 2595 1594 2629 δρακαίνης).

1530 2731 1580 2767 56
