2373 2980
124 75 198 111 501
595 70 684 108 LIX.

119 159 194 198 295
220 158 328 206 Quod
351 157 381 192 si
405 157 552 192 morbus
577 163 648 198 est,
685 158 746 205 qui
771 160 816 193 ad
842 160 938 195 viros
961 162 1114 205 proferri

536 215 672 252 potest,

169 262 235 296 Dic
246 288 255 302 ,
282 266 321 295 ut
336 259 482 294 medicis
497 258 673 294 indicetur
687 257 775 294 haec
789 273 856 295 res.

167 313 265 347 Esto.
313 311 409 357 Quid
426 310 544 345 taces?
571 323 646 344 non
662 318 804 357 oportet
818 319 851 346 te
867 319 1003 355 tacere,
1028 315 1113 355 filia,

166 364 236 399 Sed
253 368 315 397 aut
330 375 387 396 me
404 359 686 408 reprehendere,
714 363 744 398 si
764 364 850 410 quid
867 365 959 399 male
977 365 1111 407 dixero,

164 417 239 449 Aut
253 414 419 448 assentiri
432 415 524 448 hene
539 413 653 448 dictis.

115 467 190 501 300
217 465 382 511 Loquere
399 464 547 511 aliquid,
574 462 643 498 huc
658 471 789 509 specta,
816 477 837 499 o
854 478 909 500 me
926 465 1109 501 miseram!

165 517 335 552 Mulieres
346 544 355 558 ,
382 517 512 551 frustra
529 515 741 551 insumimus
759 514 825 551 hos
838 517 1000 559 labores,

164 569 342 603 Absumus
359 575 432 602 tam
448 566 586 612 procul,
616 579 722 613 quam
740 568 857 613 prius;
883 581 999 615 neque
1014 569 1106 602 enim

533 624 618 652 tunc

162 672 240 718 Ipsa
275 669 544 705 demulcebatur
577 668 665 704 meis
699 670 943 711 sermonibus,
993 683 1108 717 neque

522 732 618 754 nunc
644 720 878 766 obtemperat.

163 776 232 809 Sed
250 774 338 808 scito
350 799 359 813 ,
386 770 605 817 pertinacior
623 772 669 805 ad
684 769 772 805 haec

111 826 186 862 305
213 825 260 859 Es
275 824 390 864 mari,
417 822 447 857 si
463 822 651 863 moriaris,
677 825 833 867 prodens
850 830 930 858 tuos

160 877 322 917 Liberos,
344 886 418 908 non
429 874 568 907 futuros
579 873 769 919 participes
782 875 919 919 patriae
934 874 1106 908 familiae:

159 930 230 964 Per
245 928 407 972 reginam
425 931 624 971 equestrem
641 925 861 959 Amazonem
875 953 884 967 ,

161 981 263 1027 Quae
282 978 351 1012 tuis
370 976 490 1011 liberis
507 977 710 1020 procreavit
728 977 915 1012 dominum

159 1031 342 1077 Spurium,
357 1028 554 1073 sapientem
566 1028 740 1069 liberalia,
756 1029 868 1073 probe
883 1029 998 1074 ipsum
1013 1028 1107 1062 nosti

109 1084 183 1118 310
210 1081 458 1128 Hippolytum.
512 1080 616 1113 Phae.
644 1079 723 1113 Heu
741 1080 813 1113 me!
862 1084 946 1116 IVuf.
974 1080 1104 1123 Tangit

524 1137 558 1163 te
582 1128 675 1163 hoc?

159 1186 264 1219 Phae.
289 1181 483 1216 Perdidisti
502 1193 578 1220 me,
605 1181 738 1215 nutrix.
791 1180 861 1213 Per
877 1180 974 1214 Deos
989 1188 1023 1215 te

160 1236 236 1269 Oro
248 1260 257 1273 ‚
283 1240 322 1267 ut
338 1234 380 1266 de
394 1231 464 1266 hoc
479 1231 557 1264 viro
574 1237 688 1265 taceas
706 1232 742 1264 in
759 1237 953 1276 posterum.

160 1289 244 1321 Nat.
272 1283 405 1317 Vides?
433 1288 527 1316 recte
545 1282 658 1326 sapis,
685 1283 747 1316 sed
764 1294 839 1315 non
857 1283 908 1316 vis

159 1338 308 1371 Servare
323 1341 403 1368 tuos
418 1334 550 1367 liberos
560 1359 569 1372 ‚
597 1339 630 1366 et
647 1333 740 1367 tueri
755 1340 854 1367 tuam
871 1333 994 1368 vitam.

112 1386 184 1423 315
210 1387 313 1420 Phae.
340 1385 434 1418 Amo
459 1384 608 1422 liberos3
644 1385 706 1418 sed
730 1384 801 1417 alio
829 1386 986 1430 quodam
1008 1385 1103 1417 malo

525 1434 650 1469 iactor.

160 1491 243 1523 Nat,
271 1485 305 1521 O
331 1497 410 1520 mea
435 1485 527 1526 filia,
562 1497 672 1529 puras
694 1497 821 1520 manus
845 1483 954 1520 habes
979 1498 998 1519 a
1024 1498 1103 1520 san-

523 1537 641 1580 guine.

159 1593 261 1626 Phae.
288 1588 419 1623 Manus
435 1587 580 1634 quidem
604 1595 686 1622 sunt
707 1590 883 1629 mundae,
919 1590 979 1623 sed
1004 1601 1103 1623 mens

519 1645 572 1673 est
595 1640 745 1684 polluta.

158 1696 241 1728 Nat.
268 1691 363 1726 Num
381 1702 423 1724 ex
448 1690 591 1724 aliunde
619 1691 738 1725 oblato
763 1691 859 1724 malo
881 1691 1018 1725 inimici
1041 1691 1104 1724 ali-

521 1741 644 1776 cuius?

158 1796 262 1829 Phae.
289 1793 434 1828 Amicus
452 1805 508 1825 me
525 1793 643 1837 perdit
658 1793 839 1826 nolentem
856 1793 982 1827 nolens
990 1792 1058 1839 ¹⁹³)
1071 1820 1079 1833 ,

109 1847 184 1883 320
210 1848 294 1880 Nat.
321 1844 378 1878 An
396 1842 554 1878 Theseus
572 1845 707 1890 aliquid
725 1845 762 1877 in
778 1850 811 1878 te
830 1843 1014 1889 peccavit?

159 1897 262 1931 Phae.
287 1896 371 1931 Non
386 1895 523 1929 utinam
538 1894 716 1941 videar20)
736 1907 800 1940 ego
818 1896 918 1929 illurn
934 1896 1088 1929 laedere.

158 1952 241 1983 Nm.
273 1947 374 1993 Quae
401 1953 452 1981 est
475 1946 583 1991 igitur
603 1947 663 1980 iila
690 1959 820 1991 magna
844 1959 918 1988 res,
953 1959 1043 1992 quae
1069 1953 1102 1979 te

515 1998 608 2043 cogit
625 1997 743 2031 mori?

159 2052 261 2085 Phae.
289 2050 372 2084 Sine
389 2062 445 2083 me
463 2061 604 2088 errare;
630 2061 747 2095 neque
765 2048 859 2082 enim
875 2048 912 2081 in
928 2055 962 2082 te
982 2061 1101 2094 pecco.

158 2105 240 2136 Nat.
267 2102 350 2136 Non
367 2101 489 2134 volens
506 2101 640 2141 sinam,
667 2101 706 2134 in
730 2106 763 2134 te
781 2099 930 2134 moriar.

107 2153 181 2189 325
209 2155 312 2188 Phae.
341 2152 438 2199 Quid
454 2152 554 2196 agis?
605 2152 734 2185 Vimne
750 2151 858 2192 facis,
885 2152 1043 2197 pendens
1062 2163 1102 2184 ex

521 2201 702 2237 brachiis?

158 2257 241 2289 Nat.
265 2254 312 2288 Et
326 2261 388 2289 tua
404 2266 518 2299 genua
537 2267 611 2288 non
627 2255 849 2300 relinquam,

157 2307 258 2340 Phae.
285 2306 323 2339 Si
348 2306 469 2340 audies
493 2304 582 2339 haec
604 2306 718 2347 mala,
751 2318 771 2339 o
794 2304 944 2345 misera,
980 2303 1100 2338 audies

519 2357 585 2391 tihi
599 2358 692 2391 mala
707 2384 716 2398 ‚

161 2411 242 2443 Nus.
275 2408 331 2441 An
360 2405 451 2441 mihi
479 2409 594 2443 maius
626 2409 763 2443 malum
790 2407 949 2441 accidere
972 2413 1100 2452 potest,

515 2472 622 2505 quam
640 2466 674 2494 te
692 2458 879 2493 amittere}>

132 2514 215 2561 m1¹9³)
234 2533 345 2562 notens]
362 2533 402 2557 sic
417 2534 516 2564 scripsi
533 2536 582 2562 (=
591 2534 684 2565 Eurip.
700 2531 752 2567 οὐχ
764 2533 851 2566 {naim
870 2536 964 2566 Barn.,
977 2533 1099 2560 Mus-gin:

179 2573 232 2591 non
251 2568 364 2596 volens,
390 2569 463 2592 Fix.:
490 2568 623 2600 invitus);
649 2569 735 2595 Editt.
753 2571 846 2597 1558.,
866 2569 941 2593 1562.
961 2568 1067 2591 volens.

143 2611 190 2641 20)
211 2611 268 2633 Non
295 2610 396 2633 utinam
416 2610 524 2638 videar]
551 2610 590 2634 sic
614 2611 715 2641 scripsi
745 2610 792 2643 (z
811 2612 878 2634 text.
905 2610 997 2649 gr.);¹
1016 2609 1098 2633 Editt.

182 2645 265 2668 1558..
287 2643 361 2668 1562.
380 2644 447 2667 Non.
473 2645 581 2668 Utinam
595 2645 687 2670 videar
702 2644 799 2677 (Editt.
814 2646 932 2670 recent.:
953 2645 1060 2668 Utinam
1076 2663 1097 2669 ,Α

179 2683 314 2708 nunquam
332 2677 450 2708 videar).

734 72 1135 111 INTERPRETATIO
1158 75 1420 112 HIPPOLYTI
1446 77 1695 116 EURIPIDIS.

2088 93 2163 131 502

1550 164 1790 251 Ipsahquidem
1817 183 1873 206 res
1897 174 1992 208 laudi
2020 178 2162 213 dabitur

1579 230 1627 250 ῘΪῙΙ
1656 231 1679 253 l·

1166 263 1241 298 330
1268 267 1351 299 Ναί.
1378 265 1425 299 Et
1440 267 1568 302 deinde
1585 270 1739 306 occultas
1752 272 1846 308 bona
1862 282 2003 320 petente
2020 280 2101 313 me?

1216 316 1321 349 Phae.
1362 316 1416 350 Ex
1447 318 1541 352 bona
1577 326 1611 354 et
1645 318 1794 358 honesta
1829 338 1932 362 causa
1975 328 2161 365 machinor

1579 373 1709 416 turpia.

1214 419 1298 451 Nat.
1325 417 1363 451 Si
1380 417 1530 460 dixeris,
1557 420 1738 457 laudatior
1757 427 1837 462 eris.

1215 469 1318 503 Phae.
1354 469 1423 502 Abi
1447 482 1510 514 per
1534 470 1648 513 Deos,
1685 481 1718 508 et
1747 478 1884 514 dimitte
1912 495 1966 516 me
1991 496 2054 528 per
2078 487 2159 519 dex-

1587 528 1678 557 tram
1690 525 1749 572 ²¹).

1213 572 1296 605 Nat.
1323 570 1583 619 Nequaquam,
1609 574 1639 608 si
1655 576 1799 621 quidem
1819 592 1892 614 non
1911 584 1972 618 das
1990 584 2077 619 mihi
2096 589 2158 621 do-

1221 164 1321 198 Phae.
1348 163 1498 199 Peribis.

1576 638 1686 668 num,
1715 632 1811 674 quod
1832 636 2031 676 oportebat.

1163 670 1237 706 335
1262 674 1367 707 Phae.
1400 675 1521 714 Dabo;

1566 689 1649 710 nam
1673 691 1841 715 revereor
1863 689 1961 719 tuam
1988 700 2157 722 veneran-

1572 730 1653 762 dam
1674 743 1833 768 manum.

1213 777 1295 810 Ναί.
1325 776 1539 818 Occultabo;
1568 786 1669 814 tuum
1686 789 1737 816 est
1754 783 1824 818 iam
1844 786 1971 822 dicere.

1210 829 1314 861 Phae.
1332 828 1520 864 Omisera!
1540 832 1682 876 qualem
1701 841 1816 869 mater
1833 839 1958 872 amasti
1971 852 2128 874 amorem
2146 844 2156 874 ’ἶ

1211 881 1294 913 Ναί.
1331 880 1413 925 Quo
1440 883 1575 916 amavit
1602 889 1763 927 taurum,
1801 889 1891 930 filia,
1935 898 1995 924 aut
2019 892 2061 925 de
2085 906 2155 938 quo

1576 934 1758 980 loqueris?

1212 983 1315 1015 Phae.
1342 981 1389 1015 Et
1405 989 1441 1016 tu
1462 984 1588 1018 misera
1608 998 1731 1027 soror,
1760 989 1915 1024 coniunx
1931 990 2074 1027 Bacchi.

1161 1031 1235 1067 340
1261 1036 1345 1067 Nut.
1374 1033 1406 1066 Ο
1423 1035 1492 1067 filia
1505 1062 1514 1075 ,
1544 1036 1629 1081 quid
1649 1039 1776 1073 accidit
1794 1041 1884 1075 tibi?
1912 1043 2044 1088 colligis
2062 1046 2152 1079 mala

1574 1096 1819 1132 cognatarum.

1212 1136 1315 1169 Phae.
1340 1134 1488 1181 Egoque
1507 1138 1608 1171 tertia
1626 1139 1767 1183 infelix,
1796 1146 1979 1189 quomodo
1997 1150 2121 1191 pereo!

1209 1189 1292 1220 Nut.
1306 1186 1470 1220 Perculsa
1487 1201 1582 1227 sum;
1603 1204 1773 1236 quorsum
1787 1202 1921 1239 spectat
1934 1196 1998 1231 ista
2013 1199 2128 1233 oratio
2139 1202 2153 1233 ἰ)

1210 1240 1312 1271 Phae.
1340 1237 1424 1271 Inde
1444 1251 1529 1280 nos,
1557 1253 1630 1275 non
1649 1256 1770 1280 recens
1788 1259 1909 1282 sumus
1927 1248 2088 1284 miserae.

1210 1291 1292 1324 lt‘ut.
1320 1287 1441 1323 Nihilo
1460 1291 1571 1335 magis
1590 1294 1682 1335 scio,
1710 1309 1801 1342 quae
1817 1299 1899 1332 volo
1915 1301 2050 1335 audire.

1159 1340 1233 1375 345
1260 1342 1363 1375 Phae.
1392 1342 1489 1380 Heu,
1517 1347 1700 1388 quomodo
1725 1354 1764 1381 tu
1789 1348 1877 1382 mihi
1901 1358 2002 1396 potes
2025 1353 2153 1393 dicere,

1568 1408 1659 1440 quae
1676 1411 1731 1432 me
1751 1407 1916 1443 oporteat
1932 1403 2076 1438 dicere?

1207 1445 1289 1477 Nat.
1316 1442 1397 1477 Non
1416 1456 1492 1477 sum
1512 1452 1608 1480 vates
1627 1450 1670 1481 ad
1690 1451 1896 1494 explicanda
1917 1454 2078 1490 obscura.

1208 1495 1312 1527 Phae.
1354 1494 1482 1540 „Quid
1515 1502 1567 1530 est
1593 1495 1681 1540 hoc,
1722 1503 1818 1547 quod
1844 1502 2007 1540 homines
2031 1507 2154 1541 dicunt

1568 1551 1716 1585 amare?

1209 1598 1292 1631 Ναί.
1320 1623 1341 1637 „
1353 1595 1471 1638 Idem,
1499 1611 1519 1632 o
1536 1599 1626 1640 filia,
1654 1609 1706 1637 est
1723 1604 1966 1642 dulcissimum
1987 1615 2021 1642 et
2047 1609 2153 1643 simul

1576 1654 1855 1692 acerbissimum.

1208 1701 1312 1734 Phae.
1340 1699 1414 1734 Nos
1429 1713 1550 1735 sumus
1566 1715 1605 1736 re
1622 1713 1786 1750 expertae
1803 1709 2026 1744 alterutrum.

1158 1749 1232 1785 350
1259 1754 1342 1785 Nur.
1371 1751 1466 1796 Quid
1485 1752 1560 1787 ais?
1588 1766 1704 1798 amas,
1739 1770 1760 1791 o
1779 1760 1870 1801 filia,
1907 1762 2062 1807 aliquem
2089 1761 2152 1796 ho-

1568 1807 1699 1841 minem
1712 1808 1728 1841 Ρ

1208 1855 1312 1887 Phae.
1342 1854 1430 1898 Quis
1449 1861 1500 1889 est
1516 1856 1573 1889 ille
1591 1858 1785 1894 Amazonis
1803 1862 1921 1896 filius?

1183 1908 1291 1939 -Nut
1326 1904 1503 1951 Loqueris
1531 1909 1575 1941 de
1599 1909 1821 1957 Hippolyto?
1901 1915 2003 1949 Phae.
2039 1913 2091 1948 Ex
2120 1922 2151 1948 te

1570 1957 1676 2002 haec,
1704 1976 1779 1997 non
1794 1976 1835 1998 ex
1854 1978 1909 2000 me
1929 1965 2060 2001 audies.

1209 2009 1290 2042 Nat.
1319 2006 1397 2042 Heu
1417 2021 1495 2049 me,
1523 2010 1608 2056 quid
1633 2013 1745 2055 dices,
1772 2016 1870 2049 filia?
1922 2018 1971 2051 Ut
1994 2030 2050 2051 me
2073 2030 2151 2062 pei·-

1570 2063 1708 2098 didisti!

1206 2111 1393 2152 Mulieres,
1422 2111 1660 2148 intolerabilia
1679 2117 1785 2157 dicit,
1813 2130 1885 2152 non
1903 2119 2083 2153 sustinebo

1155 2160 1230 2196 355
1256 2161 1388 2197 Vivens
1409 2162 1515 2197 istum
1533 2162 1697 2201 hostilem
1722 2169 1836 2210 diem,
1870 2170 2013 2204 intueor
2033 2171 2147 2205 lucem

1566 2216 1717 2252 invisam
1730 2246 1739 2259 ‚

1202 2263 1397 2306 Abiiciam,
1424 2266 1626 2312 relinquam
1645 2282 1794 2314 corpus,
1820 2270 1998 2306 discedam

1205 2315 1258 2348 Ex
1275 2314 1342 2349 hac
1358 2316 1429 2350 vita
1443 2344 1452 2357 ,
1479 2319 1592 2352 valete
1604 2346 1612 2359 ‚
1640 2332 1713 2353 non
1729 2321 1811 2354 vivo
1828 2334 1892 2366 ego
1910 2324 2074 2368 amplius.

1205 2367 1338 2412 „Quae
1362 2370 1567 2402 moderatae
1591 2378 1690 2412 sunt,
1726 2372 1859 2407 invitae
1889 2375 2052 2420 quidem,
2089 2377 2146 2409 sed

1567 2427 1687 2456 tamen

1205 2469 1369 2509 „Amant
1383 2471 1489 2505 mala.
1535 2471 1655 2508 Venus
1674 2487 1747 2508 non
1767 2481 1817 2509 est
1836 2475 1912 2510 Dea
1922 2476 1989 2524 22)‚

1186 2601 1235 2628 21)
1259 2606 1300 2623 ine
1319 2605 1366 2628 per
1386 2599 1526 2628 dextram]
1548 2600 1587 2624 sic
1606 2602 1690 2627 Editt.
1708 2603 1799 2633 1558„
1822 2604 1914 2634 1562.;
1939 2605 2025 2629 Editt.
2047 2606 2140 2629 recent

1222 2635 1267 2666 (=
1287 2634 1380 2664 Eurip.
1401 2631 1489 2662 δεξιᾶς
1506 2632 1590 2666 ἐμῆς)
1609 2642 1696 2660 meam
1716 2638 1849 2662 dextram.

1189 2676 1237 2709 22)
1258 2678 1290 2703 Η,
1309 2677 1326 2700 l.
1348 2677 1375 2701 in
1394 2677 1477 2701 Editt.
1497 2678 1589 2748 {5538ss
1610 2680 1684 2704 1562.
1706 2682 1771 2704 nota
1792 2686 1868 2712 marg
1886 2689 1893 2704 :
1919 2681 2036 2706 Veneris
2057 2683 2108 2708 vis.
