2373 2980
54 81 129 117 929

105 167 240 212 Iupiter
258 161 345 198 mihi
364 163 514 208 gratiam
534 163 664 197 merito

106 219 233 252 Habet.
286 216 370 251 Non
387 221 492 248 erunt
507 214 567 248 Dii

106 268 295 303 Inferiores
311 265 537 305 hominibus,
561 265 624 299 etsi
643 277 699 298 me
717 265 873 298 videant.

403 325 613 374 [strophe
640 323 698 374 2.]

58 387 134 421 770
158 386 246 427 Sed,
273 399 292 419 o
312 387 537 425 veneranda,
560 391 661 419 tuum
681 391 732 419 est
750 382 816 418 boc
832 384 961 423 solum,

108 438 154 472 Et
168 445 229 472 tua
248 436 335 471 baec
352 438 456 478 urbs,
480 437 578 470 euius
595 442 633 469 tu
649 442 764 469 mater

107 490 156 523 Et
173 490 319 523 domina
339 495 371 522 et
389 495 543 534 patrona
562 487 672 527 urbis,

108 541 221 586 Abige
238 539 307 575 huc
325 541 559 574 adducentem
580 539 709 572 iniuste

58 591 132 627 775
157 593 420 626 Dimicaturum
440 589 659 625 *exercitum
677 603 717 623 ex
735 589 844 634 Argo,

109 644 192 679 Non
211 644 305 678 enim
324 650 472 689 propter
490 655 606 676 meam
627 642 795 675 virtutem

109 696 273 742 Aequum
291 702 342 729 est
360 708 415 728 me
434 695 596 728 amittere
613 693 804 726 civitatem.

355 752 668 802 [Antistrophe
694 750 751 798 2.]

108 815 177 848 Sed
194 815 276 860 quia
295 814 361 847 tibi
378 825 518 858 semper
534 812 728 845 multorum
743 809 996 844 sacrificiorum

110 866 275 899 Honores
293 865 513 904 offeruntur,
538 875 653 908 neque
671 863 824 895 occultat
841 874 879 895 ea

111 918 287 950 Mensium
306 916 432 950 ultima
452 915 526 949 dies
538 941 547 954 ‚
573 920 606 947 et
623 925 697 946 non
715 921 850 947 cessant

60 969 134 1003 780
158 968 328 1002 Carmina
346 967 563 1011 templorum
583 971 617 998 et
635 965 817 999 cantiones
837 964 1047 999 chororum:

108 1020 149 1054 In
162 1020 282 1053 littore
300 1025 449 1052 ventoso

110 1071 275 1105 Ululatus
293 1076 424 1104 sonant
439 1067 625 1102 nocturnis
645 1067 825 1112 plausibus

109 1123 181 1157 Sub
199 1121 350 1167 pedibus
371 1120 566 1165 virginum.

200 1178 441 1227 [Famulus,
469 1179 688 1217 Alcmene,
719 1174 908 1224 Chorus]

112 1242 205 1274 Fam.
231 1238 264 1272 O
282 1238 427 1272 domina
439 1264 448 1278 ‚
473 1237 549 1270 sero
566 1236 630 1269 tibi
646 1237 790 1270 brevem
810 1237 1009 1270 orationem

61 1289 136 1326 785
160 1290 294 1324 Auditu
308 1317 316 1331 ,
341 1296 374 1323 et
392 1286 481 1322 mihi
502 1287 688 1332 optimam.

111 1342 296 1375 Vincimus
313 1340 450 1379 hostes,
474 1346 507 1372 et
525 1340 747 1372 collocantur
764 1345 923 1383 tropaea.

112 1393 251 1438 Quibus
266 1394 423 1435 figuntur
441 1402 540 1423 arina
560 1398 702 1423 tuorum
721 1387 891 1425 hostium.

111 1445 186 1479 Alc.
215 1443 248 1476 O
268 1441 493 1481 charissime,
518 1442 580 1474 iste
599 1440 673 1474 dies
691 1441 761 1485 egit
778 1447 811 1474 te
830 1440 910 1481 hue,

111 1495 162 1529 Ut
177 1494 267 1528 liber
283 1495 346 1528 fias
362 1500 510 1539 propter
526 1490 593 1525 boc
609 1492 788 1526 nuntium.

62 1547 136 1581 790
160 1546 330 1581 Nondum
354 1552 473 1579 autem
502 1544 631 1577 liberas
648 1556 704 1577 me
729 1545 773 1578 ab
797 1556 867 1578 una
896 1545 1050 1590 quadam

478 1595 683 1628 difficultate
695 1608 702 1633 ;

115 1650 237 1682 Metuo
259 1647 374 1687 enim,
402 1659 447 1679 an
463 1646 606 1686 vivant,
628 1659 717 1691 quos
736 1652 821 1690 opto
838 1646 968 1680 vivere.

114 1704 206 1735 Fam.
230 1698 366 1732 Vivunt
380 1697 534 1731 maxime
550 1697 695 1741 gloriosi
714 1698 751 1730 in
766 1697 931 1731 exercitu.

114 1754 188 1787 Alc.
215 1751 329 1785 Senex
350 1750 409 1783 ille
426 1748 559 1782 vivitne
575 1747 717 1782 Iolaus?

2 1828 3 1842 1
114 1806 208 1838 Fam.
237 1802 452 1836 Felicissime
484 1800 591 1840 vivit,
625 1806 832 1834 consecutus
858 1801 1053 1834 maximum

2 1847 7 1911 ξ
478 1851 649 1886 divinitus
665 1852 888 1886 beneficium.

2 1918 4 1934 1
66 1904 140 1939 795
162 1907 237 1939 Alc.
263 1904 445 1949 Quidnam
464 1903 540 1937 est?
559 1915 604 1936 an
620 1904 773 1948 gloriose
792 1904 990 1947 pugnavit?

116 1959 209 1991 Fam.
238 1956 366 1989 Faetus
383 1961 435 1989 est
455 1955 592 1989 iuvenis
610 1967 732 1989 rursus
749 1968 789 1988 ex
807 1968 900 1990 sene.

116 2009 191 2042 Alc.
217 2007 309 2040 Mira
327 2006 432 2043 dicis;
456 2007 516 2040 sed
533 2007 615 2039 volo
634 2013 667 2040 te
684 2019 832 2040 narrare
851 2007 1007 2051 primum

115 2060 269 2092 Felicem
290 2070 445 2103 pugnam
465 2058 675 2091 amicorum.

116 2113 210 2145 Fum.
239 2110 316 2143 Una
337 2109 453 2142 oratio
472 2109 591 2142 omnia
611 2109 834 2154 significabit.

6 2169 11 2218 ᾗ
66 2162 140 2197 800
170 2163 367 2207 Postquam
394 2167 516 2194 contra
542 2173 608 2194 nos
633 2168 757 2195 mutuo
784 2161 976 2195 exercitum
1002 2173 1058 2194 ar-

482 2218 619 2246 matum

116 2265 288 2299 Cominus
305 2264 534 2298 extendentes
556 2264 823 2305 collocavimus,

116 2316 339 2349 Promovens
354 2316 480 2360 pedem
499 2329 539 2349 ex
557 2328 663 2350 curru
680 2316 806 2361 Hyllus

118 2367 223 2401 Stetit
240 2367 334 2400 inter
352 2367 487 2400 medias
504 2367 608 2408 acies,

118 2419 164 2453 Et
182 2419 310 2452 deinde
327 2418 432 2451 dixit:
457 2417 490 2451 O
507 2420 578 2452 dux
591 2446 599 2459 ,
624 2419 685 2465 qui
706 2419 803 2453 venis
820 2431 861 2452 ex
878 2420 974 2463 Argo

6 2251 9 2267 l

69 2469 144 2506 805
161 2469 201 2504 In
218 2468 313 2503 hanc
330 2475 475 2509 terram,
494 2482 568 2503 non
587 2470 799 2514 permittunt
819 2483 902 2515 opes
920 2477 953 2503 et
969 2471 1060 2503 xires
1084 2483 1087 2520 3

481 2526 576 2561 tuae,

122 2573 168 2607 Et
186 2573 356 2618 Mycenas
373 2584 448 2605 non
466 2573 596 2607 afficies
612 2573 857 2613 incommodo,

122 2624 304 2659 Privando
322 2636 382 2657 eos
399 2636 471 2657 uno
487 2624 577 2657 viro.
632 2625 752 2670 Quare
770 2637 906 2659 mecum

126 2676 369 2720 congrediens
383 2703 392 2715 ,
417 2681 478 2708 aut
496 2675 611 2709 occiso
628 2688 684 2709 me
696 2703 704 2715 ,
730 2677 843 2710 abduc

73 2737 255 2767 MELANTH.
279 2733 385 2765 Ormi.
410 2731 495 2763 Vm„
520 2733 645 2763 XVIII.

438 75 558 111 LXIX.
591 74 1016 111 .INTERPRETATIO
1051 70 1437 108 HERACLIDARUM
1471 69 1720 104 EURIPIDIS.

2016 75 2090 108 930

1151 158 1313 192 Herculis
1331 157 1439 196 filios;
1466 162 1527 190 aut
1541 155 1765 197 interfectus,
1788 157 1877 192 mihi

1070 168 1074 236 l
1101 212 1173 245 810
1199 210 1361 244 Patrium
1379 207 1556 242 honorem
1577 214 1611 241 et
1628 209 1763 242 donum
1782 211 1958 256 relinque.

1071 239 1075 340 ι
1151 261 1335 295 Exercitus
1353 273 1439 294 vero
1459 259 1626 299 assensit,
1652 266 1686 292 et
1704 261 1747 293 ad
1766 261 1871 295 finem
1894 264 2070 296 malorum

1152 313 1197 346 Et
1225 325 1290 357 pro
1324 311 1572 357 magnitudine
1606 311 1718 344 animi
1748 314 1929 356 praeclare
1959 314 2090 348 dietam

1511 375 1583 397 esse
1601 363 1816 398 orationem,

1154 414 1218 448 lste
1246 426 1331 447 vero
1350 426 1466 459 neque
1485 413 1658 448 reveritus
1681 415 1865 449 audientes
1884 416 1919 449 in
1947 429 2093 461 respon-

1517 465 1648 505 dendo,

1154 517 1277 562 Neque
1307 517 1401 562 ipse,
1439 529 1518 550 cum
1549 522 1637 550 esset
1672 518 1761 557 dux,
1804 526 1952 562 propter
1988 532 2090 553 suuni

1074 574 1076 599 Ι
1508 574 1641 600 metum

1074 601 1076 628 Ι
1104 617 1178 652 815
1203 620 1321 652 Ausus
1337 624 1388 651 est
1404 618 1526 651 venire
1546 619 1581 650 iu
1601 624 1798 656 certamem

1154 670 1223 704 Sed
1239 676 1315 702 erat
1332 669 1602 713 ignavissimus;
1626 670 1707 701 dein
1725 682 1803 703 cum
1824 671 1902 704 talis
1918 679 2017 711 esset,

1154 721 1261 754 Venit
1286 721 1322 753 in
1347 720 1553 754 servitutem
1584 722 1794 755 reducturus
1822 728 1983 766 posteros
2006 724 2095 756 Her-

1517 771 1615 805 culis.

1156 824 1280 868 Hyllus
1298 824 1417 869 itaque
1433 823 1591 857 discessit
1607 823 1642 855 in
1661 822 1835 867 reliquam
1856 825 1979 859 aciem.

1155 875 1260 909 Vates
1281 887 1386 915 vero,
1412 881 1602 920 postquam
1623 874 1838 907 audiverunt

1105 927 1179 963 820
1203 927 1283 960 Non
1302 926 1423 971 perfici
1442 927 1548 959 finem
1568 925 1650 958 belli
1673 925 1845 969 singulari
1863 927 2070 961 certamine.

1156 979 1380 1018 Mactabant,
1396 989 1470 1010 non
1487 979 1768 1016 cunctabantur,
1791 978 1852 1011 sed
1869 978 2094 1012 dimittebant

1154 1029 1206 1063 Ex
1223 1029 1381 1062 faucibus
1400 1029 1555 1062 cruentis
1564 1028 1610 1074 51)
1631 1029 1749 1061 statim
1771 1029 1922 1062 faustam
1941 1042 2075 1064 necem.

1155 1081 1224 1114 Alii
1242 1082 1485 1114 conscendunt
1501 1081 1537 1112 in
1555 1091 1679 1113 currus
1692 1106 1701 1119 ,
1725 1080 1784 1112 alii
1802 1081 1866 1114 sub
1884 1082 2055 1116 lateribus

1157 1133 1372 1178 Clypeorum
1403 1132 1597 1176 tangebant
1630 1137 1756 1164 costas.

1515 1195 1600 1216 vero
1618 1183 1689 1216 dux

1106 1233 1179 1271 825
1203 1234 1436 1268 Denuntiavit
1456 1234 1637 1274 exercitui,
1658 1233 1777 1280 qualia
1797 1241 1961 1279 oporteat
1980 1236 2095 1271 virum

1523 1287 1652 1319 fortem
1672 1285 1808 1318 dicere:

1158 1339 1190 1371 O
1207 1338 1319 1378 cives,
1343 1344 1459 1371 terrae
1472 1364 1479 1377 ‚
1502 1349 1592 1383 quae
1609 1337 1697 1371 aluit
1712 1349 1787 1376 vos,

1156 1389 1201 1422 Et
1218 1401 1308 1435 quae
1328 1389 1451 1433 genuit
1467 1401 1529 1422 vos
1541 1416 1549 1429 ,
1580 1401 1668 1433 opus
1685 1394 1735 1421 est
1754 1388 1823 1421 iam
1843 1401 1947 1433 opem
1964 1390 2065 1424 ferre.

1157 1441 1329 1474 Similiter
1348 1441 1436 1472 alter
1454 1440 1569 1483 Argos
1588 1453 1661 1472 non
1680 1440 1802 1473 volens
1819 1442 2047 1481 dedecorare,

1158 1492 1201 1525 Et
1220 1491 1406 1537 Mycenas,
1433 1492 1645 1535 precabatur
1662 1491 1788 1524 socios.

1108 1544 1182 1578 830
1220 1544 1414 1589 Postquain
1448 1543 1588 1587 signum
1621 1543 1716 1575 dedit
1747 1543 1881 1576 clarum
1908 1543 2096 1589 Tyrrhena

1523 1595 1621 1634 tuba,

1161 1646 1203 1679 Et
1219 1647 1395 1689 congressi
1412 1652 1494 1680 sunt
1512 1646 1663 1678 invicem
1682 1657 1814 1689 pugna,

1159 1698 1343 1743 Quantum
1361 1698 1516 1731 sonitum
1537 1698 1743 1742 clypeorum
1763 1703 1865 1740 putas
1888 1698 2098 1733 fremuisse?

1159 1750 1340 1794 Quantam
1361 1749 1628 1782 concussionem
1648 1755 1681 1781 et
1697 1749 1847 1792 gemitus
1865 1749 1996 1783 simul?

1159 1801 1320 1834 Primum
1338 1800 1482 1846 quidem
1501 1800 1668 1844 strepitus
1686 1800 1810 1843 Argivi
1830 1801 2001 1836 exercitus

1109 1851 1182 1888 835
1206 1852 1376 1896 Perrupit
1394 1865 1477 1893 nos,
1501 1852 1629 1885 deinde
1646 1857 1938 1886 retrocesserunt.

1158 1905 1285 1938 Postea
1306 1904 1455 1938 collatus
1474 1916 1535 1948 pes
1555 1903 1649 1948 pedi,

1160 1956 1206 1989 Et
1222 1956 1276 1988 vir
1297 1957 1373 1988 viro
1389 1962 1486 1989 stans
1498 1982 1507 1996 ‚
1535 1955 1787 1999 perseverabat
1802 1954 1838 1987 in
1855 1967 1987 1999 pugna.

1162 2007 1267 2040 Multi
1284 2008 1470 2040 cedebant:
1499 2014 1601 2040 erant
1616 2007 1675 2039 illa
1694 2007 1801 2039 verba
1819 2004 2099 2041 adhortationis:

1161 2059 1194 2092 O
1213 2057 1390 2099 Athenas,
1420 2071 1440 2091 o
1458 2059 1676 2102 Argivorum
1695 2070 1800 2101 agros

1082 2111 1084 2139 3³
1112 2112 1184 2146 840
1207 2111 1389 2150 Serentes,
1416 2123 1490 2143 non
1509 2110 1692 2154 depelletis
1709 2111 1861 2143 dedecus
1878 2110 1957 2143 urbi
1970 2110 1983 2142 2>

1161 2162 1229 2195 Vix
1247 2163 1367 2195 omnia
1388 2162 1556 2195 facientes
1569 2189 1578 2201 ,
1603 2173 1676 2194 non
1694 2161 1769 2194 sine
1787 2161 1910 2194 labore

1082 2216 1085 2269 1
1161 2214 1342 2247 Vertiu'ius
1359 2213 1397 2245 in
1413 2214 1532 2257 fugam
1552 2213 1724 2256 Argivum
1745 2212 1951 2246 exercitum.

1082 2274 1085 2373 j
1162 2265 1207 2298 Et
1232 2265 1279 2298 ibi
1307 2277 1412 2299 senex
1428 2263 1546 2298 Iolaus
1574 2264 1698 2297 videns
1716 2263 1859 2308 Hyllum
1891 2271 2101 2308 provectum

1083 2379 1085 2408 Ι

1084 2433 1085 2454 1

1822 1130 2094 1167 Atheniensium

1522 2322 1619 2349 extra
1637 2314 1762 2354 aciem,

1162 2367 1280 2411 Rogat
1299 2367 1484 2411 porrigens
1503 2379 1664 2406 manum,

1113 2418 1186 2453 845
1211 2420 1259 2452 Ut
1276 2420 1424 2451 collocet
1440 2431 1519 2452 eum
1539 2419 1575 2451 in
1595 2423 1795 2463 equestrem
1815 2428 1973 2455 currum,

1164 2470 1209 2504 Et
1225 2470 1401 2514 accipiens
1419 2468 1576 2503 habenas
1593 2469 1772 2507 manibus,

1085 2581 1088 2630 ἰ
1149 2589 1197 2616 51)
1217 2587 1355 2627 eruentis]
1381 2586 1422 2611 sic
1446 2587 1530 2612 Editt.
1552 2587 1644 2618 1558„
1665 2586 1759 2625 15623
1798 2584 1882 2625 Editt.
1902 2585 2021 2608 recent.:
2055 2585 2106 2623 liq-

1086 2631 1087 2651 1
1184 2628 1272 2646 manis
1297 2625 1344 2650 (=
1366 2623 1459 2652 Eut-ip.
1478 2623 1624 2654 βροτείων,
1657 2621 1778 2657 quod'm
1803 2621 1846 2644 lus
1870 2620 1946 2643 recte
1971 2624 1987 2642 a
2011 2620 2106 2650 βροῑος

1086 2671 1089 2686 1
1186 2657 1344 2690 [mortalis,
1376 2655 1485 2688 hom0],
1519 2657 1546 2680 in
1570 2656 1627 2680 illis
1653 2661 1670 2679 a
1695 2657 1788 2686 βροτος
1813 2655 1924 2683 [eruor]
1951 2653 2105 2677 derivatum

1182 2691 1255 2723 est).
1496 2726 1543 2760 59
