2373 2980
104 63 202 100 1025
620 62 741 98 LXXI.

156 152 237 184 Sen.
266 149 348 183 Non
367 149 510 194 quidem
531 150 672 189 volens,
700 150 761 183 sed
779 151 875 195 quod
893 157 944 184 est
970 151 1097 185 immo—

447 200 556 233 latum
569 227 577 239 ,
605 213 678 233 non
695 207 746 234 est
761 201 798 234 in
815 214 893 234 mea
913 208 1097 245 potestate.

155 251 341 290 Mulieres,
372 263 471 285 meae
490 253 578 285 telae
598 258 631 285 et
648 252 741 285 radii

152 302 261 335 Fidae
280 302 447 342 ancillae,
483 315 591 348 quam
616 304 798 337 fortunam
822 304 997 348 accipiens
1025 317 1098 338 ma-

519 355 609 388 ritus

149 405 202 438 De
220 405 340 438 liberis
358 405 464 445 abiit,
493 418 647 451 quorum
664 406 776 450 gratia
794 404 863 440 huc
881 407 1066 441 venimus?

102 455 175 490 750
203 455 319 489 Dicite
339 454 447 494 mihi;
474 456 613 490 sienim
631 458 725 490 bona
742 456 830 491 mihi
849 458 1025 499 dixeritis,

150 506 318 541 Iniicietis
335 507 504 550 gaudium
523 508 559 540 in
578 509 761 542 dominam
781 510 900 543 fidam.

154 560 250 593 Chor.
280 559 312 590 s)
326 559 469 591 fortuna
483 586 491 599 ,

152 610 228 643 Hoc
245 610 385 642 initimn
407 623 614 644 sermonum
634 612 907 656 inauspicatum.

152 661 184 694 Ο
201 662 380 695 miseram.

102 710 174 746 755
203 713 272 746 Sed
291 714 375 758 quid
394 713 546 746 oraculis
562 714 793 747 dominorum
812 712 1018 746 excrucior?

152 764 229 797 Sint
260 765 336 796 illa:
381 765 466 810 quid
494 764 663 808 agemus?
704 777 800 798 mors
830 765 933 797 nobis
967 776 1096 808 propo-

513 816 579 849 sita
603 815 719 861 est33).

153 869 226 901 Cre.
256 867 357 911 Quae
376 874 427 901 est
445 868 509 901 ista
531 866 731 900 cantilena?
760 873 793 899 et
818 867 860 899 de
886 878 954 912 qua
981 878 1017 898 re
1042 863 1097 897 hic

519 924 633 951 metus
654 917 730 951 est?

155 970 251 1002 Ultor.
281 968 466 1009 Dicemus,
499 975 559 1001 aut
578 969 794 1008 tacebimus,
823 975 884 1001 aut
909 968 994 1012 quid
1021 980 1097 1011 ager

513 1020 615 1053 mus?

153 1073 225 1105 Cre.
262 1069 400 1111 Dicito,
441 1083 655 1117 quocunque
678 1072 785 1103 modo
813 1069 920 1103 habes
945 1070 1096 1115 aliquem

513 1134 632 1156 casum
650 1123 692 1155 de
712 1134 780 1155 me.

102 1173 176 1206 760
205 1174 302 1207 Ghor.
331 1172 477 1206 Dicetur
491 1200 499 1213 ,
528 1174 668 1207 etiamsi
684 1173 737 1206 his
753 1172 982 1206 moriendum
999 1173 1054 1206 sit.

152 1224 234 1257 Non
251 1223 333 1255 licet
350 1224 432 1262 tibi,
460 1225 606 1256 domina
618 1251 626 1264 ,
651 1225 687 1256 in
705 1224 806 1256 ulnas
826 1236 952 1267 capere

152 1274 320 1313 Liberos,
348 1287 463 1320 neque
483 1276 652 1309 uberibus
668 1275 738 1308 tuis
755 1275 934 1318 applicare
954 1272 1029 1308 lios.

153 1329 283 1361 Senes.
313 1325 377 1358 Hei
395 1327 530 1359 utinam
551 1338 732 1366 morerer,
761 1326 844 1359 filia.

154 1380 226 1412 Cre.
255 1376 313 1409 Me
334 1377 513 1411 miseram.

152 1428 236 1461 Dixi
287 1434 320 1461 te
370 1426 501 1462 habere
549 1427 788 1461 calamitatem

516 1491 570 1511 me
584 1478 642 1524 ⁸¹¹).

838 1429 1019 1472 quandam
1067 1428 1100 1459 in

208 1640 242 1662 Ut
261 1645 367 1663 mecum
387 1641 563 1671 collaeteris,
590 1642 613 1665 si
632 1643 703 1672 quod
722 1644 822 1672 Apollo
842 1650 890 1667 rex

207 1675 352 1699 oraculum
374 1675 523 1699 liberorum
543 1676 576 1699 de
596 1677 788 1706 procreatione
810 1678 920 1702 dixerit.

208 1709 303 1739 „Cum
322 1710 418 1733 amicis
436 1711 508 1733 enim
528 1711 606 1734 dulce
624 1717 710 1741 agere
730 1712 806 1735 bene.

206 1744 312 1773 „Quod
332 1751 399 1768 vero
419 1745 509 1774 absit,
535 1746 560 1768 si
577 1746 639 1775 quid
660 1746 790 1769 acciderit
810 1746 891 1770 mali.

206 1778 277 1808 „Ad
297 1779 403 1803 vultum
425 1780 486 1803 boni
505 1779 558 1802 viri
578 1780 723 1809 adspicere
744 1781 830 1805 dulce.

208 1813 265 1841 Ego
286 1818 352 1836 vero
372 1816 414 1843 te,
435 1815 659 1842 quemadmodum
676 1816 703 1836 et
723 1816 751 1837 tu
770 1817 877 1843 patrem
896 1820 985 1837 meum
1005 1814 1084 1843 olim,
1129 1807 1131 1826 l

206 1845 323 1869 Domina
342 1847 432 1869 tamen
453 1846 592 1877 existens,
618 1848 678 1870 colo
698 1848 759 1871 loco
779 1848 878 1877 patris,
1129 1846 1130 1850 ’

207 1882 271 1904 Sen.
294 1879 316 1903 0
336 1880 409 1909 filia,
436 1880 535 1910 dignos
555 1881 699 1911 dignorum
721 1883 926 1912 progenitorum

207 1915 299 1938 Mores
320 1914 443 1945 obtines,
469 1921 557 1944 neque
577 1916 728 1939 dedecoras
1129 1933 1131 1945 .

208 1949 280 1971 'ruos
299 1948 428 1977 antiquos
448 1950 640 1979 progenitores
661 1950 830 1979 aborigines,

208 1982 314 2012 Trahe,
343 1982 422 2005 trahe
441 1982 476 2005 ad
494 1982 582 2008 atria,
609 1985 635 2006 et
652 1983 739 2006 deduc
756 1990 808 2007 me.

207 2016 302 2039 Ardua
321 2015 392 2039 enim
411 2016 475 2038 mihi
496 2017 557 2040 loca
577 2017 716 2047 vaticinii3
749 2020 881 2041 senectae
901 2024 967 2042 vero
987 2018 1050 2041 milii

207 2050 351 2074 Adiuvaus
371 2056 517 2080 gressum,
538 2051 659 2075 medicus
678 2052 727 2076 siS.

209 2085 273 2109 Cre.
305 2086 426 2114 Sequere
458 2091 528 2108 nuuc
543 2102 550 2115 ,
595 2086 743 2116 vestigium
773 2092 840 2109 vero
876 2087 995 2110 observa
1009 2104 1016 2115 ,
1061 2087 1102 2110 uhi
1128 2102 1131 2112 ἶ

520 2125 616 2149 ponas.

208 2154 272 2178 Seu.
291 2153 398 2184 „Elec-e.
437 2153 518 2177 Pedis
537 2154 645 2184 quidem
662 2154 780 2178 officium
799 2155 921 2183 tardum,
941 2155 1022 2178 animi
1038 2162 1102 2179 vero

518 2189 608 2213 velox.

209 2220 273 2246 Cre.
291 2221 396 2245 Bacillo
417 2228 483 2246 vero
503 2222 608 2253 inquire
628 2223 738 2252 planum
758 2223 896 2247 tramitem
916 2225 1017 2247 terrae.

208 2258 271 2280 sen.
291 2257 326 2279 Et
344 2257 393 2280 lioc
411 2263 538 2288 caecum,
558 2258 685 2287 quoniam
705 2264 755 2288 ego
775 2258 855 2282 video
874 2258 972 2282 minus.

210 2290 273 2315 Cre.
294 2291 379 2314 Recte
397 2291 507 2322 dixisti3
534 2298 627 2316 verum
649 2299 684 2316 ne
703 2298 755 2322 quo
775 2293 854 2316 modo
874 2298 1003 2316 morosus
1023 2293 1072 2315 sis.

141 2356 188 2387 83)
210 2357 296 2382 Cher.
318 2357 340 2381 0
360 2357 473 2382 fortuna
490 2371 525 2375 —
543 2359 633 2389 posita
653 2360 721 2388 est.]
749 2359 777 2382 hi
803 2359 919 2389 quinque
938 2366 994 2384 vs&
1010 2360 1102 2383 752-
1128 2361 1131 2375 ²

175 2392 235 2417 756.
255 2391 281 2415 in
301 2392 349 2416 Ed.
368 2392 442 2417 1562.
471 2395 572 2423 (aeque
591 2400 623 2417 ac
641 2394 669 2417 in
688 2394 736 2417 Ed.
759 2394 835 2418 1558.
855 2397 881 2418 et
903 2394 927 2417 iu
948 2395 997 2418 Ed.
1020 2395 1102 2417 Basil.
1129 2417 1131 2423 ,

178 2426 268 2454 1551.)
287 2427 351 2449 sunt
371 2426 475 2457 Char-53
502 2427 529 2450 in
543 2428 592 2451 Ed.
610 2429 693 2452 Baru.
713 2435 770 2451 vss.
784 2428 844 2452 752.
863 2428 1021 2452 754-7515.
1041 2432 1103 2452 suut
1129 2426 1131 2460 ᾖ

176 2460 283 2491 chori,
315 2467 356 2483 vs.
377 2460 436 2485 753.
457 2461 601 2493 Creusam
638 2463 664 2486 in
684 2463 733 2486 Ed.
752 2463 855 2493 musgr.
883 2470 942 2487 vSS.
965 2463 1023 2486 752.
1044 2463 1102 2486 75³.
1129 2466 1130 2470 ¹

175 2495 235 2520 756.
255 2495 360 2525 ΟΙιονὶ,
388 2501 446 2521 vss.
461 2495 521 2519 753.
536 2496 596 2519 755.
615 2497 757 2526 Creusam
782 2497 808 2520 iu
828 2497 877 2521 Ed.
895 2497 954 2521 Fix.
975 2504 1030 2521 vss.
1044 2497 1102 2520 752.
1129 2498 1131 2505 ⁴

175 2529 236 2553 754.
254 2529 314 2553 756.
335 2529 443 2561 Ultori,
469 2536 524 2552 vss.
540 2530 600 2553 753.
619 2530 678 2554 755.
697 2532 870 2563 Paedayoyi.

141 2598 189 2623 84)
209 2596 353 2620 Dixi—m
373 2598 439 2625 me]
459 2597 502 2619 nic
522 2603 581 2625 vs.,
602 2597 688 2626 quiin
702 2598 750 2623 Ed.
767 2599 839 2622 ¹562.
858 2600 899 2626 (et
915 2598 1105 2627 inEd.1558.]
1130 2590 1132 2593 ’

793 62 1191 98 ΙΝΤΕΒΡΒΕΤΑΤΙΟ
1227 62 1351 97 10le
1385 65 1635 101 EURIPIDIS.

176 2631 295 2661 legitur,
319 2637 407 2661 neque
427 2631 454 2654 in
477 2631 526 2656 Ed.
542 2631 628 2656 Basti.
650 2632 725 2655 1551.
743 2639 832 2662 neque
851 2633 878 2656 iu
897 2633 979 2656 Editt.
1001 2637 1104 2657 recent,
1131 2628 1133 2644 '¹

177 2665 326 2690 invenitur.

121 2707 302 2735 ΜΕιΑΜ-Η.
322 2704 427 2736 open.
459 2705 544 2736 VoL.
562 2705 684 2735 xviii.

1132 2669 1134 2703 l

2052 83 2147 117 1025

1496 151 1711 200 [Sti-ephe
1740 156 1802 204 1.]

1204 219 1313 265 [Gra]
1339 220 1469 264 Accepi
1497 221 1757 266 calamitatem,

1564 273 1690 321 tae85).

1386 323 1583 364 Perii'mus,
1625 337 1645 357 o
1682 326 1765 360 filia.

1569 387 1633 409 vae
1651 389 1734 417 vae,

1202 422 1399 457 Penetrans
1416 425 1519 458 dolor
1536 427 1709 461 sauciavit
1726 442 1781 462 me

1203 471 1299 506 lutra
1318 487 1437 508 meum
1456 488 1527 510 cor.

1202 526 1284 558 Sen.
1312 524 1481 559 Nondum
1501 527 1713 571 ingemisces
1728 557 1735 569 ,
1754 551 1803 557 —

1205 577 1279 610 Cre.
1305 575 1438 609 Verum
1459 578 1588 611 adsunt
1606 579 1730 614 luctus.

1153 625 1226 659 770
1254 629 1334 660 Sen.
1362 627 1578 673 Priusquam
1601 631 1795 673 discamus,
1814 653 1864 659 --

1205 679 1277 712 Cre.
1306 678 1411 722 Quod
1432 679 1576 712 audiam
1598 683 1790 715 nuntium?

1203 730 1286 762 Sen.
1311 730 1367 762 An
1388 731 1513 763 eadem
1530 731 1687 774 patiatur
1703 734 1887 776 dominus,
1915 738 2057 773 miseria

1203 779 1318 812 Simili
1336 781 1561 826 conflictans,
1591 794 1635 815 an
1655 789 1693 816 tu
1709 784 1783 817 sola
1803 786 2006 823 calamitosa
2023 792 2080 825 sis.

1204 832 1302 865 Cher.
1331 830 1382 864 Illi
1400 833 1544 878 quidem
1558 860 1567 873 ,
1596 846 1616 866 o
1636 846 1761 876 senex,
1788 837 1898 870 filium
1916 840 2046 884 Apollo

1154 880 1226 914 775
1254 882 1380 923 Dedit,
1409 885 1637 927 peculiariter
1654 886 1778 920 beatus
1796 895 1856 921 est.

1783 228 1902 271 patior
1921 231 2081 266 dolorem
2098 236 2146 267 vi-

1153 319 1225 353 765
1261 323 1342 355 Sen.
1847 332 1919 366 Cre.

1963 333 2034 367 Vae
2072 349 2146 373 vac,

1506 968 1717 1016 [Strophe
1748 973 1807 1016 2,]

1205 1037 1278 1069 Cre.
1307 1034 1384 1068 Hoc
1400 1048 1581 1070 summurn
1598 1037 1733 1070 malum
1750 1051 1857 1082 supra
1876 1037 1944 1072 hoc

1170 1125 1174 1131 ζ
1203 1084 1339 1119 Locuta
1358 1099 1413 1127 es,
1441 1087 1602 1120 dolorem
1625 1086 1715 1121 mihi
1732 1089 1939 1133 lugendum.

1204 1139 1285 1171 Sen.
1313 1137 1443 1171 Utrum
1460 1139 1681 1173 nasciturum
1697 1152 1738 1172 ex
1755 1141 1872 1186 aliqua
1892 1142 2039 1176 muliere

1201 1188 1353 1229 Filium,
1382 1190 1424 1222 de
1442 1202 1514 1235 quo
1540 1190 1678 1231 dixisti,
1713 1202 1759 1224 an
1784 1192 1854 1225 iam
1880 1199 2004 1226 natum
2031 1196 2151 1230 vatici-

1569 1248 1673 1275 natus
1690 1242 1767 1276 est?

1156 1290 1229 1323 780
1258 1292 1356 1325 Cher.
1384 1290 1458 1325 Iam
1477 1299 1600 1326 natum
1621 1294 1779 1327 confecta
1801 1295 2039 1329 adolescentia

1206 1340 1278 1373 Dat
1294 1341 1326 1374 ei
1342 1342 1472 1387 Apollo
1485 1371 1493 1383 ,
1520 1344 1606 1378 affui
1625 1356 1688 1388 ego
1698 1343 1756 1389 S⁶).

1190 1493 1238 1524 85)
1260 1495 1322 1517 Sen.
1343 1494 1402 1517 Non
1422 1493 1530 1523 quidem
1549 1508 1581 1512 —
1601 1494 1627 1518 in
1647 1502 1699 1520 me.
1727 1494 1781 1527 (vs.
1806 1496 1857 1520 746
1872 1510 1903 1513 —
1917 1498 2009 1530 763.)]
2038 1501 2078 1524 sic
2105 1503 2153 1526 Ed.

1229 1528 1319 1557 1562.;
1350 1528 1397 1551 Ed.
1418 1529 1508 1551 1558:

1260 1564 1325 1587 Seu.
1344 1562 1456 1586 Minime
1475 1563 1587 1593 lubens3
1610 1563 1685 1595 eius,
1705 1565 1776 1594 quod
1795 1572 1837 1589 me
1857 1566 1942 1590 invito
1963 1568 2009 1598 fit,
2030 1575 2083 1594 non
2104 1570 2154 1594 im-

1573 1598 1678 1628 perium
1698 1599 1793 1622 habeo.

1261 1631 1324 1655 Cre.
1344 1631 1494 1661 Mulieres,
1522 1632 1596 1656 telae
1614 1639 1693 1656 meae
1713 1635 1739 1656 et
1759 1634 1829 1657 radii

1262 1665 1413 1689 Servitium
1433 1666 1530 1696 fidele,
1549 1673 1630 1696 quam
1650 1668 1788 1691 fortunam
1807 1668 1945 1697 accipiens
1968 1672 2098 1701 maritus,

1259 1700 1333 1723 Abiit
1352 1700 1385 1722 de
1405 1700 1518 1730 liberis,
1542 1707 1655 1730 quorum
1675 1701 1768 1732 gratia
1788 1703 1930 1734 venimus,

1260 1734 1390 1759 Iudicate.
1429 1734 1457 1757 Si
1476 1735 1547 1758 enim
1567 1737 1638 1759 hona
1657 1735 1720 1758 mihi
1740 1737 1883 1767 dixeritis,

1263 1770 1291 1791 ln
1312 1768 1436 1791 dominos
1459 1775 1511 1791 non
1532 1769 1655 1793 infideles
1677 1770 1805 1793 inieceris
1826 1772 1965 1802 gaudium.

1263 1803 1348 1826 Glzor.
1370 1803 1391 1826 Ο
1412 1803 1541 1835 fortuna,

1262 1836 1319 1859 Hoc
1342 1837 1510 1864 prooemium
1530 1837 1637 1868 quidem
1656 1844 1814 1862 sermonum
1834 1845 1887 1863 non
1908 1841 2086 1871 auspicatum.

1262 1870 1283 1893 Ο
1304 1870 1442 1893 miseram.

1260 1905 1314 1927 sed
1333 1904 1396 1934 quid
1415 1904 1536 1928 oraculis
1555 1905 1726 1930 dominorum
1748 1906 1917 1932 excrucior?

1260 1940 1336 1968 Age,
1356 1938 1419 1968 quid
1437 1944 1569 1969 agemus),
1593 1946 1668 1963 murs
1689 1941 1722 1965 de
1741 1942 1837 1971 quibus
1858 1945 2001 1973 proposita
2021 1943 2088 1968 est?

1263 1973 1325 1997 Cre.
1347 1973 1422 2002 Quae
1441 1973 1507 1996 haec
1525 1974 1633 2004 cautio,
1653 1977 1679 1998 et
1698 1976 1741 1999 hic
1759 1977 1848 1999 metus
1868 1977 1902 2000 de
1921 1977 2038 2007 quibus?

1261 2007 1345 2031 chor.
1365 2004 1516 2031 Dicemus?
1544 2010 1591 2031 aut
1609 2007 1781 2034 tacebimus?
1805 2012 1853 2033 aut
1872 2012 1935 2041 quid
1954 2011 2093 2043 agemus?

1262 2042 1323 2065 Cre,
1346 2041 1409 2070 Dic,
1433 2041 1558 2071 quoniam
1578 2043 1662 2066 habes
1683 2044 1867 2069 calamitatem
1889 2047 2020 2075 quandam
2041 2048 2066 2070 in
2088 2056 2137 2074 me.

1262 2076 1345 2099 Phor.
1367 2076 1480 2098 Dicetur
1499 2082 1585 2104 sane,
1612 2078 1721 2101 etiamsi
1741 2079 1910 2103 moriendum
1930 2083 2005 2105 esset
2024 2082 2072 2106 his.

1259 2110 1319 2133 Non
1338 2109 1402 2133 licet
1421 2110 1484 2139 tihi,
1503 2110 1628 2140 domina,
1656 2113 1681 2135 iu
1703 2113 1783 2136 ulnas
1803 2118 1902 2142 capere

1259 2144 1392 2175 Liberos,
1417 2150 1505 2174 neque
1524 2146 1647 2169 mammis
1668 2147 1722 2169 tuis
1741 2147 1883 2176 applicare
1901 2148 1960 2171 host.

1259 2179 1324 2203 Sen.
1362 2179 1439 2201 Eheu
1459 2178 1562 2203 utinam
1582 2186 1724 2211 morerer,
1750 2182 1814 2205 filia.
1854 2182 1915 2206 Cre.
1935 2184 1979 2206 Me
2000 2183 2136 2208 miseram.

1259 2212 1336 2242 Dixi,
1364 2212 1435 2242 quod
1455 2213 1537 2236 habes
1554 2214 1741 2238 calamitatem
1762 2216 1896 2245 quandam
1916 2216 1943 2239 in
1962 2224 2014 2242 me.

1263 2247 1455 2270 calamitatem
1474 2249 1582 2279 accepi,
1610 2249 1700 2278 patior
1720 2249 1843 2273 dolorem
1867 2251 1955 2280 vitae,
1982 2258 1997 2275 o
2019 2253 2128 2277 charae.

1188 2297 1236 2328 86)
1257 2299 1320 2322 Seu.
1341 2297 1476 2321 Pei-umus
1495 2311 1529 2315 —-
1548 2306 1607 2329 ego.
1634 2303 1690 2327 (vs.
1706 2300 1897 2329 765—781.)J
1923 2302 1963 2325 sie
1987 2303 2036 2326 Ed.
2060 2305 2150 2330 maz:

1226 2333 1273 2356 Ed.
1295 2332 1385 2355 155&

1259 2370 1324 2390 seu.
1343 2365 1483 2393 Petimus,
1509 2372 1523 2389 o
1545 2366 1609 2390 filia.
1647 2368 1709 2392 Cre.
1732 2368 1805 2398 Vae,
1828 2375 1893 2397 vae,
1916 2375 1981 2400 vae,
2003 2377 2062 2396 vae.

1260 2399 1443 2423 Peuetrabilis
1463 2401 1602 2428 percussit
1621 2401 1699 2425 dolor
1718 2409 1760 2425 me

1259 2434 1395 2457 Intestina
1413 2434 1481 2457 haec
1503 2434 1583 2458 intra.

1261 2470 1323 2492 Seu.
1343 2468 1467 2491 Nondum
1485 2468 1667 2497 ingemiscas,
1681 2482 1715 2487 —-

1262 2503 1325 2526 Cre.
1345 2502 1450 2525 Verum
1469 2502 1570 2525 adsunt
1590 2504 1687 2529 luctus.

1262 2538 1326 2560 Sen.
1344 2537 1499 2565 Antequam
1518 2537 1671 2565 discamus,
1688 2551 1723 2555 —

1263 2571 1326 2594 Cre.
1347 2570 1475 2594 Nuntium
1495 2572 1565 2600 quod
1586 2570 1670 2596 mini?

1263 2607 1328 2629 Sen.
1346 2606 1390 2628 Au
1408 2605 1475 2628 haec
1493 2605 1598 2629 faciens
1616 2607 1740 2631 dominus
1759 2609 1923 2632 calamitatis

1263 2638 1406 2668 Pan-ticeps
1425 2636 1489 2662 est?
1515 2642 1563 2662 aut
1582 2641 1644 2665 sola
1662 2644 1691 2665 tu
1710 2642 1804 2665 infelix
1825 2640 1876 2666 es?

1265 2673 1350 2697 chor.
1370 2673 1415 2696 llli
1436 2673 1558 2703 quidem,
1588 2681 1602 2699 o
1623 2682 1725 2704 senex,
1750 2677 1834 2700 filiuni
1852 2677 1952 2705 Apollo

1699 2710 1747 2743 65
