2373 2980
222 111 294 147 419

223 198 295 233 720
310 199 504 239 .-.·='ecedito‚
532 211 574 232 ne
593 199 847 243 impingamus3
875 200 1058 236 imbecillis
1083 209 1134 236 est
1154 215 1215 248 pa-

635 256 688 282 ter
715 257 805 283 tuus.

225 298 300 333 845
327 299 434 332 Serva
451 298 536 332 mihi
556 300 699 333 tabellas
713 301 861 333 sortium
878 301 1034 346 virginea
1051 316 1158 338 manu
1170 331 1179 345 ‚

276 350 373 394 Quas
388 350 504 394 accepi
521 362 665 384 servans
683 351 828 394 auguria
847 353 965 386 avium
977 380 986 393 ,

275 399 314 432 ln
333 400 440 433 sacris
456 400 615 439 sedibus,
643 401 703 434 ubi
721 402 907 436 vaticinor.

275 450 307 482 Ο
326 451 372 483 fili
392 451 593 491 Menoecei,
620 458 701 484 nate
721 452 903 493 Creontis,
931 454 986 488 dic
1005 453 1111 495 mihi,

275 501 392 545 Quam
410 502 513 545 longa
532 509 582 536 est
598 503 731 548 reliqna
751 503 847 537 urbis
864 504 920 536 via

223 550 298 585 850
325 552 380 584 Ad
397 558 497 586 tuum
516 553 678 598 patrem?
705 554 787 599 quia
803 566 894 598 genu
910 567 1028 589 meum
1046 557 1214 601 defatiga-

646 610 719 637 tum
739 611 806 638 est:

273 652 341 685 Vix
358 653 522 687 incedens
534 681 543 693 ,
571 655 716 698 longum
734 655 799 688 iter
818 655 977 690 conficio.

276 705 348 738 Cre.
378 704 541 742 Confide3
576 717 687 749 prope
703 706 796 738 enim
814 706 915 746 ades,
944 720 963 740 o
981 707 1140 749 Tiresia,
1169 710 1214 742 ad

638 756 770 789 amicos
792 763 882 790 tuos.

271 804 419 848 Applica
437 807 561 850 pedem
580 812 699 846 tuum,
727 813 846 840 teneas
863 819 962 847 eum,
989 807 1060 848 fili,

273 881 295 894 ‚,
307 855 398 900 Quia
420 856 534 889 omnis
552 869 673 891 currus
689 864 722 890 et
740 870 799 902 pes
814 858 906 891 senis
922 865 1017 891 {unat

222 904 296 940 855
325 906 501 946 „Alienae
520 919 644 941 manus
661 909 923 942 allevationem.

274 959 347 990 Tir.
375 957 410 989 Si
428 957 474 989 ita
487 984 495 995 ,
524 959 708 996 adsumus3
737 959 823 1003 quid
839 971 945 992 vocas
964 971 1019 991 me
1035 965 1107 992 tam
1125 960 1212 993 cele-

636 1008 742 1047 riter,
771 1008 912 1042 Creon?

273 1059 346 1091 Cre.
374 1056 543 1091 Nondum
564 1058 664 1091 obliti
678 1071 816 1097 sum-us;
843 1059 904 1092 sed
921 1057 1045 1102 collige
1061 1060 1191 1103 robur,

270 1106 316 1140 Et
351 1108 514 1152 spiritum
549 1109 672 1152 collige
689 1135 698 1149 ‚
752 1110 892 1142 eiiciens
934 1107 1196 1146 anhelationem

632 1172 739 1205 quam
765 1160 972 1194 contraxisti
994 1160 1030 1193 in
1056 1161 1125 1195 via.

275 1210 347 1241 Tir.
375 1208 508 1252 Magno
527 1209 648 1243 labore
665 1212 789 1244 adsum
808 1212 851 1244 ab
866 1209 1162 1253 Atheniensibus,

219 1258 294 1293 860
322 1258 398 1292 Huc
414 1261 578 1294 reductus
594 1262 770 1305 superiori
786 1262 854 1296 die.

268 1309 360 1342 Nam
380 1316 413 1343 et
429 1311 478 1343 ibi
495 1317 569 1344 erat
585 1311 717 1345 bellum
736 1319 858 1346 contra
875 1311 1092 1357 Eumolpum
1104 1341 1113 1355 ‚

266 1359 374 1394 Cuius
391 1361 564 1404 gloriosos
579 1363 731 1397 victores
750 1376 814 1408 ego
829 1361 1063 1398 Athenienses
1081 1365 1168 1405 feci,

268 1410 316 1443 Et
331 1409 423 1444 hanc
442 1425 586 1446 auream
605 1426 789 1455 coronam,
817 1427 924 1460 quarn
943 1415 1053 1455 vides,
1081 1414 1210 1457 habeo,

266 1462 451 1506 Accipiens
468 1464 643 1507 primitias
659 1465 857 1509 spoliorum
875 1463 1070 1499 hostilium.

217 1510 292 1545 865
320 1515 394 1548 Cre.
413 1513 512 1547 Duco
528 1527 600 1548 esse
613 1516 747 1549 bonum
763 1517 902 1560 signum
914 1516 1094 1549 victricem
1110 1522 1208 1550 tuam

629 1578 811 1600 coronam.

265 1612 307 1646 In
322 1626 450 1657 magna
470 1615 623 1658 procella
641 1617 747 1660 positi
764 1629 904 1656 sumus,
930 1616 1019 1649 sicut
1037 1615 1122 1656 scis,

265 1663 355 1697 Belli
367 1664 550 1710 Danaiffl),
568 1672 601 1698 et
619 1680 788 1711 magnum
807 1673 987 1700 certamen
1004 1673 1054 1700 est
1063 1665 1208 1702 Thebis.

266 1714 343 1748 Rex
359 1715 502 1760 quidem
524 1717 610 1750 abiit
631 1725 776 1752 ornatus
795 1717 904 1751 armis

264 1764 338 1799 Iam
355 1767 398 1799 ad
415 1779 571 1811 pugnam
588 1768 748 1803 Eteocles
762 1769 950 1813 Argivam:

215 1816 290 1851 870
315 1816 360 1849 Et
376 1815 464 1850 mihi
482 1819 686 1859 mandavit,
712 1827 751 1853 ut
767 1821 909 1854 audiam
928 1831 969 1852 ex
985 1824 1017 1851 te
1029 1844 1038 1858 ,

266 1867 361 1912 Quid
378 1869 561 1909 facientes,
588 1871 740 1904 maxime
757 1883 936 1905 servemus
956 1869 1094 1903 urbem.

269 1921 342 1952 Tir.
370 1919 523 1964 Propter
539 1920 719 1955 Eteoclem
738 1934 840 1961 sane,
869 1921 1035 1954 claudens
1055 1931 1093 1953 os
1107 1945 1116 1959 ,

264 1968 463 2003 Reticerem
483 1973 643 2009 oracula;
679 1973 742 2006 tibi
764 1985 869 2013 vero,
898 1972 1042 2018 quando
1062 1970 1205 2015 quidem

624 2023 677 2056 vis
693 2023 815 2056 audire
826 2049 834 2063 ‚

264 2071 403 2106 Dicam.
439 2072 596 2106 Laborat
612 2071 699 2106 haec
717 2080 809 2106 terra
829 2074 899 2105 iam
920 2072 1018 2111 olim,
1045 2071 1205 2109 oCreon,

214 2121 288 2156 875
316 2123 511 2168 Postquam
530 2123 638 2157 Laius
654 2125 805 2168 suscepit
819 2124 949 2157 liberos
973 2122 1093 2156 invitis
1109 2121 1205 2161 Diis,

264 2174 308 2207 Et
326 2175 445 2218 genuit
463 2175 631 2208 maritum
652 2176 756 2208 matri
774 2175 940 2208 miserum
958 2173 1137 2217 Oedipum
1150 2198 1159 2212 ‚

264 2224 317 2257 Ex
336 2238 406 2270 quo
423 2232 589 2259 cruentae
607 2227 839 2260 lacerationes
856 2225 1040 2259 oculorum

263 2275 442 2310 Divinitus
459 2278 675 2316 acciderunt,
692 2284 723 2310 et
743 2277 941 2321 exemplum
961 2282 1011 2309 est
1020 2273 1202 2308 Graeciae.

264 2326 366 2371 Quae
384 2329 559 2361 occultare
577 2328 639 2360 filii
658 2328 789 2372 Oedipi
804 2330 912 2372 longo
929 2334 1090 2370 tempore

212 2377 286 2411 880
313 2377 499 2418 volentes,
527 2386 698 2424 tanquam
716 2380 895 2424 effugituri
912 2378 1026 2411 Deum
1038 2403 1048 2416 ‚

260 2428 483 2462 Erraverunt
498 2431 617 2467 stulte3
645 2442 760 2476 neque
782 2431 876 2463 enim
895 2428 1070 2463 honorem
1089 2425 1202 2470 patri,

258 2479 382 2524 Neque
399 2480 527 2513 exitum
544 2482 665 2514 dantes
685 2482 907 2525 egrediendi,
934 2479 1116 2513 hominem
1137 2476 1201 2508 mi-

625 2544 740 2564 serunt

1203 1141 1212 1155 ²

243 2668 291 2695 62)
310 2668 397 2691 Danai
423 2667 454 2695 (ἰ.
475 2674 498 2697 q.
520 2667 655 2694 Graeco]
685 2667 724 2690 sic
750 2667 832 2690 Editt.
857 2668 951 2696 1558.,
977 2666 1068 2695 1562.;
1105 2666 1198 2695 Bam,

278 2703 383 2732 Musgr.
402 2703 568 2725 Graecorum
589 2701 694 2731 (Eurip.
715 2699 885 2731 Δαναϊδῶν).

800 115 921 149 PHlL.
957 115 1067 150 MEL.
1105 115 1306 151 SCRIPTA
1339 116 1675 152 PHILOLOGICA.

2178 123 2254 160 424

1317 201 1568 236 Irritaverunt:
1598 202 1708 236 edidit
1722 202 1758 234 in
1775 214 1834 236 eos
1850 203 2122 248 imprecationes

1317 253 1423 287 Diras
1435 280 1443 294 ,
1468 254 1655 297 languens,
1680 259 1714 286 et
1732 260 1913 297 praeterea
1931 255 2059 289 iniuria
2078 257 2234 291 affectus.

1268 302 1343 338 885
1371 304 1523 348 Propter
1542 316 1632 349 quae
1648 304 1734 348 quid
1757 316 1830 336 non
1853 305 2002 347 faciens,
2036 308 2165 353 quidve
2183 320 2257 341 non

1682 355 1819 394 dicens,

1318 404 1409 437 Veni
1426 404 1463 437 in
1481 403 1602 437 odium
1619 404 1772 438 filiorum
1790 404 1944 449 Oedipi?

1318 454 1436 499 Prope
1467 456 1565 488 adest
1597 467 1693 489 mors
1720 456 1879 500 ipsorum
1914 456 2077 491 manibus
2108 465 2257 493 ventura

1677 506 1781 550 ipsis,
1810 519 1830 540 o
1852 506 1986 547 Creon,

1318 554 1363 587 Et
1382 555 1483 588 multi
1502 555 1713 603 mortui⁶²³)
1733 559 1829 601 apud
1844 564 2006 591 mortuos
2024 559 2207 600 cadentes,

1318 606 1449 649 Argiva
1469 612 1503 639 et
1521 604 1692 639 Thebana
1713 608 1898 642 miscentes
1915 609 1996 642 tela.

1268 657 1342 692 890
1369 657 1546 690 Acerbum
1563 657 1695 690 facient
1709 659 1842 692 luctum
1859 665 1974 692 terrae
1991 656 2196 696 Thebanae.

1318 708 1375 741 Tu
1394 719 1478 740 vero
1490 734 1499 747 ,
1527 719 1547 740 o
1566 708 1693 741 misera
1710 710 1813 749 urbs,
1838 710 1943 743 simul
1960 710 2146 751 everteris,

1317 758 1393 793 Nisi
1411 758 1634 792 sermonibus
1649 759 1737 793 meis
1757 760 1886 805 aliquis
1902 761 2174 804 obtemperabit.

1317 808 1405 842 Illud
1424 808 1567 854 quidem
1583 809 1740 852 primum
1760 817 1855 849 erat,
1883 823 1923 844 ex
1942 810 2023 844 filiis
2038 810 2169 855 Oedipi

1317 860 1505 893 Neminem
1525 859 1636 892 civem
1653 866 1688 892 et
1704 872 1822 904 regem
1837 867 1953 894 terrae
1970 873 2058 895 esse:

1266 909 1341 945 895
1366 911 1508 955 Quippe
1537 910 1742 945 infortuniis
1774 912 1936 946 obnoxiis
1969 912 2127 946 eversuri
2157 918 2259 945 erant

1680 962 1817 996 urbem.

1318 1011 1544 1055 „Postquam
1564 1018 1681 1045 autem
1701 1013 1834 1046 malum
1855 1013 2036 1056 potentius
2051 1012 2118 1047 suit
2140 1013 2258 1054 bono,

1315 1061 1395 1093 Una
1414 1069 1521 1095 restat
1538 1062 1605 1095 alia
1623 1062 1715 1096 ratio
1732 1064 1873 1101 salutis;

1317 1111 1385 1144 Sed
1400 1124 1475 1145 non
1492 1119 1543 1146 est
1560 1110 1648 1145 mihi
1665 1119 1781 1146 tutum
1800 1126 1877 1147 eam
1895 1114 2023 1147 dicere.

1317 1162 1522 1201 „Acerbum
1543 1169 1593 1196 est
1610 1160 1702 1196 hanc
1720 1164 1901 1197 fortunam
1917 1162 2129 1198 habentibus
2140 1190 2149 1205 ‚

1266 1212 1341 1247 900
1369 1239 1390 1253 ‚‚
1400 1213 1491 1246 Urbi
1509 1211 1673 1246 exhibere
1690 1211 1923 1257 pharmacum
1943 1214 2076 1248 salutis.

1315 1263 1415 1296 Abeo
1427 1290 1435 1304 ,
1463 1264 1596 1301 valete3
1625 1263 1720 1297 solus
1737 1265 1830 1297 enim
1850 1277 1929 1298 cum
1946 1265 2086 1304 multis,

1315 1314 1421 1359 Quod
1444 1315 1604 1348 futurum
1628 1321 1698 1354 est,
1733 1321 1772 1348 ut
1794 1321 1953 1360 oportet,
1993 1315 2130 1360 patiar3
2172 1313 2259 1360 quid

1675 1365 1769 1398 enim
1786 1365 1928 1410 patiar?

1318 1417 1389 1449 Cre.
1408 1415 1565 1460 Expecta
1580 1413 1637 1448 hic
1651 1427 1768 1449 senex.
1807 1419 1881 1450 Tir.
1899 1416 1952 1450 Ne
1970 1428 2027 1448 me
2043 1413 2256 1460 prehendas.

1317 1467 1390 1500 Cre.
1407 1466 1532 1500 Mane:
1562 1467 1648 1512 quid
1665 1465 1781 1509 fugis?
1837 1469 1909 1501 Tir.
1925 1466 2085 1499 Fortuna
2103 1472 2136 1499 te
2155 1465 2256 1510 fugit,

1677 1528 1752 1549 non
1772 1529 1849 1560 ego.

1264 1565 1338 1600 905
1367 1570 1440 1602 Cre.
1468 1566 1586 1600 Dicito
1606 1567 1756 1600 salutem
1774 1567 1909 1600 civibus
1929 1572 1963 1599 et
1979 1566 2073 1600 urbi.

1317 1620 1391 1651 Tir.
1418 1617 1475 1650 Tu
1493 1617 1545 1650 vis
1562 1617 1724 1661 quidem;
1752 1618 1812 1650 sed
1829 1617 1898 1650 cito
1917 1628 1990 1650 non
2005 1617 2114 1650 voles.

1315 1671 1388 1703 Cre.
1426 1666 1645 1712 Quomodo?
1681 1678 1804 1699 annon
1837 1668 1919 1700 volo
1949 1679 2090 1701 servare
2122 1671 2255 1699 terram

1677 1717 1858 1761 patriam?

1316 1772 1390 1805 Tir.
1414 1768 1476 1802 Vis
1492 1767 1600 1812 igitur
1618 1768 1742 1801 audire
1753 1795 1762 1809 ‚
1790 1775 1824 1801 et
1841 1781 1875 1802 es
1890 1768 2085 1802 sollicitus?

1313 1823 1386 1856 Cre.
1419 1819 1476 1853 Ad
1504 1820 1601 1865 quod
1626 1819 1720 1852 enim
1746 1819 1842 1852 aliud
1867 1832 1956 1863 opus
1982 1825 2033 1853 est
2055 1832 2112 1853 me
2133 1829 2254 1863 prom-

1672 1876 1772 1914 ptum
1800 1870 1898 1904 esse?

1261 1922 1336 1957 910
1369 1924 1443 1956 Tir.
1471 1921 1602 1954 Audies
1619 1920 1727 1964 igitur
1742 1920 1811 1953 iam
1830 1933 1907 1953 mea
1928 1919 2089 1958 oracula;

1311 1973 1379 2006 Sed
1398 1972 1497 2016 prius
1514 1969 1582 2004 hoc
1597 1977 1692 2002 certo
1710 1982 1922 2013 cognoscere
1937 1971 2019 2003 volo
2031 1996 2040 2011 ‚

1309 2022 1467 2056 Ubinam
1483 2021 1528 2055 sit
1544 2020 1776 2060 Menoeceus,
1804 2020 1865 2065 qui
1884 2033 1940 2053 me
1956 2018 2026 2053 huc
2043 2017 2213 2052 adduxit?

1311 2076 1384 2108 Cre.
1412 2072 1495 2106 Non
1512 2071 1637 2115 procul
1656 2071 1771 2110 abest,
1798 2083 1910 2115 prope
1927 2077 1960 2103 te
1977 2070 2104 2103 adstat.

1310 2127 1385 2159 Tir.
1412 2123 1525 2156 Abeat
1543 2134 1636 2155 nunc
1654 2122 1779 2166 procul
1795 2133 1815 2154 a
1832 2122 1918 2155 meis
1935 2120 2097 2154 oraculis.

1259 2174 1333 2208 915
1362 2177 1435 2210 Cre.
1452 2173 1564 2207 Filius
1574 2186 1615 2206 ex
1628 2185 1682 2206 ine
1692 2179 1795 2206 natus
1806 2172 1945 2212 tacebit,
1960 2183 2050 2217 quae
2060 2169 2250 2215 oportebit.

1311 2228 1383 2260 Tir.
1410 2224 1471 2258 Vis
1483 2251 1491 2264 ‚
1519 2231 1558 2257 ut
1576 2236 1617 2257 eo
1636 2229 1820 2267 praesente
1839 2222 1901 2255 tibi
1919 2220 1986 2255 hoc
2003 2222 2118 2255 dicam
2130 2220 2147 2254 ἐ’

1311 2279 1384 2311 Cre.
1411 2276 1570 2309 Audiens
1589 2275 1807 2318 voluptatem
1833 2274 1949 2318 capiet
1972 2285 2013 2306 ex
2034 2285 2072 2306 re
2099 2279 2170 2305 tam
2195 2282 2249 2305 sa-

1666 2325 1785 2358 lutari.

1311 2380 1383 2412 Tir.
1411 2376 1504 2410 Audi
1522 2377 1629 2420 igitur
1647 2376 1873 2409 oraculorum
1891 2387 2051 2408 meorum
2070 2374 2184 2414 viam,

1307 2429 1407 2473 Quae
1423 2428 1590 2461 facientes
1607 2427 1751 2460 servetis
1769 2426 2006 2460 Cadmeorum
2025 2426 2162 2458 urbem.

1255 2481 1330 2516 920
1357 2479 1507 2512 Mactari
1525 2479 1713 2511 Menoecea
1733 2475 1827 2511 hunc
1844 2483 1986 2521 oportet
2001 2488 2067 2521 pro
2085 2475 2200 2521 patria
2213 2501 2222 2515 ,

1303 2530 1434 2563 Filium
1462 2536 1581 2567 tuum;
1617 2535 1805 2573 postquam
1836 2527 1927 2562 hanc
1957 2529 2139 2561 fortunam
2170 2527 2244 2570 ipse

1669 2592 1826 2614 accersis.

1286 2663 1356 2694 62³)
1376 2663 1451 2686 multi
1470 2662 1584 2690 mortui]
1609 2661 1649 2684 sic
1677 2650 1763 2685 Ec'iztt.
1789 2663 1912 2691 recent.;
1945 2661 2028 2688 Editt.
2050 2659 2141 2689 1558„
2167 2657 2242 2683 1562.

1322 2699 1407 2721 multa
1428 2697 1572 2721 cadavera.
