2373 2980
229 143 274 179 91

226 229 333 263 tentia
363 228 561 273 praeditos,
594 233 842 270 sumptuosos,
876 224 1084 264 muliebres,
1119 235 1216 256 ama-

228 281 357 317 torios,
391 280 540 315 salaces,
576 290 707 322 pronos
732 277 776 309 ad
798 275 1004 316 libidinem,
1038 272 1217 314 moechos,

227 338 392 364 ornatum
410 335 644 366 ostentantes,
672 327 818 367 molles,
846 327 1014 371 ignavos,
1041 325 1217 370 profusio-

225 394 310 415 nmn
335 387 510 419 amantes,
544 379 838 417 subsannatores,
865 378 1001 417 fatuos,
1028 375 1216 410 vehemen-

227 439 288 472 tes,
316 437 494 475 comptos,
523 429 710 462 muliebria
731 428 877 462 consilia
895 428 1130 467 instituentes,
1158 439 1215 460 su-

225 482 464 527 perstitiosos,
517 480 682 520 lenones,
731 481 959 514 observantes
1003 488 1213 511 arcanarum

224 532 530 566 caeremoniarum
543 558 552 571 ‚
579 531 698 564 fideles
710 558 719 571 ,
747 537 779 564 et
796 542 869 563 non
887 529 1038 562 nocendi
1055 528 1214 572 cupidos,

224 583 385 622 festivos,
412 582 549 621 faciles,
576 579 726 621 hilares,
755 588 788 614 et
807 581 849 613 ad
870 579 1029 624 praemia
1057 578 1214 611 cumula-

224 635 292 668 tius
309 635 425 667 danda
450 633 623 666 liberales.

502 718 631 759 Iupiter
656 726 729 749 cum
755 715 941 748 Mercurio.

326 782 565 817 familiaritas
582 780 672 813 lovis
691 791 769 812 cum
788 777 968 810 Mercurio
987 776 1024 809 in
1040 775 1125 808 locis
1141 775 1215 807 lau·

223 837 333 875 datis,
369 833 451 866 facit
471 838 630 865 amantes
652 830 872 868 litterarum,
899 828 1091 866 facundos,
1119 825 1216 859 dedi—

225 894 278 920 tos
301 883 536 930 geometriae,
569 879 782 924 disciplinis,
826 878 1006 923 poeticae,
1048 877 1216 922 eloquen-

224 938 313 976 tiae,
348 934 569 979 ingeniosos,
604 932 803 969 modestos,
837 927 1033 969 humanos,
1066 925 1214 961 honesta

225 987 370 1021 consilia
396 989 624 1031 quaerentes,
653 981 837 1026 politicos,
866 981 1061 1019 beneficos,
1098 979 1214 1011 aliena

224 1038 365 1082 negotia
389 1034 693 1072 administrantes,
720 1043 856 1070 comes,
883 1031 1065 1070 liberales,
1093 1040 1216 1061 aman-

225 1097 275 1123 tes
300 1094 483 1125 coetuum,
519 1083 642 1117 callide
667 1083 896 1116 observantes
920 1082 1026 1121 alios,
1061 1091 1135 1112 non
1154 1077 1216 1111 ha-

223 1142 344 1172 bentes
383 1137 501 1169 irritos
535 1135 687 1179 'unpetus
706 1160 714 1173 ,
765 1133 914 1166 idoneos
954 1129 1217 1176 gubernationi,

224 1191 322 1236 pios,
351 1188 527 1222 studiosos
551 1198 669 1218 rerum
687 1183 913 1222 divinarum,
940 1181 1127 1227 pecuniam
1153 1181 1216 1212 bo-
1242 1187 1244 1192 ⁸

826 140 947 175 PHIL.
976 139 1087 174 MEL.
1115 137 1316 174 SCRIPTA
1343 137 1678 173 PHILOLOGICA.

1242 1170 1244 1182 l

1241 1203 1246 1226 l

224 1242 279 1275 nis
296 1240 428 1272 artibus
451 1242 638 1281 augentes,
673 1246 756 1278 erga
781 1240 951 1277 cognatos
975 1231 1129 1265 naturali
1158 1231 1217 1263 be·
1242 1239 1244 1263 ;

226 1290 428 1325 nevolentia
450 1288 651 1333 praeditos,
680 1292 839 1318 amantes
867 1296 1035 1323 suorum,
1070 1282 1218 1315 idoneos

225 1341 450 1386 disciplinae,
491 1334 745 1384 philosophos,
782 1335 991 1380 dignitatem
1019 1333 1142 1378 magni
1168 1333 1218 1365 fa-

227 1394 367 1427 cientes.

326 1444 373 1476 At
390 1442 426 1474 in
448 1440 534 1474 locis
561 1437 768 1477 contrariis,
799 1436 966 1476 stolidos,
998 1433 1219 1468 hallucinan—

228 1502 297 1534 tes,
327 1495 553 1529 aberrantes,
580 1491 782 1533 despectos,
819 1487 1008 1526 attonitos,
1036 1485 1219 1524 fanaticos,

228 1551 436 1588 nugatores,
478 1541 625 1580 lividos,
669 1544 876 1582 arrogantes
905 1538 971 1571 sibi
996 1536 1219 1581 sapientiam,

229 1596 559 1638 incircumspectos‚
601 1590 854 1629 iactabundos,
895 1588 1025 1621 artium
1055 1587 1218 1621 exercitia

229 1653 405 1680 tentantes
423 1672 432 1684 ,
482 1654 630 1685 magos,
675 1640 919 1684 trepidantes,
963 1645 1220 1677 consternatos,

231 1698 340 1731 multa
369 1695 609 1741 inquirentes,
644 1703 839 1731 memores,
875 1690 1046 1723 doctrinis
1071 1689 1221 1728 deditos,

231 1749 268 1781 in
285 1746 526 1792 voluptatibus
545 1743 754 1777 munditiem
777 1748 948 1775 amantes.

672 1829 787 1862 Mars.

335 1900 432 1933 Mars
448 1911 526 1932 cum
552 1897 645 1931 solus
667 1896 873 1928 dominatur
897 1895 1054 1928 moribus
1077 1895 1113 1926 in
1139 1894 1223 1927 locis

234 1952 404 1991 laudatis,
436 1949 517 1982 facit
544 1960 754 1992 generosos,
787 1945 1037 1990 gubernationi
1064 1945 1223 1985 idoneos,

234 2004 443 2040 iracundos,
491 1999 632 2032 divitias
667 2003 891 2042 appetentes,
940 2003 1124 2036 vorantes,
1166 2008 1223 2028 ro-

233 2057 355 2089 bustos
368 2080 377 2093 ,
405 2050 570 2096 periculis
585 2061 619 2083 se
637 2049 853 2086 obiicientes,
882 2047 1037 2091 pericula
1055 2059 1222 2091 spernen-

235 2114 297 2146 tes,
324 2116 397 2137 non
414 2102 588 2148 patientes
604 2099 794 2138 servitutis,
820 2098 1034 2141 negligentes
1053 2098 1117 2135 sui,
1146 2109 1224 2141 per-

235 2158 390 2195 vicaces,
438 2150 681 2189 vehementes,
728 2161 909 2189 morosos,
949 2155 1224 2192 contemptores,

235 2206 460 2253 tyrannicos,
491 2215 598 2236 manu
624 2208 829 2246 promptos,
865 2200 1075 2239 iracundos,
1099 2200 1225 2243 guber-

236 2265 390 2291 natores.

337 2310 384 2341 At
409 2307 445 2339 in
473 2307 558 2339 locis
583 2302 792 2343 contrariis,
840 2302 1018 2340 crudeles,

236 2358 417 2402 sanguinis
442 2358 583 2395 avidos,
611 2354 852 2392 turbulentos,
878 2358 1125 2396 sumptuosos,
1158 2351 1226 2383 cla-

238 2417 392 2444 statores
427 2419 668 2452 percussores,
704 2404 930 2449 praecipites,
959 2402 1136 2441 ebriosos,
1172 2414 1226 2434 ra-

239 2469 377 2507 ptores,
412 2459 651 2495 facinorosos,
693 2456 929 2495 truculentos,
973 2460 1069 2487 mota
1097 2460 1227 2493 mente,

238 2513 409 2550 furiosos,
438 2510 509 2544 suis
529 2508 709 2545 inimicos,
736 2506 876 2551 impios.

549 2594 651 2627 Mars
676 2603 747 2624 cum
779 2593 914 2624 Venere.

340 2660 580 2695 Familiaritas
600 2672 677 2692 cum
693 2658 830 2690 Venere
850 2657 885 2688 in
903 2656 1055 2690 laudatis
1073 2655 1158 2688 locis
1181 2655 1230 2686 fa-

1066 2299 1226 2341 iniustos,
1250 2300 1253 2308 '

1255 2696 1258 2705 ι

240 2715 287 2748 cit
308 2712 458 2752 hilares,
490 2712 627 2750 faciles,
662 2709 907 2744 sodalitiorum
933 2714 1110 2747 amantes,
1146 2705 1231 2738 deli·
1256 2720 1257 2725 ¹

2206 137 2256 173 92

1271 223 1331 257 ciis
1349 223 1524 263 fruentes,
1550 223 1680 261 laetos,
1707 220 1863 260 iocosos,
1890 220 2064 261 incautos,
2091 220 2257 262 musicos,

1268 274 1474 313 saltatores,
1516 272 1729 311 amatorios,
1771 277 1930 305 amantes
1951 271 2168 312 liberorum,
2203 270 2256 305 hi-

1268 325 1438 364 striones,
1465 325 1621 357 fruentes
1637 322 1898 366 voluptatibus,
1924 322 2091 357 facientes
2108 334 2258 367 magnos

1268 381 1480 419 apparatus,
1513 374 1662 410 salaces;
1696 384 1830 416 pronos
1853 372 1995 418 quidem
2021 375 2065 407 ad
2081 373 2258 414 libidines,

1267 426 1326 458 sed
1353 431 1471 457 tamen
1498 435 1707 469 prosperos,
1745 430 1780 456 et
1799 423 1866 457 sibi
1893 429 2074 465 caventes,
2108 424 2258 458 circum-

1266 481 1424 519 spectos,
1470 487 1544 508 non
1570 474 1849 515 committentes,
1884 480 1922 507 ut
1945 473 2258 518 deprehendantur

1268 538 1307 558 ac
1330 531 1519 565 notentur,
1559 526 1764 569 adpetentes
1794 525 1962 558 iuvenilia
1992 537 2144 570 corpora
2173 526 2259 559 ado-

1267 577 1458 609 lescentum
1481 583 1514 609 et
1537 577 1755 621 puellarum,
1781 582 2029 620 sumptuosos,
2057 576 2259 617 iracundos,

1268 626 1460 671 zelotypos.

1370 685 1416 718 At
1441 686 1477 718 in
1503 685 1589 719 locis
1615 685 1792 726 distortis,
1826 686 2157 730 circumspectantes
2180 685 2260 719 libi-

1268 736 1411 776 dinose,
1439 736 1581 776 molles,
1605 737 1765 769 furenter
1781 742 1922 770 ruentes
1939 736 1975 768 in
1989 736 2172 776 libidines,
2199 748 2259 769 ne-

1268 786 1437 830 gligentes
1460 787 1532 827 sni,
1563 787 1775 826 maledicos,
1810 784 1995 827 moechos,
2027 786 2260 820 contumelio-

1267 850 1344 877 sos,
1372 839 1577 878 mendaces,
1609 838 1875 877 fraudulentos,
1902 844 2024 881 stupra
2042 837 2113 872 suis
2127 843 2163 870 et
2177 837 2262 871 alie-

1268 888 1322 922 nis
1340 889 1546 928 offerentes,
1574 901 1708 932 pronos
1728 894 1760 921 et
1777 886 2001 922 vehementes
2027 889 2069 921 ad
2097 889 2261 932 volupta-

1268 945 1338 979 tes,
1365 945 1593 983 corruptores
1616 939 1806 972 mulierum
1832 946 1865 972 et
1889 939 2065 982 virginum
2080 965 2089 978 ‚
2127 945 2261 972 temere

1268 1002 1303 1023 se
1324 990 1362 1022 in
1388 990 1543 1034 pericula
1568 990 1814 1030 coniicientes,
1849 990 2057 1033 flagrantes,
2084 989 2261 1023 indecoris

1269 1041 1421 1084 gestibus
1439 1042 1661 1081 monstrosis,
1689 1041 1932 1081 insidiatores,
1959 1041 2133 1085 periuros,
2159 1039 2261 1073 facile

1269 1091 1523 1135 impingentes,
1551 1092 1694 1131 stultos,
1722 1098 1880 1125 amantes
1909 1098 2075 1131 ornatus,
2115 1091 2262 1131 seroces,

1270 1142 1386 1185 turpia
1406 1142 1619 1186 paciscentes
1639 1148 1672 1175 et
1696 1142 1905 1186 impudicos.

1561 1244 1665 1277 Mars
1685 1254 1760 1276 cum
1786 1244 1973 1277 Mercurio.

1373 1308 1612 1342 Familiaritas
1628 1321 1707 1342 cum
1725 1308 1904 1342 Mercurio
1929 1309 1966 1341 in
1990 1307 2142 1342 laudatis
2166 1308 2265 1349 locis,

1270 1361 1355 1395 facit
1371 1360 1516 1393 callidos
1542 1360 1577 1392 in
1604 1359 1844 1403 excogitandis
1861 1359 2142 1403 stratagematis‚
2170 1358 2265 1392 timi-

1271 1415 1354 1452 dos,
1381 1411 1575 1451 violentos,
1603 1410 1856 1449 inconstantes,
1884 1410 2156 1453 praemetientes
2171 1409 2265 1453 peri-

1273 1464 1370 1502 cula,
1399 1467 1579 1502 versutos,
1607 1473 1761 1505 gnavos‚
1788 1458 2018 1504 sophisticos,
2054 1459 2266 1500 laboriosos,

1274 1516 1462 1560 loquaces,
1492 1513 1693 1552 invasores,
1729 1512 1892 1550 dolosos,
1927 1511 2096 1550 mobiles,
2131 1511 2266 1554 captio-

1273 1578 1350 1603 sos,
1379 1564 1480 1596 malis
1499 1563 1655 1596 artificiis
1671 1561 1986 1595 circumvenientes
2002 1562 2111 1601 alios,
2145 1561 2266 1594 celeri-

1273 1623 1327 1649 ter
1344 1614 1564 1647 invenientes
1581 1613 1748 1653 consilia,
1777 1614 1999 1656 deceptores,
2029 1612 2266 1652 simulatores,

1274 1666 1518 1704 insidiatores,
1546 1664 1760 1704 malitiosos,
1787 1663 1963 1703 curiosos,
1998 1663 2158 1703 sedulos,
2192 1673 2267 1695 non

1273 1716 1444 1751 habentes
1471 1716 1591 1748 irritos
1624 1715 1793 1759 impetus,
1835 1714 1934 1747 facile
1967 1713 2135 1747 similium
2160 1714 2266 1746 bene-

1275 1767 1467 1801 volentiam
1485 1757 1713 1798 conciliantes
1731 1771 1763 1797 et
1785 1771 1933 1803 tuentes,
1963 1764 2114 1797 inimicis
2136 1775 2266 1797 nocen-

1276 1827 1325 1853 tes
1339 1846 1347 1857 ‚
1373 1817 1493 1850 amicis
1511 1816 1780 1849 benefacientes.

1377 1878 1424 1909 At
1448 1877 1483 1908 in
1509 1876 1592 1909 locis
1615 1875 1790 1913 distortis,
1830 1881 2077 1918 sumptuosos,
2125 1886 2266 1914 avaros,

1277 1929 1447 1967 crudeles,
1477 1926 1630 1971 pericula
1650 1933 1781 1958 temere
1799 1926 1980 1965 adeuntes,
2004 1926 2167 1965 audaces,
2189 1937 2267 1957 mu-

1277 1985 1390 2012 tantes
1409 1978 1644 2023 propositum,
1673 1976 1862 2020 perculsos,
1889 1982 2146 2016 consternatos,
2170 1986 2268 2008 men-

1277 2033 1399 2069 daces,
1427 2031 1540 2067 sures,
1568 2027 1717 2071 impios,
1745 2027 1927 2070 periuros,
1956 2028 2150 2067 invasores,
2177 2026 2268 2060 sedi·

1278 2082 1407 2120 tiosos,
1449 2078 1705 2117 incendiarios,
1745 2078 1782 2109 in
1805 2076 1952 2112 theatris
1977 2077 2169 2112 seditiones
2191 2089 2268 2110 mo-

1278 2138 1417 2170 ventes,
1445 2129 1739 2168 contumeliosos,
1765 2128 1941 2168 latrones,
1974 2130 2088 2169 fures,
2118 2126 2268 2161 homici-

1278 2185 1360 2222 das,
1387 2180 1566 2219 falsarios,
1595 2180 1816 2223 proditores,
1851 2179 2158 2224 praestigiatores,
2194 2191 2268 2213 ma-

1278 2246 1361 2277 gos,
1388 2232 1579 2270 veneficos,
1609 2229 1817 2265 homicidas.

1717 2326 1837 2357 Venus.

1385 2392 1501 2425 Venus
1517 2404 1595 2424 cmn
1614 2393 1687 2425 sola
1705 2391 1912 2424 dominatur
1938 2391 1972 2423 in
1997 2391 2082 2424 locis
2106 2389 2273 2430 laudatis,

1279 2444 1363 2477 facit
1376 2444 1543 2482 blandos,
1579 2443 1712 2483 bonos,
1747 2442 1954 2475 deliciarum
1981 2447 2160 2481 amantes,
2194 2441 2272 2473 ido-

1282 2508 1368 2528 neos
1395 2496 1437 2526 ad
1467 2493 1686 2526 concilianda
1715 2494 1829 2527 studia
1855 2492 2062 2533 hominum,
2089 2492 2273 2532 facundos,

1283 2545 1468 2579 munditiei
1493 2551 1526 2577 et
1551 2543 1686 2578 choreis
1711 2545 1867 2585 deditos,
1903 2544 2102 2588 zelotypos,
2128 2541 2273 2582 hilares,

1284 2597 1506 2641 impatientes
1535 2596 1717 2636 laborum,
1751 2596 1881 2629 artium
1905 2608 2068 2639 capaces,
2107 2600 2274 2628 venustos

1283 2649 1320 2680 in
1337 2654 1455 2691 gestu,
1485 2647 1684 2689 religiosos,
1713 2648 1807 2680 bono
1826 2646 1949 2679 babitu
1965 2646 2144 2691 corporis,
2179 2651 2273 2678 certa

1283 2699 1521 2738 somniantes,
1549 2699 1702 2731 naturali
1720 2711 1799 2742 erga
1818 2711 1899 2732 suos
1915 2697 2181 2737 benevolentia,
2214 2697 2274 2729 be-
