2373 2980
236 111 310 146 443

284 197 480 237 Haemoni,
508 203 539 228 et
559 195 762 237 coniugium
781 196 871 228 filiae
893 203 972 229 tuae
989 196 1201 238 Antigones:

283 249 364 282 Non
383 249 489 291 igitur
503 247 615 279 sinam
634 251 666 278 te
684 243 775 278 hanc
792 253 921 278 terram
939 247 1090 290 amplius
1101 248 1226 282 colere.

284 299 385 331 Clare
404 299 496 331 enim
517 297 604 328 dixit
619 296 794 334 Tiresias,
823 308 1006 341 nunquam

238 348 332 383 1585
366 350 417 381 Te
443 350 479 379 in
506 346 570 379 bac
602 351 696 377 terra
728 343 913 379 habitante
942 348 1031 380 bene
1063 355 1224 381 acturam

641 396 778 429 urbem.

282 449 347 481 Sed
368 448 437 481 abi.
491 447 586 480 Haec
603 458 678 479 non
695 447 773 480 dico
791 447 854 480 tibi
872 447 907 480 in
925 449 1176 482 contumeliam
1189 476 1198 488 ,

280 500 404 544 Neque
422 505 593 544 tanquam
618 497 801 538 inimicus,
830 500 891 531 sed
917 506 1064 544 propter
1090 500 1223 533 malum

645 560 786 592 genium
799 575 808 588 ,

281 601 353 645 Qui
378 607 411 633 te
439 600 566 645 agitat,
606 599 752 638 timens,
795 611 838 632 ue
860 606 955 633 terra
979 600 1116 645 aliquid
1139 601 1223 633 mali

638 650 795 694 patiatur
804 677 813 690 ,

282 705 361 738 Oed.
388 702 421 735 Ο
439 702 548 734 fatum
563 727 572 741 ,
600 713 707 746 quam
724 713 779 733 me
798 702 841 734 ab
858 701 961 733 initio
980 701 1131 745 genuisti
1158 701 1223 734 mi-

645 764 764 785 serum

231 804 328 840 1590
356 804 402 837 Et
418 803 592 836 infelicem
604 829 613 842 ,
639 803 667 835 si
685 803 762 848 quis
779 803 868 835 alius
886 800 1074 836 hominum
1091 803 1175 836 fuit!

279 857 415 901 Quem,
458 855 666 899 priusquam
702 853 859 886 venirem
890 866 930 886 ex
954 861 1126 898 conceptu
1147 866 1222 886 ma-

640 911 741 936 terno
759 905 795 936 in
812 905 953 944 lumen,

277 958 448 991 Nondum
465 961 588 987 natum
604 955 734 998 Apollo
751 954 840 987 Laio
859 956 1071 988 vaticinatus
1090 963 1160 996 est,

277 1006 504 1040 Homicidam
521 1006 595 1037 fore
612 1005 734 1049 patris.
789 1006 821 1037 O
838 1007 1008 1039 miserum
1025 1006 1097 1038 me!

276 1059 473 1103 Postquam
498 1062 602 1089 natus
625 1068 722 1094 sum,
764 1055 884 1088 statim
913 1062 1034 1100 pater,
1077 1055 1138 1101 qui
1164 1068 1220 1088 me

637 1106 845 1145 seminavit,

230 1158 326 1195 1595
354 1157 507 1192 Inter-fici
530 1169 585 1190 me
609 1163 726 1197 curat,
762 1157 966 1191 existimans
990 1156 1057 1190 sibi
1080 1154 1218 1190 hostem

639 1208 732 1240 fore:

277 1260 494 1307 (Oportebat
514 1259 607 1292 enim
627 1271 707 1291 eum
726 1259 876 1292 interfici
893 1271 909 1291 a
928 1259 1001 1305 me)
1025 1258 1134 1292 mittit
1158 1271 1220 1291 au-

638 1315 710 1342 tem
734 1322 790 1342 nie

274 1361 544 1395 Desiderantem
563 1361 671 1393 ubera
684 1387 692 1400 ‚
721 1361 891 1404 praedam
910 1359 992 1393 feris
1010 1360 1200 1399 infelicem,

273 1413 343 1446 Ubi
361 1418 520 1445 servatus
536 1424 626 1444 sum.
681 1411 828 1444 Utinam
848 1408 1042 1444 Cithaeron

273 1463 437 1496 Venisset
452 1463 487 1494 in
507 1464 704 1506 profundos
722 1460 838 1495 hiatus
856 1462 1000 1501 tartari,

225 1515 323 1549 1600
351 1514 422 1558 Qui
440 1525 495 1545 me
511 1525 584 1546 non
603 1513 774 1556 perdidit;
794 1514 853 1545 sed
872 1519 911 1545 ut
928 1512 1112 1549 servirem,
1129 1508 1218 1543 mihi

271 1565 380 1598 Dedit
395 1565 537 1596 fortuna
551 1590 560 1603 ,
594 1565 686 1607 apud
708 1563 883 1608 Polybum
901 1563 1100 1595 dominum.

271 1616 411 1649 Deinde
430 1615 646 1646 interficiens
661 1626 778 1645 meum
797 1620 933 1657 patrem
954 1614 1074 1645 infelix
1091 1624 1155 1655 ego

271 1667 363 1699 Veni
380 1667 424 1697 ad
443 1664 647 1708 coniugium
663 1664 788 1696 matris
806 1664 955 1696 miserae
968 1690 977 1703 ,

270 1718 381 1750 Filios
398 1717 523 1749 fratres
541 1715 666 1758 genui,
695 1727 783 1760 quos
801 1714 961 1758 perdidi,

223 1767 321 1803 1605
348 1767 534 1811 Accipieus
559 1765 852 1809 imprecationem
877 1778 895 1798 a
917 1764 1026 1804 Laio,
1070 1770 1103 1796 et
1127 1765 1215 1797 dans

632 1816 769 1855 lil›cris;

273 1870 356 1904 Non
375 1868 468 1901 enim
485 1874 557 1900 tam
578 1868 704 1900 stultus
724 1880 787 1911 ego
803 1873 907 1900 natus
924 1878 1000 1899 sum
1014 1892 1023 1905 ‚

271 1921 319 1954 Ut
334 1921 376 1953 de
394 1919 503 1952 oculis
519 1919 626 1958 meis,
654 1925 686 1951 et
704 1919 773 1951 vita
793 1930 955 1951 meorum
975 1916 1128 1950 filiorum

269 1972 354 2005 Sine
370 1970 448 2003 Diis
464 1968 550 2002 haec
565 1970 778 2003 statuissem.

272 2023 351 2056 Sint
366 2022 443 2059 illa;
471 2021 556 2066 quid
574 2020 700 2053 faciam
719 2020 846 2063 igitur,
876 2032 895 2051 o
911 2018 1031 2050 infelix
1048 2016 1136 2059 ego?

224 2074 320 2108 1610
349 2072 437 2116 Quis
456 2071 686 2103 comitabitur
704 2082 760 2102 mc
781 2071 851 2102 dux
867 2069 959 2101 caeci
978 2066 1100 2112 pedis?

270 2124 365 2158 Num
391 2129 532 2155 mortua
559 2119 668 2155 haee?
713 2121 834 2154 vivens
858 2120 971 2159 enim,
1014 2118 1098 2152 satis
1128 2117 1213 2157 scio,

630 2171 778 2205 fecisset.

270 2225 316 2257 At
331 2226 474 2258 beatum
493 2225 615 2268 iugum
633 2217 814 2255 filiorum?
841 2222 900 2254 sed
916 2233 989 2253 non
1006 2225 1186 2264 superant.

269 2275 404 2308 Verum
440 2275 513 2319 ipse
550 2272 667 2307 adhuc
700 2273 838 2306 iuvenis
855 2299 865 2313 ,
912 2272 1091 2304 inveniam
1125 2268 1213 2302 mihi

630 2323 773 2357 cibum?

270 2374 400 2408 Unde?
427 2387 537 2420 quare
552 2387 608 2408 me
625 2375 783 2409 funditus
801 2375 849 2408 sic
866 2372 1015 2411 occidis,
1041 2384 1061 2404 o
1073 2370 1213 2404 Creon?

225 2424 322 2460 1615
349 2425 543 2472 Occidisffl)
562 2426 675 2466 enim,
703 2426 732 2460 si
748 2439 804 2459 me
822 2425 916 2458 eiicis
933 2437 950 2457 e
969 2431 1075 2456 terra.

269 2477 353 2512 Non
370 2482 490 2510 tamen
506 2478 651 2510 volvens
669 2490 794 2511 manus
809 2478 853 2509 ad
873 2483 972 2510 tuum
990 2486 1081 2519 genu
1093 2500 1102 2513 ,

270 2527 436 2561 Timidus
453 2528 618 2567 videbor3
647 2540 730 2560 nam
749 2540 865 2561 meam
893 2525 1081 2572 pristinam
1110 2536 1213 2568 gene-

642 2579 825 2612 rositatem

255 2663 301 2691 91)
323 2659 443 2692 Occidis]
469 2660 510 2684 sic
534 2661 618 2685 Editt.
638 2662 728 2692 1558,
755 2661 849 2691 1562.;

288 2696 402 2720 occides
421 2694 468 2726 (Ξ
486 2695 578 2726 Eurip.
595 2693 778 2727 ἀποκτενεῖς).

820 111 941 145 PHIL.
980 111 1091 145 MEL.
1123 112 1324 148 SCfflP'rA
1359 114 1696 150 PfflLOLOGlCA.

1252 293 1255 301 ο

1252 307 1255 321 V

885 2661 983 2691 Barn.‚
1009 2661 1113 2691 Musgr.
1123 2676 1130 2690 ‚
1157 2658 1219 2682 Fix.

2197 121 2273 162 ,444

1330 200 1413 233 Non
1431 201 1593 234 abiecero
1605 227 1614 241 ,
1635 200 1700 234 etsi
1717 201 1809 234 male
1824 214 1859 235 se
1877 200 2033 237 habeant
2049 216 2105 237 res
2124 217 2234 245 meae.

1332 254 1405 286 Cre.
1434 251 1519 285 Tibi
1534 258 1628 285 recte
1649 251 1802 292 dictum,
1837 256 1934 298 quod
1949 255 2042 288 nolis
2058 267 2172 298 genua
2192 269 2270 291 mea

1691 314 1766 335 non
1784 304 1968 347 attingere.
1987 308 1993 311 ”

1282 354 1378 388 1620
1402 352 1478 395 Ego
1496 364 1580 384 vero
1598 364 1670 384 non
1689 352 1803 386 sinam
1822 360 1854 387 te
1873 353 2033 390 habitare
2051 363 2197 391 terram.

1328 403 1375 436 Et
1391 401 1521 435 horum
1540 404 1752 436 cadaverum
1768 404 1919 438 alterum
1936 408 2083 447 domum
2103 414 2246 452 oportet

1328 453 1402 486 lam
1440 460 1603 498 portare;
1652 454 1804 488 alterum
1840 468 1945 498 vero,
1988 458 2050 503 qui
2084 471 2270 493 eversurus

1687 511 1819 538 terram

1327 553 1486 587 Patriam
1507 567 1586 587 cum
1604 555 1680 589 aliis
1697 556 1812 596 venit,
1840 556 2020 602 Polynicis
2038 560 2190 593 cadaver

1326 604 1452 637 Eiicite
1470 605 1685 649 insepultum
1705 613 1800 639 extra
1820 608 1906 641 fines
1923 606 2028 642 huius
2047 616 2175 644 terrae.

1280 654 1375 691 1625
1405 656 1640 690 Pronuntiate
1649 656 1694 703 92)
1715 655 1802 691 haec
1820 659 1986 695 omnibus
2003 659 2197 695 Thebanis.

1328 707 1399 751 Qui
1427 719 1511 740 vero
1538 706 1777 752 deprehensus
1803 709 1930 750 suerit,
1967 708 2061 744 hunc
2085 718 2268 745 mortuum

1684 771 1861 792 coronans
2022 761 2024 765 “

1326 811 1397 843 Aut
1413 809 1584 853 sepeliens
1602 809 1638 841 in
1657 815 1770 848 terra,
1798 810 1910 845 solvet
1928 816 2055 844 morte.

1327 860 1497 906 Relinqui
1528 866 1670 904 oportet
1693 860 1958 904 indeploratum
1985 867 2019 893 et
2040 861 2267 907 insepultum,

1686 912 1888 944 volucribus
1905 913 2088 955 praedam.

1325 961 1373 994 Et
1390 968 1427 995 tu
1445 962 1648 1006 relinquens
1664 962 1777 996 luctus
1794 963 1900 995 trium
1920 963 2130 996 cadaverum
2142 990 2152 1003 ‚

1278 1013 1374 1048 1630
1402 1011 1589 1057 Ingredere
1606 1013 1699 1045 intra
1719 1015 1886 1054 domum,
1914 1013 2114 1058 Antigone,

1323 1063 1369 1096 Et
1385 1065 1439 1096 fac
1454 1064 1566 1097 officia
1586 1064 1754 1108 virginis,
1778 1065 1934 1098 futuram
1953 1065 2046 1097 diem

1322 1114 1540 1158 Expectans,
1565 1115 1602 1146 in
1621 1128 1691 1160 quo
1708 1122 1742 1149 te
1761 1122 1920 1159 expectat
1935 1116 2044 1149 lectus
2059 1115 2267 1149 Haemonis.

1324 1167 1406 1199 Ant.
1434 1165 1467 1198 O
1484 1172 1602 1209 pater,
1629 1167 1667 1198 in
1682 1167 1823 1211 quantis
1840 1179 1960 1199 sumus
1978 1166 2115 1200 miseris
2131 1167 2246 1207 malis,

1325 1217 1441 1261 Quam
1459 1223 1491 1249 te
1510 1228 1612 1260 gemo
1624 1242 1632 1256 ‚
1660 1218 1738 1260 plus
1757 1229 1864 1262 quam
1880 1218 2059 1250 mortuos!

1276 1266 1374 1302 1635
1401 1268 1483 1302 Non
1501 1268 1594 1300 enim
1611 1280 1694 1312 pars
1710 1269 1887 1300 malorum
1906 1267 1971 1300 tibi
1989 1268 2106 1311 gravis
2130 1273 2199 1307 est,
2233 1275 2266 1301 et

1687 1331 1768 1363 pars
1785 1331 1859 1351 non
1876 1318 2010 1362 gravis;

1324 1371 1392 1403 Sed
1408 1382 1472 1414 per
1490 1370 1610 1402 omnia
1628 1369 1748 1402 infelix
1765 1382 1819 1410 es,
1845 1376 1958 1414 pater.

1321 1421 1390 1453 Sed
1409 1427 1440 1453 te
1456 1421 1636 1463 interrogo
1655 1432 1788 1453 novum
1806 1427 2017 1465 tyrannum:

1323 1472 1418 1516 Quid
1436 1469 1530 1504 hunc
1548 1471 1761 1504 contumelia
1779 1471 1906 1511 afficis,
1933 1477 2072 1515 patrem
2088 1470 2264 1514 expellens

1681 1529 1774 1554 terra
1785 1521 1799 1554 Ρ

1323 1573 1443 1617 Quare
1461 1572 1543 1606 facis
1561 1574 1652 1616 leges
1670 1574 1712 1604 de
1731 1572 1860 1605 misero
1878 1570 2046 1604 mortuo?

1274 1623 1370 1658 1640
1399 1625 1472 1657 Cre.
1501 1622 1563 1655 Est
1578 1623 1732 1654 Eteoclis
1749 1622 1923 1654 sententia
1947 1620 2055 1661 haec,
2080 1634 2154 1654 non
2172 1634 2262 1656 mea.

1320 1678 1402 1709 Ant.
1431 1673 1543 1706 Stulta
1562 1679 1630 1713 est,
1659 1678 1693 1705 et
1719 1679 1758 1704 tu
1784 1672 1928 1712 stultus,
1957 1672 2018 1717 qui
2038 1672 2263 1718 obtemperas

1681 1723 1767 1756 istis.

1320 1778 1394 1810 Cre.
1423 1774 1641 1820 Quomodo?
1683 1786 1757 1806 non
1781 1780 1831 1807 est
1856 1773 1987 1806 iustum
2013 1775 2140 1819 exequi
2162 1786 2262 1807 man-

1688 1824 1795 1858 data?

1318 1880 1401 1911 Ant.
1429 1877 1524 1917 Non,
1550 1877 1579 1910 si
1596 1877 1739 1922 quidem
1757 1875 1851 1908 mala
1868 1881 1968 1916 sunt,
1996 1881 2030 1908 et
2046 1876 2138 1908 male
2155 1876 2262 1910 dicta.

1320 1930 1394 1962 Cre.
1422 1927 1542 1973 Quid?
1571 1940 1642 1960 non
1661 1928 1750 1960 iuste
1767 1925 1824 1959 hic
1842 1926 1987 1960 canibus
2005 1926 2172 1960 dabitur?

1271 1978 1367 2013 1645
1394 1982 1477 2014 Ant.
1504 1979 1585 2013 Non
1602 1979 1730 2010 iustam
1749 1990 1904 2019 poenam
1924 1978 2067 2020 poscitis
2084 1978 2128 2011 ab
2145 1990 2199 2014 eo.

1319 2031 1393 2063 Cre.
1422 2029 1457 2062 Si
1479 2028 1621 2073 quidem
1640 2026 1738 2060 urbis
1754 2025 1867 2059 hostis
1881 2026 1967 2066 suit,
1996 2038 2077 2059 eum
2101 2038 2177 2059 non
2200 2029 2260 2060 de-

1675 2076 1848 2122 ceret⁹³)?

1318 2132 1400 2163 Ant.
1426 2130 1483 2163 An
1500 2141 1574 2162 non
1590 2129 1686 2162 dedit
1701 2130 1866 2162 fortunae
1882 2140 1964 2161 suae
1985 2140 2103 2161 casum
2115 2128 2130 2160 ‘a‘

1319 2183 1392 2214 Cre.
1419 2180 1466 2213 Et
1484 2193 1578 2214 nunc
1594 2181 1631 2213 in
1647 2180 1849 2225 sepeliendo
1865 2191 2018 2223 poenam
2035 2180 2104 2213 det.

1316 2234 1399 2265 Ant.
1428 2232 1525 2276 Quid
1541 2244 1635 2265 nunc
1650 2237 1789 2277 peccat,
1816 2230 1846 2264 si
1865 2230 2094 2275 consequitur
2118 2235 2257 2274 partem

1678 2281 1816 2316 terrae?

1270 2332 1366 2368 1650
1396 2336 1469 2369 Cre.
1497 2333 1696 2378 Insepultus
1713 2333 1779 2367 erit
1796 2330 1853 2365 hic
1870 2332 1944 2372 vir,
1973 2338 2012 2366 ut
2028 2331 2128 2366 scias.

1315 2388 1398 2419 Ant.
1425 2385 1501 2429 Ego
1518 2385 1706 2430 sepeliam,
1735 2384 1874 2417 etiamsi
1896 2381 2085 2428 prohibeat
2100 2383 2196 2417 urbs.

1298 2522 1346 2550 92)
1366 2519 1559 2548 Pronnntiate]
1585 2519 1624 2542 sic
1651 2518 1696 2550 (z
1718 2519 1810 2548 Eurip.
1830 2519 1878 2542 Ed.
1898 2517 1984 2542 Basit.
2005 2517 2080 2542 ¹551.
2107 2515 2253 2549 κηρύξατε)

1334 2555 1418 2579 Editt.
1440 2554 1525 2583 1553„
1547 2554 1636 2583 1532.;
1661 2555 1755 2582 Earn„
1772 2555 1890 2584 Musgr„
1909 2553 1968 2576 Fix.
1985 2552 2087 2576 habent
2104 2549 2255 2583 κηρύξεται,

1333 2589 1592 2618 Promuxgabuntur.

1300 2632 1347 2664 93)
1367 2638 1428 2655 eum
1447 2637 1501 2655 non
1520 2631 1631 2654 deceret
1639 2628 1668 2660 2]
1689 2631 1730 2654 sic
1745 2630 1829 2655 Editt.
1845 2630 1929 2660 1558„
1950 2630 2042 2660 ¹562.;
2064 2629 2155 2659 Rarum,
2175 2630 2254 2653 Mus·

1334 2671 1429 2731 {aasz
1449 2666 1493 2696 qui
1511 2666 1600 2689 hostis
1619 2671 1683 2689 esse
1702 2671 1756 2689 non
1774 2665 1905 2689 debuerat
1922 2667 1969 2693 (2-
1983 2665 2077 2695 Eurip.
2091 2660 2142 2688 οὐκ
2153 2660 2254 2695 ἐχθρὸς
