2373 2980
101 66 198 101 1053
612 63 732 99 LXXI.
791 60 1191 99 INTERPRETATIO
1224 60 1348 95 IONIS
1383 60 1632 97 EURIPIDIS.
2047 65 2146 101 1054

100 154 199 189 1370
226 152 315 186 Illud
336 152 518 196 cogitans,
547 151 643 196 quod
659 156 774 183 mater
791 164 868 184 mea
1157 147 1254 182 1395
1297 150 1370 183 Cre.
1416 149 1609 194 Quodnam
1650 151 1868 196 insperatum
1905 154 2143 196 spectaculum

151 205 253 238 Clam
270 210 381 247 nupta
393 230 402 243 ‚
431 201 648 247 vendiditssss)
665 214 721 234 me
739 202 827 235 clam
839 230 848 242 ,
1563 201 1693 236 video?

149 256 194 289 Et
211 267 284 288 non
303 254 467 299 praebuit
484 254 591 288 ubera
604 280 612 293 ‚
641 254 702 287 sed
719 254 860 297 ignotus
876 267 939 299 ego
1205 252 1300 285 Chor.
1331 251 1465 285 Tacere
1482 259 1518 286 tu
1536 265 1640 298 saepe
1656 254 1762 287 etiam
1781 261 1882 288 antea
1899 254 2041 288 novisti.

149 306 188 339 In
211 306 346 350 templo
364 304 474 339 habui
489 306 598 338 vitam
615 305 792 339 servilem.
1203 304 1276 335 Cre.
1313 301 1404 337 Mihi
1426 316 1499 337 non
1524 311 1574 338 est
1597 305 1749 349 amplius
1776 307 1970 345 silendum,
2012 317 2054 337 ne
2088 316 2141 337 ine

149 358 258 403 Quod
278 358 323 391 ad
333 357 449 391 Deum
466 357 612 395 attinet,
640 357 729 389 bene
747 354 868 396 haben
897 360 992 403 quod
1012 371 1097 392 vero
1562 357 1702 392 doceas.

512 410 554 441 ml
575 409 753 441 fortunam
766 435 774 448 ⁷
1202 402 1315 436 Video
1334 405 1428 439 enirn
1446 419 1583 448 arcam,
1613 420 1719 453 quam
1738 409 1883 454 exposui
1901 408 1985 441 olim
1997 435 2005 448 ,

100 459 198 495 1375
223 460 354 494 Misera
376 473 431 494 res
459 466 528 498 est,
563 471 627 503 per
651 459 688 492 id
710 465 850 504 tempus
876 461 990 501 enim,
1025 474 1095 507 quo
1197 452 1243 487 Εἴ
1277 460 1330 494 te,
1372 469 1392 489 0
1429 459 1495 498 fili,
1536 460 1707 492 infantem
1738 459 1852 494 adhuc
1887 467 2047 494 tenerum
2074 458 2143 491 exi-

514 523 569 543 me
587 511 748 554 oportuit
765 511 802 543 in
818 512 911 545 ulnis
1558 516 1708 543 stentem

148 562 275 595 Matris
306 561 485 602 deliciari,
528 568 560 594 et
586 561 743 607 aliquam
771 563 990 607 voluptatem
1016 577 1094 608 per-
1152 554 1250 589 1400
1282 555 1337 589 Ad
1365 565 1465 591 antra
1492 560 1679 605 Cecropis,
1715 569 1747 595 et
1772 564 1816 595 ad
1842 562 1989 606 rupibus
2012 561 2142 594 cinctas

509 613 624 657 cipere
642 613 735 646 vitae
746 639 755 652 ,
1560 611 1713 647 Macras.

146 663 314 698 Privatus
333 677 410 698 sum
431 662 658 698 charissimae
675 664 800 698 matris
818 665 999 700 alimento.
1200 657 1415 703 Relinquarn
1442 658 1532 693 han?
1560 674 1657 695 aram
1670 691 1678 702 ,
1713 664 1850 698 etiamsi
1870 676 1964 698 nunc
1988 664 2141 697 morien-

146 714 277 748 Misera
298 716 403 748 etiam
422 722 556 755 mater,
586 727 676 761 quae
697 717 845 748 eandem
862 717 1041 750 miseri-'nn
1567 714 1653 746 dum
1669 715 1724 748 sit.

147 766 265 807 Tulit,
292 767 356 799 filii
373 767 540 801 amittens
558 767 700 811 gaudia.
1197 761 1270 793 1⁰1³·
1314 759 1531 796 Prehendite
1562 776 1660 805 eam,
1711 766 1880 800 divinitus
1914 768 1950 799 in
1981 768 2139 799 furorem

98 817 197 852 1380
223 817 269 851 Et
283 830 379 852 nunc
397 819 572 863 accipiens
592 817 684 851 hanc
699 829 819 849 arcam
832 844 841 856 ,
870 825 975 862 porto
993 818 1070 852 Deo
1269 862 1276 868 .
1567 828 1666 850 versa
1685 817 1834 857 desiliit,

144 868 347 904 Donarium
360 897 369 910 ,
397 877 436 903 ut
454 882 528 903 non
543 869 725 902 inveniam
737 895 746 908 ,
775 880 865 913 quae
883 882 956 903 non
974 871 1069 905 volo.
1197 861 1418 908 Relfflquesss
1436 864 1649 900 simulachra
1668 880 1770 908 arae,
1798 868 1927 902 vincite
1946 866 2102 901 brachia·

145 920 183 954 Si
201 921 296 954 enim
315 934 414 955 serva
433 934 490 954 me
507 921 646 965 peperit
663 920 837 965 quaedam
852 947 860 960 ‚
1199 915 1271 947 Cre.
1299 913 1353 948 Ne
1370 915 1615 951 interficiendo
1638 919 1781 964 quidem
1802 920 1956 954 efficietis
1969 947 1977 960 ,
2013 926 2050 952 ut
2073 931 2142 952 ces-

144 971 312 1006 Deterius
330 980 420 1007 esset
447 972 624 1005 invenisse
647 977 819 1010 matrem,
855 984 961 1016 qnam
990 974 1092 1006 omit-
1559 982 1632 1002 sem
1651 969 1920 1015 apprehendere

505 1030 579 1056 tere
596 1029 785 1056 tacentem,
1152 1013 1246 1048 1405
1273 1014 1320 1049 Et
1337 1015 1428 1050 hanc
1447 1024 1480 1051 et
1496 1025 1530 1051 te
1549 1026 1582 1052 et
1599 1027 1676 1055 tuas
1694 1034 1749 1057 res
1766 1020 1822 1056 hic
1842 1023 2024 1067 sepositas.

147 1074 180 1108 Ο
194 1072 356 1114 Phoebe,
385 1074 526 1119 templis
543 1073 635 1107 hanc
651 1074 776 1107 dedico
794 1073 876 1106 tuis,
1196 1068 1268 1100 lon.
1285 1068 1343 1100 An
1360 1081 1434 1102 non
1451 1077 1532 1103 sunt
1549 1069 1635 1105 haec
1653 1074 1810 1107 atrocia?
1833 1075 1946 1107 vador
1964 1084 2138 1108 sermone.

99 1124 195 1159 1385
222 1124 411 1171 Atquissssa)
429 1126 514 1171 quid
530 1125 648 1158 facio?
678 1152 699 1165 „
711 1137 756 1157 an
771 1124 839 1157 Dei
854 1123 1065 1167 benignitati
1198 1120 1271 1151 Cre·
1298 1118 1381 1152 Nou
1393 1147 1402 1160 ‚
1431 1123 1490 1154 sed
1509 1122 1630 1157 amicis
1649 1125 1718 1158 tuis
1736 1125 1900 1159 inventus
1917 1138 1951 1159 es
1968 1126 2113 1158 amicus.

147 1176 372 1221 „Repugno,
401 1177 462 1222 qui
478 1177 607 1210 indicia
627 1176 752 1209 matris
768 1176 923 1209 servavit
939 1173 1053 1209 mihi?
1197 1171 1269 1202 10²²-
1295 1168 1420 1214 Egone
1445 1173 1578 1207 amicus
1602 1176 1706 1208 tuus?
1741 1183 1932 1222 postquam
1961 1189 2016 1209 me
2046 1176 2134 1208 clam

1559 1226 1789 1260 interfecisti?

148 1228 382 1272 „Aperienda
399 1234 449 1261 est
468 1240 549 1261 arca
566 1235 600 1261 et
619 1228 836 1260 audendum.

1197 1273 1270 1304 Cre.
1287 1271 1362 1305 Imo
1381 1274 1472 1308 filius
1490 1288 1542 1309 es:
1571 1277 1599 1310 si
1616 1278 1761 1323 quidem
1780 1277 1847 1312 hoc
1865 1286 1913 1312 est
1931 1278 2137 1323 parentibus

147 1279 305 1318 „Fatum
323 1279 419 1311 enim
436 1291 544 1312 nemo
562 1279 757 1323 praeterire
776 1284 903 1322 potest.

145 1330 176 1363 O
195 1342 315 1364 sacrae
329 1342 483 1363 coronae
497 1357 505 1370 ‚
533 1331 705 1376 quidnam
722 1328 814 1362 mihi
832 1329 962 1362 abditis
974 1356 982 1368 ‚
1554 1326 1813 1365 charissimum.

96 1381 194 1415 1390
220 1381 267 1413 Et
292 1381 452 1425 illigastis
478 1393 538 1421 ea,
572 1381 721 1426 quibus,
758 1393 848 1426 quae
872 1378 960 1413 mihi
983 1377 1088 1412 chal-2¹
1148 1372 1244 1406 1410
1271 1376 1344 1408 Ion.
1373 1375 1503 1410 Desine
1520 1379 1670 1423 fingere;
1699 1380 1846 1425 pulchre
1863 1388 1895 1414 te
1913 1392 2114 1423 coarguam⁴

503 1439 625 1472 erant,
653 1438 735 1466 sunt
751 1432 951 1465 custodita?
1195 1426 1269 1459 Cre.
1297 1425 1350 1459 Eo
1370 1429 1468 1468 veni,
1493 1436 1531 1462 ut
1550 1428 1618 1463 huc
1636 1433 1813 1466 collimem
1823 1433 1890 1478 35),
1919 1445 1937 1464 o
1956 1430 2069 1475 filim).

143 1481 232 1515 Ecce
248 1482 475 1517 involucrum
493 1484 634 1517 arculae
650 1483 772 1517 teretis
783 1510 792 1523 ‚

139 1533 247 1578 Quod
265 1546 340 1567 non
355 1534 472 1568 senuit
488 1535 659 1569 divinitus
671 1562 679 1575 ‚
1247 1562 1431 1591 „Aperienda
1449 1565 1515 1589 haec
1533 1570 1597 1591 suut
1641 1571 1666 1592 et
1684 1572 1808 1596 audenda

139 1585 184 1618 Et
209 1586 320 1620 caries
346 1586 443 1619 abest
467 1598 484 1618 a
507 1587 677 1626 nexibus,
711 1599 791 1619 cum
816 1593 957 1623 tamen,
993 1585 1087 1629 qnod
1247 1596 1315 1625 „Ea
1335 1597 1420 1628 enim,
1447 1606 1517 1628 quae
1535 1585 1724 1629 rato'uecreta
1742 1591 1821 1637 suut',
1851 1613 1904 1630 non
1924 1606 2135 1637 transgrediun-

500 1637 662 1671 iutersuit
674 1664 683 1676 ,
1555 1638 1600 1659 tur
1621 1644 1744 1668 unquam.

505 1689 512 1695 ι
548 1689 554 1695 ι
594 1689 601 1695 .
784 1688 791 1694 ⁴
1248 1664 1269 1688 Ο
1290 1670 1393 1705 sacrae.
1407 1674 1542 1696 coronae,
1570 1671 1696 1700 quidnam
1715 1675 1778 1698 mihi
1796 1676 1907 1707 ignotae
1925 1674 2036 1700 fuistis?

143 1688 302 1732 Tempus
320 1688 467 1732 longum
486 1695 528 1722 Sti
545 1695 621 1723 lsils
635 1686 821 1722 thesauris.
832 1687 890 1730 31).
1246 1699 1281 1721 Et
1302 1700 1447 1732 hgaunna,
1477 1703 1503 1725 in
1523 1705 1619 1733 quibus
1639 1713 1708 1736 quae
1726 1709 1788 1732 mihi
1808 1710 1999 1734 custodiuntur
2019 1712 2107 1740 grata*

1245 1733 1317 1757 Ecce
1335 1736 1532 1764 operimentum
1551 1744 1633 1763 arcae
1650 1743 1803 1768 rotundae.

1246 1767 1281 1790 Ut
1299 1774 1354 1792 non
1373 1770 1482 1800 senuit,
1511 1779 1543 1795 ex
1562 1775 1677 1803 quodam
1697 1769 1806 1801 numine
1825 1779 1893 1804 Dei.

1244 1801 1279 1824 Et
1298 1802 1388 1826 caries
1407 1805 1486 1828 abest
1504 1809 1691 1839 contexturis,
1712 1817 1771 1835 cum
1784 1813 1891 1843 tamen,
1911 1814 1980 1843 quod
1998 1813 2134 1837 interfuit,

1244 1835 1361 1865 Tempus
1380 1837 1491 1869 longum
1509 1840 1546 1863 sit
1564 1841 1627 1865 istis
1645 1844 1793 1872 thesauris.

1176 1877 1223 1905 35)
1241 1878 1281 1901 Eo
1300 1877 1378 1917 veni,
1398 1881 1427 1902 ut
1445 1881 1496 1904 huc
1514 1883 1662 1913 collimem]
1681 1886 1721 1910 sic
1738 1888 1786 1912 Ed.
1804 1889 1894 1918 1562.;
1920 1890 1997 1914 Fix.:
2023 1890 2132 1913 Utinam

1211 1918 1242 1936 eo
1261 1918 1402 1944 venerim,
1422 1915 1454 1938 ut
1472 1916 1669 1947 deprehendar
1686 1927 1762 1952 quae
1779 1923 1849 1952 sinn
1873 1923 1900 1947 in
1919 1924 1970 1948 hoc
1987 1924 2114 1948 collineo.

1174 1954 1466 2013 Βδὲξιὶεέόἓιξοᾱυᾶηι
1478 1971 1511 1976 -
1523 1965 1538 1982 o
1551 1959 1598 1984 fili.
1620 1963 1676 1989 (vs.
1690 1963 1910 1994 1395—1411.)]
1930 1967 1971 1991 sic
1981 1968 2029 1991 Ed.
2043 1968 2134 1995 1562.;

124 1821 172 1852 33)
192 1821 330 1850 vendidit]
357 1822 424 1845 haec
448 1828 501 1845 vox
526 1823 553 1845 in
579 1828 665 1853 marg.
693 1823 741 1847 Ed.
763 1822 837 1846 1562.
864 1821 1030 1850 explicatur:
1063 1821 1088 1843 id

158 1857 218 1887 est,
245 1855 382 1885 exposuit.

121 1898 194 1926 33³)
212 1898 311 1928 Atqui]
338 1897 378 1921 sic
397 1897 447 1923 Ed.
466 1898 542 1923 1558.
573 1898 679 1930 (Eurip.
706 1900 820 1928 Κειίτοις
857 1899 938 1923 Editt.
968 1901 1087 1923 recent.:

158 1931 246 1963 Sed);
274 1932 324 1957 Ed.
343 1932 418 1956 1562.
437 1934 534 1962 Atque.

122 1977 170 2004 34)
188 1975 251 2000 Ion.
270 1975 330 1997 Heu
347 1986 382 1992 ·—-
400 1974 549 1999 thesauris.
570 1978 627 2004 (vs.
640 1976 707 1999 1369
722 1989 747 1992 —
761 1975 862 2006 1394.)]
883 1975 922 1999 sic
934 1977 982 2000 Ed.
998 1976 1087 2005 ¹562.;

191 2043 253 2067 Ion.
273 2043 366 2071 Eheu,
392 2043 426 2065 ab
445 2043 532 2066 oculis
555 2045 584 2067 ut
603 2043 728 2067 humidas
748 2044 827 2067 eiicio
847 2045 1022 2074 lachrymas.

190 2077 260 2101 Illuc
277 2076 395 2100 animum
413 2076 576 2109 intendens,
606 2078 649 2101 uhi
668 2079 789 2109 genitrix
809 2085 869 2102 mea

190 2111 268 2136 Clam
287 2111 469 2143 desponsata,
495 2112 621 2142 exposuit
640 2113 721 2143 clam,

190 2147 284 2175 Neque
302 2151 445 2169 mammam
462 2146 604 2177 praebuit,
631 2148 680 2171 sed
699 2147 828 2178 ignobilis

188 2181 220 2204 In
239 2179 290 2204 Dei
307 2179 389 2203 atriis
408 2180 488 2204 habui
507 2180 638 2205 servilem
657 2181 749 2206 vitam.

189 2215 243 2238 Sed
257 2215 327 2244 quod
339 2215 374 2238 ad
389 2214 474 2238 Deum
485 2232 492 2245 ‚
514 2216 610 2239 bouum
625 2218 685 2247 est3
705 2216 776 2246 quod
794 2223 862 2241 vero
881 2218 915 2240 ad
935 2218 1083 2250 fortunam,

189 2249 290 2272 Grave.
322 2249 375 2272 Per
393 2249 421 2272 id
440 2251 547 2279 tempus
567 2250 636 2273 enim
649 2268 656 2281 ‚
675 2256 727 2280 quo
746 2257 788 2274 me
807 2252 926 2281 oportuit
945 2253 973 2275 in
993 2254 1065 2276 uluis

1243 2023 1308 2048 Cre.
1329 2024 1469 2053 Quodnam
1489 2027 1576 2051 visum
1597 2036 1688 2054 rerum
1707 2032 1848 2062 insperata
1866 2035 1966 2062 video'.e

1243 2057 1328 2082 Chor.
1342 2059 1438 2096 'Silere
1457 2062 1485 2084 tu
1505 2067 1591 2092 saepe
1609 2065 1689 2089 etiam
1707 2068 1788 2092 autea
1807 2070 1909 2093 novisti
1927 2072 2001 2096 mihi.

1243 2091 1304 2130 Cre.
1325 2092 1385 2116 hon
1404 2093 1431 2116 in
1451 2095 1564 2120 silentio
1584 2100 1648 2122 sunt
1666 2106 1713 2124 res
1733 2108 1823 2132 meae,
1844 2110 1876 2127 ne
1897 2112 1938 2129 me
1956 2106 2112 2129 admoneas.

1241 2125 1330 2165 Video
1351 2127 1421 2151 enim
1440 2134 1547 2161 arcam,
1567 2138 1645 2161 quam
1665 2136 1779 2164 exposui
1796 2143 1848 2166 ego
1867 2140 1947 2167 olim,

1241 2160 1278 2183 Te
1291 2161 1393 2199 utique,
1407 2167 1423 2186 o
1436 2163 1485 2193 fili,
1498 2165 1562 2188 mihi
1574 2166 1716 2196 infantem,
1729 2170 1815 2194 adhuc
1828 2168 1992 2198 existentem
2006 2175 2130 2205 stultum,

1240 2193 1375 2233 Cecropis
1393 2197 1428 2220 ad
1445 2199 1543 2228 antra,
1563 2202 1591 2223 et
1612 2202 1722 2227 macras
1740 2205 1828 2233 petris
1847 2210 2014 2232 cameratas,

1237 2227 1400 2259 Relinquam
1419 2238 1486 2255 vero
1504 2237 1597 2265 aram,
1617 2236 1670 2259 etsi
1688 2238 1855 2263 moriendum
1875 2242 1938 2265 mihi
1956 2243 1999 2265 sit.

1238 2262 1299 2287 Ion.
1319 2264 1546 2294 comprehendite
1566 2275 1632 2307 vero
1649 2271 1736 2299 hanc;
1769 2273 1827 2297 Deo
1847 2276 1951 2306 agitata
1971 2277 2042 2301 enim
2063 2283 2128 2306 pro—

188 2283 286 2306 Matris
306 2283 446 2313 deliciari,
466 2286 494 2307 et
512 2284 630 2314 aliquam
650 2286 818 2315 voluptatem
838 2287 978 2316 percipere
998 2288 1081 2312 vitae.
1547 2303 1613 2326 sunt

188 2317 318 2340 Privatus
337 2324 396 2341 sum
417 2319 596 2342 charissimae
615 2320 713 2343 matris
736 2319 876 2345 alimento.
1236 2332 1311 2354 Arae
1330 2333 1490 2362 [elinquens
1510 2325 1692 2370 simmac¹ma;
1715 2340 1802 2371 ligate
1821 2350 1888 2368 vero
1907 2351 2013 2369 manus.

494 2388 568 2411 mala
1544 2405 1700 2433 adhaerebo

189 2420 280 2443 Passa
298 2421 356 2447 est,
374 2419 423 2442 filii
442 2421 572 2445 amittens
592 2423 699 2452 gaudia.
1248 2434 1269 2456 *t
1328 2433 1333 2439 ·
1455 2436 1459 2440 ·
1483 2437 1488 2441 ·
1612 2440 1617 2445 ·
1882 2447 1886 2451 -
1903 2448 1910 2452 -

186 2455 222 2477 Et
240 2459 312 2477 nunc
331 2454 470 2484 accipiens
488 2456 558 2479 hanc
575 2461 683 2488 arcam,
708 2458 750 2481 fer
771 2459 856 2490 [prm
883 2459 958 2487 fem]
978 2460 1035 2483 Deo
1234 2434 1257 2456 E
1288 2434 1365 2466 huic,
1395 2437 1421 2459 et
1440 2437 1506 2467 tun,
1532 2441 1560 2463 et
1578 2441 1635 2465 tuis
1649 2444 1735 2468 :elius
1754 2446 1933 2472 absconditis.

186 2488 352 2519 Donat-ium,
379 2490 408 2512 ut
427 2490 605 2519 nequicquam
623 2491 777 2522 inveniam,
803 2493 872 2523 qnod
892 2494 964 2517 volo.

188 2523 218 2546 si
237 2522 308 2546 enim
326 2528 410 2546 serva
427 2529 470 2546 me
487 2525 594 2553 peperit
612 2526 758 2558 quaedam,

186 2556 331 2580 Invenisse
348 2557 426 2587 peius
444 2559 577 2588 matrem,
601 2565 679 2588 quam
697 2562 833 2585 tacentem
854 2562 990 2586 omisisse.

187 2590 210 2614 0
229 2590 352 2621 Phoebe,
378 2592 486 2621 templis
506 2592 599 2616 dedico
617 2595 687 2618 hanc
705 2595 767 2619 tuis.

186 2625 297 2655 „Atqui
314 2625 377 2655 quid
395 2623 486 2649 facio?
511 2626 560 2649 Dei
578 2628 714 2651 voluntati

185 2660 371 2690 „Adversor‚
398 2660 492 2683 matris
512 2661 611 2685 indicia
630 2662 675 2691 qui
693 2664 819 2687 servavit
836 2665 909 2689 mihi.

1236 2467 1298 2493 Ion.
1318 2470 1362 2492 An
1380 2475 1436 2494 non
1453 2472 1520 2496 haec
1539 2473 1672 2506 indIgua?
1696 2480 1836 2509 opprimor
1853 2489 1990 2507 sermone.

1235 2501 1298 2526 Cre.
1316 2503 1394 2534 Non,
1419 2505 1470 2528 sed
1487 2506 1540 2530 tuis
1557 2509 1655 2534 amicis
1674 2512 1887 2542 deprehenderis
1905 2518 2018 2542 amicus.

1233 2535 1295 2560 lon.
1315 2537 1374 2567 Ego
1393 2539 1498 2563 amicus
1518 2540 1603 2567 tuus?
1627 2546 1654 2568 et
1673 2547 1762 2571 tamen
1782 2555 1823 2573 me
1842 2551 2005 2575 interfecisti
2025 2552 2102 2577 clam.

1234 2570 1297 2595 Cre.
1323 2571 1378 2596 nno
1402 2573 1491 2605 filius,
1523 2578 1678 2615 „quoniam
1704 2582 1753 2606 hoe
1777 2585 1821 2607 est
1838 2586 1998 2615 parentibus
2015 2587 2124 2610 charis-

1538 2617 1643 2638 sunum.

1232 2638 1293 2663 Ion.
1313 2639 1415 2665 Desine
1433 2642 1594 2676 inhaerere;
1619 2653 1765 2679 coarguam
1785 2652 1860 2676 euim
1876 2655 1950 2677 bene.

1108 2218 1112 2271 ἕ

1107 2276 1110 2299 Ι

1107 2309 1110 2347 1

188 2351 287 2375 Infelix
315 2357 420 2381 quoque
443 2358 493 2383 ea,
529 2359 598 2383 quae
621 2355 727 2384 peperit
753 2361 811 2378 tue.
843 2356 968 2384 quonlam
989 2357 1081 2380 eadem
1105 2352 1109 2397 ξ
1238 2365 1300 2390 Cre.
1319 2366 1479 2393 Interiiuere
1492 2369 1601 2394 ⁴utinam
1620 2379 1674 2397 non
1693 2374 1840 2407 desinatis,
1859 2380 1986 2408 quoniam
2006 2380 2125 2404 vicissim

305 2398 308 2401 ,
1105 2405 1108 2416 Ι

1102 2561 1106 2580 ι

1101 2584 1107 2681 l
1234 2672 1295 2697 Cre.
1315 2675 1357 2698 Ad
1375 2676 1424 2700 hoc
1446 2678 1524 2708 veui,
1553 2682 1581 2704 ut
1601 2681 1651 2706 hoc
1669 2689 1869 2716 consequerer,
1896 2694 1910 2710 o
1929 2689 1974 2712 fili.
