<?xml version="1.0" encoding="UTF-8"?>
<!DOCTYPE html PUBLIC "-//W3C//DTD XHTML 1.0 Transitional//EN"
    "http://www.w3.org/TR/xhtml1/DTD/xhtml1-transitional.dtd">
<html xmlns="http://www.w3.org/1999/xhtml" xml:lang="en" lang="en">
 <head>
  <title>
</title>
<meta http-equiv="Content-Type" content="text/html;charset=utf-8" />
  <meta name='ocr-system' content='tesseract 3.04.00' />
  <meta name='ocr-capabilities' content='ocr_page ocr_carea ocr_par ocr_line ocrx_word'/>
</head>
<body>
  <div class='ocr_page' id='page_1' title='image "./operaquaesupersu18melauoft_0425.png"; bbox 0 0 2373 2980; ppageno 0'>
   <div class='ocr_carea' id='block_1_1' title="bbox 80 92 644 132">
    <p class='ocr_par' dir='ltr' id='par_1_1' title="bbox 80 92 644 132">
     <span class='ocr_line' id='line_1_1' title="bbox 80 92 644 132; baseline -0.005 -1"><span class='ocrx_word' id='word_1_1' title='bbox 80 94 154 132; x_wconf 72' lang='lat'>825</span> <span class='ocrx_word' id='word_1_2' title='bbox 524 92 644 128; x_wconf 88' lang='lat' dir='ltr'>LXVI.</span> 
     </span>
    </p>
   </div>
   <div class='ocr_carea' id='block_1_2' title="bbox 132 179 1072 225">
    <p class='ocr_par' dir='ltr' id='par_1_2' title="bbox 132 179 1072 225">
     <span class='ocr_line' id='line_1_2' title="bbox 132 179 1072 225; baseline -0.001 -10"><span class='ocrx_word' id='word_1_3' title='bbox 132 182 259 215; x_wconf 87' lang='lat' dir='ltr'>Sumus</span> <span class='ocrx_word' id='word_1_4' title='bbox 278 180 359 214; x_wconf 83' lang='lat' dir='ltr'>satis</span> <span class='ocrx_word' id='word_1_5' title='bbox 379 180 552 212; x_wconf 77' lang='lat' dir='ltr'>valentes:</span> <span class='ocrx_word' id='word_1_6' title='bbox 583 187 728 224; x_wconf 88' lang='lat' dir='ltr'>propter</span> <span class='ocrx_word' id='word_1_7' title='bbox 751 179 836 214; x_wconf 86' lang='lat' dir='ltr'>haec</span> <span class='ocrx_word' id='word_1_8' title='bbox 853 193 897 214; x_wconf 88' lang='lat' dir='ltr'>ne</span> <span class='ocrx_word' id='word_1_9' title='bbox 915 193 1072 225; x_wconf 79' lang='lat' dir='ltr'>pugnam</span> 
     </span>
    </p>
   </div>
   <div class='ocr_carea' id='block_1_3' title="bbox 133 237 1076 428">
    <p class='ocr_par' dir='ltr' id='par_1_3' title="bbox 495 237 647 273">
     <span class='ocr_line' id='line_1_3' title="bbox 495 237 647 273; baseline 0.02 -11"><span class='ocrx_word' id='word_1_10' title='bbox 495 237 647 273; x_wconf 75' lang='lat' dir='ltr'>expetas.</span> 
     </span>
    </p>

    <p class='ocr_par' dir='ltr' id='par_1_4' title="bbox 133 281 1076 371">
     <span class='ocr_line' id='line_1_4' title="bbox 133 281 1076 327; baseline 0.001 -12"><span class='ocrx_word' id='word_1_11' title='bbox 133 284 254 327; x_wconf 83' lang='lat' dir='ltr'>Neque</span> <span class='ocrx_word' id='word_1_12' title='bbox 293 287 394 324; x_wconf 83' lang='lat' dir='ltr'>turpe</span> <span class='ocrx_word' id='word_1_13' title='bbox 440 281 631 326; x_wconf 84' lang='lat' dir='ltr'>quicquam</span> <span class='ocrx_word' id='word_1_14' title='bbox 675 294 789 327; x_wconf 89' lang='lat' dir='ltr'>neque</span> <span class='ocrx_word' id='word_1_15' title='bbox 833 283 995 317; x_wconf 86' lang='lat' dir='ltr'>odiosum</span> <span class='ocrx_word' id='word_1_16' title='bbox 1042 291 1076 316; x_wconf 85' lang='lat' dir='ltr'>te</span> 
     </span>
     <span class='ocr_line' id='line_1_5' title="bbox 489 333 604 371; baseline 0.009 -7"><span class='ocrx_word' id='word_1_17' title='bbox 489 333 604 371; x_wconf 88' lang='lat' dir='ltr'>decet;</span> 
     </span>
    </p>

    <p class='ocr_par' dir='ltr' id='par_1_5' title="bbox 134 383 1076 428">
     <span class='ocr_line' id='line_1_6' title="bbox 134 383 1076 428; baseline 0.001 -11"><span class='ocrx_word' id='word_1_18' title='bbox 134 384 256 428; x_wconf 88' lang='lat' dir='ltr'>Neque</span> <span class='ocrx_word' id='word_1_19' title='bbox 282 383 387 415; x_wconf 86' lang='lat' dir='ltr'>etiam</span> <span class='ocrx_word' id='word_1_20' title='bbox 415 383 495 416; x_wconf 79' lang='lat' dir='ltr'>volo</span> <span class='ocrx_word' id='word_1_21' title='bbox 523 389 557 416; x_wconf 90' lang='lat' dir='ltr'>te</span> <span class='ocrx_word' id='word_1_22' title='bbox 582 383 755 418; x_wconf 83' lang='lat' dir='ltr'>coniicere</span> <span class='ocrx_word' id='word_1_23' title='bbox 779 386 815 418; x_wconf 88' lang='lat' dir='ltr'>in</span> <span class='ocrx_word' id='word_1_24' title='bbox 833 386 988 420; x_wconf 89' lang='lat' dir='ltr'>Graecos</span> <span class='ocrx_word' id='word_1_25' title='bbox 1011 386 1076 418; x_wconf 86' lang='lat' dir='ltr'>im-</span> 
     </span>
    </p>
   </div>
   <div class='ocr_carea' id='block_1_4' title="bbox 86 435 1089 1787">
    <p class='ocr_par' dir='ltr' id='par_1_6' title="bbox 86 435 1089 1787">
     <span class='ocr_line' id='line_1_7' title="bbox 494 435 725 478; baseline 0.009 -12"><span class='ocrx_word' id='word_1_26' title='bbox 494 435 725 478; x_wconf 83' lang='lat' dir='ltr'>precationes.</span> 
     </span>
     <span class='ocr_line' id='line_1_8' title="bbox 86 485 1077 533; baseline 0.001 -14"><span class='ocrx_word' id='word_1_27' title='bbox 86 486 158 519; x_wconf 80' lang='lat'>730</span> <span class='ocrx_word' id='word_1_28' title='bbox 185 485 218 518; x_wconf 83' lang='lat' dir='ltr'>Si</span> <span class='ocrx_word' id='word_1_29' title='bbox 239 485 331 518; x_wconf 87' lang='lat' dir='ltr'>enim</span> <span class='ocrx_word' id='word_1_30' title='bbox 352 485 435 529; x_wconf 91' lang='lat' dir='ltr'>quid</span> <span class='ocrx_word' id='word_1_31' title='bbox 454 485 602 525; x_wconf 86' lang='lat' dir='ltr'>dixeris,</span> <span class='ocrx_word' id='word_1_32' title='bbox 630 493 777 529; x_wconf 90' lang='lat' dir='ltr'>propter</span> <span class='ocrx_word' id='word_1_33' title='bbox 794 490 889 533; x_wconf 88' lang='lat' dir='ltr'>quod</span> <span class='ocrx_word' id='word_1_34' title='bbox 907 489 1077 522; x_wconf 71' lang='lat' dir='ltr'>irascetur</span> 
     </span>
     <span class='ocr_line' id='line_1_9' title="bbox 499 536 775 576; baseline 0.007 -8"><span class='ocrx_word' id='word_1_35' title='bbox 499 536 564 568; x_wconf 88' lang='lat' dir='ltr'>tibi</span> <span class='ocrx_word' id='word_1_36' title='bbox 583 537 754 570; x_wconf 80' lang='lat' dir='ltr'>exercitus</span> <span class='ocrx_word' id='word_1_37' title='bbox 767 564 775 576; x_wconf 93' lang='lat'>,</span> 
     </span>
     <span class='ocr_line' id='line_1_10' title="bbox 138 586 1077 633; baseline 0.002 -13"><span class='ocrx_word' id='word_1_38' title='bbox 138 587 259 631; x_wconf 86' lang='lat' dir='ltr'>Neque</span> <span class='ocrx_word' id='word_1_39' title='bbox 284 586 472 629; x_wconf 89' lang='lat' dir='ltr'>sepelietur</span> <span class='ocrx_word' id='word_1_40' title='bbox 496 586 605 626; x_wconf 81' lang='lat' dir='ltr'>filius,</span> <span class='ocrx_word' id='word_1_41' title='bbox 644 599 759 633; x_wconf 87' lang='lat' dir='ltr'>neque</span> <span class='ocrx_word' id='word_1_42' title='bbox 786 589 966 632; x_wconf 89' lang='lat' dir='ltr'>planctum</span> <span class='ocrx_word' id='word_1_43' title='bbox 996 602 1077 622; x_wconf 91' lang='lat' dir='ltr'>con-</span> 
     </span>
     <span class='ocr_line' id='line_1_11' title="bbox 505 645 688 683; baseline 0.011 -13"><span class='ocrx_word' id='word_1_44' title='bbox 505 645 688 683; x_wconf 80' lang='lat' dir='ltr'>sequetur;</span> 
     </span>
     <span class='ocr_line' id='line_1_12' title="bbox 139 688 983 733; baseline 0.004 -12"><span class='ocrx_word' id='word_1_45' title='bbox 139 689 276 721; x_wconf 82' lang='lat' dir='ltr'>Tacens</span> <span class='ocrx_word' id='word_1_46' title='bbox 296 700 379 720; x_wconf 86' lang='lat' dir='ltr'>vero</span> <span class='ocrx_word' id='word_1_47' title='bbox 399 690 585 721; x_wconf 89' lang='lat' dir='ltr'>commode</span> <span class='ocrx_word' id='word_1_48' title='bbox 603 691 783 733; x_wconf 82' lang='lat' dir='ltr'>perferens</span> <span class='ocrx_word' id='word_1_49' title='bbox 803 688 865 724; x_wconf 83' lang='lat' dir='ltr'>hos</span> <span class='ocrx_word' id='word_1_50' title='bbox 886 703 983 724; x_wconf 82' lang='lat' dir='ltr'>casus</span> 
     </span>
     <span class='ocr_line' id='line_1_13' title="bbox 138 739 958 785; baseline 0.002 -13"><span class='ocrx_word' id='word_1_51' title='bbox 138 739 252 772; x_wconf 84' lang='lat' dir='ltr'>Huius</span> <span class='ocrx_word' id='word_1_52' title='bbox 269 751 342 771; x_wconf 92' lang='lat' dir='ltr'>non</span> <span class='ocrx_word' id='word_1_53' title='bbox 358 739 571 783; x_wconf 89' lang='lat' dir='ltr'>insepultum</span> <span class='ocrx_word' id='word_1_54' title='bbox 592 740 770 785; x_wconf 83' lang='lat' dir='ltr'>relinques</span> <span class='ocrx_word' id='word_1_55' title='bbox 788 742 958 779; x_wconf 78' lang='lat' dir='ltr'>cadaver,</span> 
     </span>
     <span class='ocr_line' id='line_1_14' title="bbox 138 790 878 836; baseline 0.003 -13"><span class='ocrx_word' id='word_1_56' title='bbox 138 790 184 823; x_wconf 82' lang='lat' dir='ltr'>Et</span> <span class='ocrx_word' id='word_1_57' title='bbox 202 790 276 834; x_wconf 89' lang='lat' dir='ltr'>ipsa</span> <span class='ocrx_word' id='word_1_58' title='bbox 296 796 333 822; x_wconf 91' lang='lat' dir='ltr'>tu</span> <span class='ocrx_word' id='word_1_59' title='bbox 352 791 460 823; x_wconf 88' lang='lat' dir='ltr'>uteris</span> <span class='ocrx_word' id='word_1_60' title='bbox 478 790 622 824; x_wconf 82' lang='lat' dir='ltr'>Graecis</span> <span class='ocrx_word' id='word_1_61' title='bbox 640 791 878 836; x_wconf 77' lang='lat' dir='ltr'>aequioribus.</span> 
     </span>
     <span class='ocr_line' id='line_1_15' title="bbox 90 839 1047 881; baseline 0 -7"><span class='ocrx_word' id='word_1_62' title='bbox 90 839 163 874; x_wconf 80' lang='lat'>735</span> <span class='ocrx_word' id='word_1_63' title='bbox 188 843 298 874; x_wconf 77' lang='lat' dir='ltr'>Andr.</span> <span class='ocrx_word' id='word_1_64' title='bbox 328 840 360 873; x_wconf 90' lang='lat' dir='ltr'>O</span> <span class='ocrx_word' id='word_1_65' title='bbox 379 839 602 881; x_wconf 80' lang='lat' dir='ltr'>charissime,</span> <span class='ocrx_word' id='word_1_66' title='bbox 629 855 648 874; x_wconf 93' lang='lat' dir='ltr'>o</span> <span class='ocrx_word' id='word_1_67' title='bbox 666 842 715 874; x_wconf 82' lang='lat' dir='ltr'>fili</span> <span class='ocrx_word' id='word_1_68' title='bbox 733 840 818 874; x_wconf 89' lang='lat' dir='ltr'>mihi</span> <span class='ocrx_word' id='word_1_69' title='bbox 837 842 1026 875; x_wconf 83' lang='lat' dir='ltr'>cultissime</span> <span class='ocrx_word' id='word_1_70' title='bbox 1039 869 1047 880; x_wconf 88' lang='lat'>,</span> 
     </span>
     <span class='ocr_line' id='line_1_16' title="bbox 140 890 1082 931; baseline 0 -7"><span class='ocrx_word' id='word_1_71' title='bbox 140 891 297 924; x_wconf 87' lang='lat' dir='ltr'>Moriere</span> <span class='ocrx_word' id='word_1_72' title='bbox 322 892 365 924; x_wconf 84' lang='lat' dir='ltr'>ab</span> <span class='ocrx_word' id='word_1_73' title='bbox 390 890 568 931; x_wconf 83' lang='lat' dir='ltr'>hostibus,</span> <span class='ocrx_word' id='word_1_74' title='bbox 607 899 757 926; x_wconf 87' lang='lat' dir='ltr'>matrem</span> <span class='ocrx_word' id='word_1_75' title='bbox 783 893 950 927; x_wconf 76' lang='lat' dir='ltr'>miseram</span> <span class='ocrx_word' id='word_1_76' title='bbox 977 893 1082 925; x_wconf 89' lang='lat' dir='ltr'>relin-</span> 
     </span>
     <span class='ocr_line' id='line_1_17' title="bbox 500 955 629 987; baseline 0.008 -12"><span class='ocrx_word' id='word_1_77' title='bbox 500 955 629 987; x_wconf 89' lang='lat' dir='ltr'>quens;</span> 
     </span>
     <span class='ocr_line' id='line_1_18' title="bbox 143 993 767 1036; baseline -0.002 -9"><span class='ocrx_word' id='word_1_78' title='bbox 143 993 318 1027; x_wconf 74' lang='lat' dir='ltr'>Nobilitas</span> <span class='ocrx_word' id='word_1_79' title='bbox 336 993 446 1036; x_wconf 82' lang='lat' dir='ltr'>patris</span> <span class='ocrx_word' id='word_1_80' title='bbox 464 993 514 1025; x_wconf 90' lang='lat' dir='ltr'>tui</span> <span class='ocrx_word' id='word_1_81' title='bbox 530 999 563 1026; x_wconf 89' lang='lat' dir='ltr'>te</span> <span class='ocrx_word' id='word_1_82' title='bbox 583 994 767 1033; x_wconf 80' lang='lat' dir='ltr'>interficit,</span> 
     </span>
     <span class='ocr_line' id='line_1_19' title="bbox 143 1043 562 1087; baseline 0 -11"><span class='ocrx_word' id='word_1_83' title='bbox 143 1044 244 1087; x_wconf 84' lang='lat' dir='ltr'>Quae</span> <span class='ocrx_word' id='word_1_84' title='bbox 264 1043 339 1076; x_wconf 87' lang='lat' dir='ltr'>aliis</span> <span class='ocrx_word' id='word_1_85' title='bbox 358 1043 462 1077; x_wconf 85' lang='lat' dir='ltr'>saluti</span> <span class='ocrx_word' id='word_1_86' title='bbox 478 1044 562 1081; x_wconf 84' lang='lat' dir='ltr'>fuit;</span> 
     </span>
     <span class='ocr_line' id='line_1_20' title="bbox 144 1094 747 1138; baseline 0 -10"><span class='ocrx_word' id='word_1_87' title='bbox 144 1094 269 1128; x_wconf 83' lang='lat' dir='ltr'>Gloria</span> <span class='ocrx_word' id='word_1_88' title='bbox 288 1094 397 1138; x_wconf 85' lang='lat' dir='ltr'>patris</span> <span class='ocrx_word' id='word_1_89' title='bbox 414 1095 478 1126; x_wconf 88' lang='lat' dir='ltr'>tibi</span> <span class='ocrx_word' id='word_1_90' title='bbox 497 1107 570 1127; x_wconf 84' lang='lat' dir='ltr'>non</span> <span class='ocrx_word' id='word_1_91' title='bbox 591 1095 747 1138; x_wconf 87' lang='lat' dir='ltr'>prodest.</span> 
     </span>
     <span class='ocr_line' id='line_1_21' title="bbox 95 1144 689 1189; baseline -0.005 -9"><span class='ocrx_word' id='word_1_92' title='bbox 95 1145 170 1180; x_wconf 83' lang='lat'>740</span> <span class='ocrx_word' id='word_1_93' title='bbox 198 1144 231 1178; x_wconf 93' lang='grc' dir='ltr'>Ο</span> <span class='ocrx_word' id='word_1_94' title='bbox 247 1145 395 1178; x_wconf 87' lang='lat' dir='ltr'>miseras</span> <span class='ocrx_word' id='word_1_95' title='bbox 414 1158 508 1178; x_wconf 84' lang='lat' dir='ltr'>meas</span> <span class='ocrx_word' id='word_1_96' title='bbox 526 1145 689 1189; x_wconf 78' lang='lat' dir='ltr'>nuptias,</span> 
     </span>
     <span class='ocr_line' id='line_1_22' title="bbox 146 1196 796 1240; baseline 0 -12"><span class='ocrx_word' id='word_1_97' title='bbox 146 1196 284 1240; x_wconf 83' lang='lat' dir='ltr'>Quibus</span> <span class='ocrx_word' id='word_1_98' title='bbox 301 1196 382 1228; x_wconf 88' lang='lat' dir='ltr'>veni</span> <span class='ocrx_word' id='word_1_99' title='bbox 398 1196 435 1227; x_wconf 89' lang='lat' dir='ltr'>in</span> <span class='ocrx_word' id='word_1_100' title='bbox 452 1197 599 1228; x_wconf 87' lang='lat' dir='ltr'>domum</span> <span class='ocrx_word' id='word_1_101' title='bbox 616 1196 796 1235; x_wconf 84' lang='lat' dir='ltr'>Hectoris,</span> 
     </span>
     <span class='ocr_line' id='line_1_23' title="bbox 147 1246 977 1287; baseline 0.001 -9"><span class='ocrx_word' id='word_1_102' title='bbox 147 1247 313 1279; x_wconf 80' lang='lat' dir='ltr'>Pax-itura</span> <span class='ocrx_word' id='word_1_103' title='bbox 332 1258 450 1279; x_wconf 87' lang='lat' dir='ltr'>meum</span> <span class='ocrx_word' id='word_1_104' title='bbox 470 1246 581 1279; x_wconf 83' lang='lat' dir='ltr'>filium</span> <span class='ocrx_word' id='word_1_105' title='bbox 594 1273 602 1285; x_wconf 92' lang='lat'>,</span> <span class='ocrx_word' id='word_1_106' title='bbox 631 1259 703 1279; x_wconf 90' lang='lat' dir='ltr'>non</span> <span class='ocrx_word' id='word_1_107' title='bbox 721 1253 758 1279; x_wconf 90' lang='lat' dir='ltr'>ut</span> <span class='ocrx_word' id='word_1_108' title='bbox 776 1247 957 1279; x_wconf 73' lang='lat' dir='ltr'>victimam</span> <span class='ocrx_word' id='word_1_109' title='bbox 969 1274 977 1287; x_wconf 91' lang='lat'>,</span> 
     </span>
     <span class='ocr_line' id='line_1_24' title="bbox 146 1297 746 1331; baseline -0.002 0"><span class='ocrx_word' id='word_1_110' title='bbox 146 1297 213 1331; x_wconf 88' lang='lat' dir='ltr'>Sed</span> <span class='ocrx_word' id='word_1_111' title='bbox 230 1304 269 1330; x_wconf 88' lang='lat' dir='ltr'>ut</span> <span class='ocrx_word' id='word_1_112' title='bbox 287 1297 471 1330; x_wconf 88' lang='lat' dir='ltr'>dominum</span> <span class='ocrx_word' id='word_1_113' title='bbox 489 1298 613 1330; x_wconf 85' lang='lat' dir='ltr'>fertilis</span> <span class='ocrx_word' id='word_1_114' title='bbox 630 1297 746 1331; x_wconf 87' lang='lat' dir='ltr'>Asiae.</span> 
     </span>
     <span class='ocr_line' id='line_1_25' title="bbox 146 1346 867 1392; baseline -0.003 -11"><span class='ocrx_word' id='word_1_115' title='bbox 146 1348 178 1381; x_wconf 90' lang='grc' dir='ltr'>Ο</span> <span class='ocrx_word' id='word_1_116' title='bbox 196 1348 264 1387; x_wconf 88' lang='lat' dir='ltr'>fili,</span> <span class='ocrx_word' id='word_1_117' title='bbox 292 1346 516 1392; x_wconf 73' lang='lat' dir='ltr'>lachrymas?</span> <span class='ocrx_word' id='word_1_118' title='bbox 545 1348 652 1381; x_wconf 85' lang='lat' dir='ltr'>sentis</span> <span class='ocrx_word' id='word_1_119' title='bbox 671 1355 729 1380; x_wconf 85' lang='lat' dir='ltr'>tua</span> <span class='ocrx_word' id='word_1_120' title='bbox 751 1348 867 1380; x_wconf 79' lang='lat' dir='ltr'>mala?</span> 
     </span>
     <span class='ocr_line' id='line_1_26' title="bbox 97 1398 1089 1442; baseline 0 -10"><span class='ocrx_word' id='word_1_121' title='bbox 97 1398 170 1432; x_wconf 82' lang='lat'>745</span> <span class='ocrx_word' id='word_1_122' title='bbox 198 1398 294 1442; x_wconf 84' lang='lat' dir='ltr'>Quid</span> <span class='ocrx_word' id='word_1_123' title='bbox 328 1411 383 1430; x_wconf 90' lang='lat' dir='ltr'>me</span> <span class='ocrx_word' id='word_1_124' title='bbox 417 1398 565 1442; x_wconf 90' lang='lat' dir='ltr'>corripis</span> <span class='ocrx_word' id='word_1_125' title='bbox 596 1399 778 1437; x_wconf 86' lang='lat' dir='ltr'>manibus,</span> <span class='ocrx_word' id='word_1_126' title='bbox 831 1404 865 1430; x_wconf 87' lang='lat' dir='ltr'>et</span> <span class='ocrx_word' id='word_1_127' title='bbox 901 1398 1089 1441; x_wconf 81' lang='lat' dir='ltr'>prebendis</span> 
     </span>
     <span class='ocr_line' id='line_1_27' title="bbox 360 1455 658 1488; baseline 0.003 -8"><span class='ocrx_word' id='word_1_128' title='bbox 360 1467 362 1469; x_wconf 62' lang='lat'>&gt;</span> <span class='ocrx_word' id='word_1_129' title='bbox 506 1455 658 1488; x_wconf 84' lang='lat' dir='ltr'>vestem,</span> 
     </span>
     <span class='ocr_line' id='line_1_28' title="bbox 148 1499 894 1544; baseline -0.004 -11"><span class='ocrx_word' id='word_1_130' title='bbox 148 1500 196 1533; x_wconf 89' lang='lat' dir='ltr'>Ut</span> <span class='ocrx_word' id='word_1_131' title='bbox 212 1500 330 1544; x_wconf 88' lang='lat' dir='ltr'>pullus</span> <span class='ocrx_word' id='word_1_132' title='bbox 347 1500 533 1534; x_wconf 82' lang='lat' dir='ltr'>involvens</span> <span class='ocrx_word' id='word_1_133' title='bbox 551 1506 584 1532; x_wconf 90' lang='lat' dir='ltr'>te</span> <span class='ocrx_word' id='word_1_134' title='bbox 603 1500 667 1533; x_wconf 87' lang='lat' dir='ltr'>sub</span> <span class='ocrx_word' id='word_1_135' title='bbox 686 1511 782 1532; x_wconf 81' lang='lat' dir='ltr'>meas</span> <span class='ocrx_word' id='word_1_136' title='bbox 797 1499 894 1532; x_wconf 65' lang='lat' dir='ltr'>alas?</span> 
     </span>
     <span class='ocr_line' id='line_1_29' title="bbox 146 1548 1073 1595; baseline -0.003 -10"><span class='ocrx_word' id='word_1_137' title='bbox 146 1552 228 1585; x_wconf 88' lang='lat' dir='ltr'>Non</span> <span class='ocrx_word' id='word_1_138' title='bbox 246 1551 343 1583; x_wconf 89' lang='lat' dir='ltr'>venit</span> <span class='ocrx_word' id='word_1_139' title='bbox 358 1551 508 1590; x_wconf 84' lang='lat' dir='ltr'>Hector,</span> <span class='ocrx_word' id='word_1_140' title='bbox 536 1551 705 1595; x_wconf 76' lang='lat' dir='ltr'>inclytam</span> <span class='ocrx_word' id='word_1_141' title='bbox 724 1550 900 1594; x_wconf 72' lang='lat' dir='ltr'>arripiens</span> <span class='ocrx_word' id='word_1_142' title='bbox 918 1548 1073 1587; x_wconf 78' lang='lat' dir='ltr'>hastam,</span> 
     </span>
     <span class='ocr_line' id='line_1_30' title="bbox 146 1601 924 1641; baseline -0.003 -6"><span class='ocrx_word' id='word_1_143' title='bbox 146 1602 198 1635; x_wconf 85' lang='lat' dir='ltr'>Ex</span> <span class='ocrx_word' id='word_1_144' title='bbox 216 1608 310 1634; x_wconf 82' lang='lat' dir='ltr'>terra</span> <span class='ocrx_word' id='word_1_145' title='bbox 328 1614 490 1635; x_wconf 87' lang='lat' dir='ltr'>reversus</span> <span class='ocrx_word' id='word_1_146' title='bbox 502 1627 511 1641; x_wconf 88' lang='lat'>,</span> <span class='ocrx_word' id='word_1_147' title='bbox 538 1601 604 1634; x_wconf 89' lang='lat' dir='ltr'>tibi</span> <span class='ocrx_word' id='word_1_148' title='bbox 621 1602 737 1635; x_wconf 89' lang='lat' dir='ltr'>serens</span> <span class='ocrx_word' id='word_1_149' title='bbox 754 1602 902 1635; x_wconf 82' lang='lat' dir='ltr'>salutem</span> <span class='ocrx_word' id='word_1_150' title='bbox 917 1615 924 1639; x_wconf 79' lang='lat'>3</span> 
     </span>
     <span class='ocr_line' id='line_1_31' title="bbox 147 1649 1088 1698; baseline -0.001 -11"><span class='ocrx_word' id='word_1_151' title='bbox 147 1653 271 1698; x_wconf 86' lang='lat' dir='ltr'>Neque</span> <span class='ocrx_word' id='word_1_152' title='bbox 291 1653 455 1696; x_wconf 80' lang='lat' dir='ltr'>cognatio</span> <span class='ocrx_word' id='word_1_153' title='bbox 470 1653 581 1696; x_wconf 87' lang='lat' dir='ltr'>patris</span> <span class='ocrx_word' id='word_1_154' title='bbox 592 1678 601 1692; x_wconf 88' lang='lat'>,</span> <span class='ocrx_word' id='word_1_155' title='bbox 634 1665 750 1698; x_wconf 90' lang='lat' dir='ltr'>neque</span> <span class='ocrx_word' id='word_1_156' title='bbox 766 1653 877 1685; x_wconf 91' lang='lat' dir='ltr'>robur</span> <span class='ocrx_word' id='word_1_157' title='bbox 894 1649 1088 1697; x_wconf 78' lang='lat' dir='ltr'>Phrygum.</span> 
     </span>
     <span class='ocr_line' id='line_1_32' title="bbox 99 1702 1089 1749; baseline -0.001 -12"><span class='ocrx_word' id='word_1_158' title='bbox 99 1702 172 1738; x_wconf 88' lang='grc'>750</span> <span class='ocrx_word' id='word_1_159' title='bbox 199 1704 266 1737; x_wconf 85' lang='lat' dir='ltr'>Sed</span> <span class='ocrx_word' id='word_1_160' title='bbox 294 1704 530 1737; x_wconf 79' lang='lat' dir='ltr'>miserabilem</span> <span class='ocrx_word' id='word_1_161' title='bbox 560 1703 688 1736; x_wconf 87' lang='lat' dir='ltr'>saltum</span> <span class='ocrx_word' id='word_1_162' title='bbox 700 1703 746 1749; x_wconf 80' lang='lat'>⁵⁰)</span> <span class='ocrx_word' id='word_1_163' title='bbox 776 1704 811 1735; x_wconf 92' lang='lat' dir='ltr'>in</span> <span class='ocrx_word' id='word_1_164' title='bbox 840 1703 1009 1736; x_wconf 84' lang='lat' dir='ltr'>cervicem</span> <span class='ocrx_word' id='word_1_165' title='bbox 1023 1731 1031 1743; x_wconf 92' lang='lat'>,</span> <span class='ocrx_word' id='word_1_166' title='bbox 1073 1717 1089 1736; x_wconf 92' lang='lat' dir='ltr'>e</span> 
     </span>
     <span class='ocr_line' id='line_1_33' title="bbox 509 1754 653 1787; baseline -0.007 0"><span class='ocrx_word' id='word_1_167' title='bbox 509 1754 653 1787; x_wconf 86' lang='lat' dir='ltr'>sublimi</span> 
     </span>
    </p>
   </div>
   <div class='ocr_carea' id='block_1_5' title="bbox 149 1805 1118 1848">
    <p class='ocr_par' dir='ltr' id='par_1_7' title="bbox 149 1805 1118 1848">
     <span class='ocr_line' id='line_1_34' title="bbox 149 1805 1118 1848; baseline -0.001 -9"><span class='ocrx_word' id='word_1_168' title='bbox 149 1805 287 1839; x_wconf 85' lang='lat' dir='ltr'>Cadens</span> <span class='ocrx_word' id='word_1_169' title='bbox 318 1806 393 1839; x_wconf 87' lang='lat' dir='ltr'>sine</span> <span class='ocrx_word' id='word_1_170' title='bbox 425 1805 736 1839; x_wconf 82' lang='lat' dir='ltr'>commiseratione</span> <span class='ocrx_word' id='word_1_171' title='bbox 767 1805 956 1848; x_wconf 80' lang='lat' dir='ltr'>abrumpes</span> <span class='ocrx_word' id='word_1_172' title='bbox 991 1811 1088 1838; x_wconf 86' lang='lat' dir='ltr'>tuam</span> <span class='ocrx_word' id='word_1_173' title='bbox 1116 1821 1118 1824; x_wconf 54' lang='lat'>&gt;</span> 
     </span>
    </p>
   </div>
   <div class='ocr_carea' id='block_1_6' title="bbox 95 1856 1090 2562">
    <p class='ocr_par' dir='ltr' id='par_1_8' title="bbox 95 1856 1090 2562">
     <span class='ocr_line' id='line_1_35' title="bbox 509 1856 633 1889; baseline 0.008 -1"><span class='ocrx_word' id='word_1_174' title='bbox 509 1856 633 1889; x_wconf 82' lang='lat' dir='ltr'>vitam.</span> 
     </span>
     <span class='ocr_line' id='line_1_36' title="bbox 148 1905 873 1946; baseline -0.001 -6"><span class='ocrx_word' id='word_1_175' title='bbox 148 1908 181 1940; x_wconf 87' lang='lat' dir='ltr'>O</span> <span class='ocrx_word' id='word_1_176' title='bbox 200 1907 354 1940; x_wconf 86' lang='lat' dir='ltr'>iuvenile</span> <span class='ocrx_word' id='word_1_177' title='bbox 372 1919 462 1941; x_wconf 91' lang='lat' dir='ltr'>onus</span> <span class='ocrx_word' id='word_1_178' title='bbox 482 1907 590 1940; x_wconf 84' lang='lat' dir='ltr'>matri</span> <span class='ocrx_word' id='word_1_179' title='bbox 607 1905 851 1940; x_wconf 86' lang='lat' dir='ltr'>charissimum</span> <span class='ocrx_word' id='word_1_180' title='bbox 864 1933 873 1946; x_wconf 93' lang='lat'>,</span> 
     </span>
     <span class='ocr_line' id='line_1_37' title="bbox 146 1956 966 2002; baseline -0.002 -11"><span class='ocrx_word' id='word_1_181' title='bbox 146 1959 179 1991; x_wconf 90' lang='lat' dir='ltr'>O</span> <span class='ocrx_word' id='word_1_182' title='bbox 196 1958 306 1992; x_wconf 90' lang='lat' dir='ltr'>dulcis</span> <span class='ocrx_word' id='word_1_183' title='bbox 323 1956 453 1991; x_wconf 89' lang='lat' dir='ltr'>halitus</span> <span class='ocrx_word' id='word_1_184' title='bbox 470 1958 642 2002; x_wconf 85' lang='lat' dir='ltr'>corporis.</span> <span class='ocrx_word' id='word_1_185' title='bbox 694 1957 841 1990; x_wconf 83' lang='lat' dir='ltr'>Frustra</span> <span class='ocrx_word' id='word_1_186' title='bbox 859 1957 966 2001; x_wconf 85' lang='lat' dir='ltr'>igitur</span> 
     </span>
     <span class='ocr_line' id='line_1_38' title="bbox 145 2007 771 2048; baseline -0.002 -7"><span class='ocrx_word' id='word_1_187' title='bbox 145 2007 186 2041; x_wconf 92' lang='lat' dir='ltr'>In</span> <span class='ocrx_word' id='word_1_188' title='bbox 202 2009 318 2042; x_wconf 84' lang='lat' dir='ltr'>fasciis</span> <span class='ocrx_word' id='word_1_189' title='bbox 336 2009 424 2042; x_wconf 89' lang='lat' dir='ltr'>aluit</span> <span class='ocrx_word' id='word_1_190' title='bbox 441 2015 474 2042; x_wconf 88' lang='lat' dir='ltr'>te</span> <span class='ocrx_word' id='word_1_191' title='bbox 491 2007 579 2041; x_wconf 87' lang='lat' dir='ltr'>haec</span> <span class='ocrx_word' id='word_1_192' title='bbox 594 2020 750 2041; x_wconf 85' lang='lat' dir='ltr'>mamma</span> <span class='ocrx_word' id='word_1_193' title='bbox 763 2034 771 2048; x_wconf 92' lang='lat'>,</span> 
     </span>
     <span class='ocr_line' id='line_1_39' title="bbox 97 2058 1090 2104; baseline -0.004 -10"><span class='ocrx_word' id='word_1_194' title='bbox 97 2058 171 2094; x_wconf 88' lang='grc'>755</span> <span class='ocrx_word' id='word_1_195' title='bbox 200 2060 347 2094; x_wconf 87' lang='lat' dir='ltr'>Frustra</span> <span class='ocrx_word' id='word_1_196' title='bbox 379 2072 444 2104; x_wconf 87' lang='lat' dir='ltr'>ego</span> <span class='ocrx_word' id='word_1_197' title='bbox 464 2060 629 2093; x_wconf 83' lang='lat' dir='ltr'>laboravi</span> <span class='ocrx_word' id='word_1_198' title='bbox 653 2065 688 2092; x_wconf 89' lang='lat' dir='ltr'>et</span> <span class='ocrx_word' id='word_1_199' title='bbox 708 2059 865 2092; x_wconf 82' lang='lat' dir='ltr'>confecta</span> <span class='ocrx_word' id='word_1_200' title='bbox 889 2071 966 2092; x_wconf 87' lang='lat' dir='ltr'>sum</span> <span class='ocrx_word' id='word_1_201' title='bbox 992 2058 1090 2091; x_wconf 89' lang='lat' dir='ltr'>labo-</span> 
     </span>
     <span class='ocr_line' id='line_1_40' title="bbox 504 2111 614 2144; baseline 0.009 -1"><span class='ocrx_word' id='word_1_202' title='bbox 504 2111 614 2144; x_wconf 87' lang='lat' dir='ltr'>ribus.</span> 
     </span>
     <span class='ocr_line' id='line_1_41' title="bbox 144 2160 1089 2206; baseline -0.004 -11"><span class='ocrx_word' id='word_1_203' title='bbox 144 2161 265 2201; x_wconf 90' lang='lat' dir='ltr'>Nunc,</span> <span class='ocrx_word' id='word_1_204' title='bbox 298 2163 327 2195; x_wconf 87' lang='lat' dir='ltr'>si</span> <span class='ocrx_word' id='word_1_205' title='bbox 351 2162 437 2196; x_wconf 78' lang='lat' dir='ltr'>alias</span> <span class='ocrx_word' id='word_1_206' title='bbox 463 2173 642 2206; x_wconf 82' lang='lat' dir='ltr'>unquam,</span> <span class='ocrx_word' id='word_1_207' title='bbox 677 2167 828 2193; x_wconf 80' lang='lat' dir='ltr'>matrem</span> <span class='ocrx_word' id='word_1_208' title='bbox 856 2160 1089 2203; x_wconf 88' lang='lat' dir='ltr'>complectere</span> 
     </span>
     <span class='ocr_line' id='line_1_42' title="bbox 506 2218 618 2246; baseline 0.009 -1"><span class='ocrx_word' id='word_1_209' title='bbox 506 2218 618 2246; x_wconf 84' lang='lat' dir='ltr'>tuam.</span> 
     </span>
     <span class='ocr_line' id='line_1_43' title="bbox 144 2260 829 2303; baseline -0.003 -7"><span class='ocrx_word' id='word_1_210' title='bbox 144 2262 244 2296; x_wconf 85' lang='lat' dir='ltr'>Irrue</span> <span class='ocrx_word' id='word_1_211' title='bbox 262 2263 300 2296; x_wconf 85' lang='lat' dir='ltr'>in</span> <span class='ocrx_word' id='word_1_212' title='bbox 316 2269 465 2296; x_wconf 90' lang='lat' dir='ltr'>matrem</span> <span class='ocrx_word' id='word_1_213' title='bbox 486 2270 584 2296; x_wconf 87' lang='lat' dir='ltr'>tuam</span> <span class='ocrx_word' id='word_1_214' title='bbox 596 2289 606 2303; x_wconf 88' lang='lat'>,</span> <span class='ocrx_word' id='word_1_215' title='bbox 634 2269 667 2296; x_wconf 89' lang='lat' dir='ltr'>et</span> <span class='ocrx_word' id='word_1_216' title='bbox 684 2260 829 2295; x_wconf 87' lang='lat' dir='ltr'>brachia</span> 
     </span>
     <span class='ocr_line' id='line_1_44' title="bbox 145 2312 924 2357; baseline -0.004 -10"><span class='ocrx_word' id='word_1_217' title='bbox 145 2314 336 2347; x_wconf 87' lang='lat' dir='ltr'>Circumda</span> <span class='ocrx_word' id='word_1_218' title='bbox 354 2315 442 2348; x_wconf 90' lang='lat' dir='ltr'>meis</span> <span class='ocrx_word' id='word_1_219' title='bbox 460 2312 638 2355; x_wconf 88' lang='lat' dir='ltr'>humeris,</span> <span class='ocrx_word' id='word_1_220' title='bbox 667 2320 701 2346; x_wconf 87' lang='lat' dir='ltr'>et</span> <span class='ocrx_word' id='word_1_221' title='bbox 717 2313 855 2357; x_wconf 84' lang='lat' dir='ltr'>applica</span> <span class='ocrx_word' id='word_1_222' title='bbox 875 2324 924 2345; x_wconf 91' lang='lat' dir='ltr'>os.</span> 
     </span>
     <span class='ocr_line' id='line_1_45' title="bbox 145 2363 908 2409; baseline -0.004 -11"><span class='ocrx_word' id='word_1_223' title='bbox 145 2363 178 2398; x_wconf 92' lang='grc' dir='ltr'><strong>Ο</strong></span> <span class='ocrx_word' id='word_1_224' title='bbox 192 2365 378 2397; x_wconf 88' lang='lat' dir='ltr'>barbarica</span> <span class='ocrx_word' id='word_1_225' title='bbox 395 2366 633 2409; x_wconf 84' lang='lat' dir='ltr'>excogitantes</span> <span class='ocrx_word' id='word_1_226' title='bbox 650 2365 778 2398; x_wconf 89' lang='lat' dir='ltr'>Graeci</span> <span class='ocrx_word' id='word_1_227' title='bbox 794 2364 886 2396; x_wconf 87' lang='lat' dir='ltr'>mala</span> <span class='ocrx_word' id='word_1_228' title='bbox 899 2389 908 2401; x_wconf 91' lang='lat'>,</span> 
     </span>
     <span class='ocr_line' id='line_1_46' title="bbox 95 2412 1037 2460; baseline -0.004 -12"><span class='ocrx_word' id='word_1_229' title='bbox 95 2414 170 2450; x_wconf 87' lang='lat'>760</span> <span class='ocrx_word' id='word_1_230' title='bbox 197 2415 269 2448; x_wconf 90' lang='lat' dir='ltr'>Cur</span> <span class='ocrx_word' id='word_1_231' title='bbox 287 2415 484 2449; x_wconf 84' lang='lat' dir='ltr'>interficitis</span> <span class='ocrx_word' id='word_1_232' title='bbox 499 2414 593 2449; x_wconf 88' lang='lat' dir='ltr'>hunc</span> <span class='ocrx_word' id='word_1_233' title='bbox 612 2427 764 2460; x_wconf 87' lang='lat' dir='ltr'>puerum</span> <span class='ocrx_word' id='word_1_234' title='bbox 783 2412 1037 2447; x_wconf 81' lang='lat' dir='ltr'>innocentem?</span> 
     </span>
     <span class='ocr_line' id='line_1_47' title="bbox 144 2463 1060 2512; baseline -0.005 -12"><span class='ocrx_word' id='word_1_235' title='bbox 144 2466 178 2500; x_wconf 92' lang='lat' dir='ltr'>O</span> <span class='ocrx_word' id='word_1_236' title='bbox 196 2466 387 2511; x_wconf 86' lang='lat' dir='ltr'>Tyndarea</span> <span class='ocrx_word' id='word_1_237' title='bbox 404 2467 522 2510; x_wconf 80' lang='lat' dir='ltr'>planta</span> <span class='ocrx_word' id='word_1_238' title='bbox 535 2493 544 2506; x_wconf 86' lang='lat'>‚</span> <span class='ocrx_word' id='word_1_239' title='bbox 571 2478 756 2512; x_wconf 85' lang='lat' dir='ltr'>nunqnam</span> <span class='ocrx_word' id='word_1_240' title='bbox 774 2478 851 2499; x_wconf 88' lang='lat' dir='ltr'>eras</span> <span class='ocrx_word' id='word_1_241' title='bbox 868 2463 961 2497; x_wconf 87' lang='lat' dir='ltr'>Iovis</span> <span class='ocrx_word' id='word_1_242' title='bbox 978 2463 1060 2496; x_wconf 84' lang='lat' dir='ltr'>filia.</span> 
     </span>
     <span class='ocr_line' id='line_1_48' title="bbox 143 2516 901 2562; baseline -0.001 -12"><span class='ocrx_word' id='word_1_243' title='bbox 143 2516 234 2551; x_wconf 89' lang='lat' dir='ltr'>Dico</span> <span class='ocrx_word' id='word_1_244' title='bbox 251 2524 284 2551; x_wconf 88' lang='lat' dir='ltr'>te</span> <span class='ocrx_word' id='word_1_245' title='bbox 302 2524 424 2551; x_wconf 79' lang='lat' dir='ltr'>natam</span> <span class='ocrx_word' id='word_1_246' title='bbox 444 2529 516 2551; x_wconf 89' lang='lat' dir='ltr'>esse</span> <span class='ocrx_word' id='word_1_247' title='bbox 533 2530 574 2551; x_wconf 85' lang='lat' dir='ltr'>ex</span> <span class='ocrx_word' id='word_1_248' title='bbox 592 2517 712 2551; x_wconf 88' lang='lat' dir='ltr'>multis</span> <span class='ocrx_word' id='word_1_249' title='bbox 727 2517 901 2562; x_wconf 80' lang='lat' dir='ltr'>patribus.</span> 
     </span>
    </p>
   </div>
   <div class='ocr_carea' id='block_1_7' title="bbox 125 2647 1084 2720">
    <p class='ocr_par' dir='ltr' id='par_1_9' title="bbox 125 2647 1084 2720">
     <span class='ocr_line' id='line_1_49' title="bbox 125 2647 1084 2683; baseline -0.009 -4"><span class='ocrx_word' id='word_1_250' title='bbox 125 2656 173 2683; x_wconf 84' lang='lat'>50)</span> <span class='ocrx_word' id='word_1_251' title='bbox 192 2655 374 2679; x_wconf 85' lang='lat' dir='ltr'>miserabilem</span> <span class='ocrx_word' id='word_1_252' title='bbox 392 2654 507 2682; x_wconf 84' lang='lat' dir='ltr'>saltum]</span> <span class='ocrx_word' id='word_1_253' title='bbox 532 2653 571 2676; x_wconf 84' lang='lat' dir='ltr'>sic</span> <span class='ocrx_word' id='word_1_254' title='bbox 596 2653 679 2677; x_wconf 84' lang='lat' dir='ltr'>Editt.</span> <span class='ocrx_word' id='word_1_255' title='bbox 700 2652 792 2680; x_wconf 75' lang='lat'>1558.,</span> <span class='ocrx_word' id='word_1_256' title='bbox 819 2651 893 2674; x_wconf 77' lang='lat'>1562.</span> <span class='ocrx_word' id='word_1_257' title='bbox 921 2652 969 2678; x_wconf 86' lang='lat'>(=</span> <span class='ocrx_word' id='word_1_258' title='bbox 993 2647 1084 2678; x_wconf 80' lang='lat' dir='ltr'>Enrip.</span> 
     </span>
     <span class='ocr_line' id='line_1_50' title="bbox 161 2684 1015 2720; baseline -0.007 -7"><span class='ocrx_word' id='word_1_259' title='bbox 161 2687 278 2720; x_wconf 82' lang='grc' dir='ltr'><em>Λυγρὸν</em></span> <span class='ocrx_word' id='word_1_260' title='bbox 297 2707 303 2713; x_wconf 89' lang='grc'><strong>.</strong></span> <span class='ocrx_word' id='word_1_261' title='bbox 324 2708 329 2713; x_wconf 95' lang='grc'><em>.</em></span> <span class='ocrx_word' id='word_1_262' title='bbox 350 2686 487 2719; x_wconf 76' lang='grc' dir='ltr'>πήδημ’);</span> <span class='ocrx_word' id='word_1_263' title='bbox 513 2688 598 2711; x_wconf 77' lang='lat' dir='ltr'>Editt.</span> <span class='ocrx_word' id='word_1_264' title='bbox 618 2688 737 2710; x_wconf 88' lang='lat' dir='ltr'>recent.:</span> <span class='ocrx_word' id='word_1_265' title='bbox 764 2684 913 2709; x_wconf 80' lang='lat' dir='ltr'>miserabili</span> <span class='ocrx_word' id='word_1_266' title='bbox 932 2684 1015 2707; x_wconf 79' lang='lat' dir='ltr'>saltu.</span> 
     </span>
    </p>
   </div>
   <div class='ocr_carea' id='block_1_8' title="bbox 706 92 1668 130">
    <p class='ocr_par' dir='ltr' id='par_1_10' title="bbox 706 92 1668 130">
     <span class='ocr_line' id='line_1_51' title="bbox 706 92 1668 130; baseline -0.002 -2"><span class='ocrx_word' id='word_1_267' title='bbox 706 93 1103 129; x_wconf 81' lang='lat' dir='ltr'>INTERPRETATIO</span> <span class='ocrx_word' id='word_1_268' title='bbox 1139 94 1383 130; x_wconf 85' lang='lat' dir='ltr'><strong>TROADUM</strong></span> <span class='ocrx_word' id='word_1_269' title='bbox 1420 92 1668 128; x_wconf 80' lang='lat' dir='ltr'>EURIPIDIS.</span> 
     </span>
    </p>
   </div>
   <div class='ocr_carea' id='block_1_9' title="bbox 1105 510 1122 1750">
    <p class='ocr_par' dir='ltr' id='par_1_11' title="bbox 1105 510 1122 1750">
     <span class='ocr_line' id='line_1_52' title="bbox 1105 510 1122 1750; baseline 0 0"><span class='ocrx_word' id='word_1_270' title='bbox 1105 510 1122 1750; x_wconf 95' lang='lat' dir='ltr'> </span> 
     </span>
    </p>
   </div>
   <div class='ocr_carea' id='block_1_10' title="bbox 2042 93 2115 127">
    <p class='ocr_par' dir='ltr' id='par_1_12' title="bbox 2042 93 2115 127">
     <span class='ocr_line' id='line_1_53' title="bbox 2042 93 2115 127; baseline 0.027 -2"><span class='ocrx_word' id='word_1_271' title='bbox 2042 93 2115 127; x_wconf 76' lang='lat'>826</span> 
     </span>
    </p>
   </div>
   <div class='ocr_carea' id='block_1_11' title="bbox 1134 179 2133 2111">
    <p class='ocr_par' dir='ltr' id='par_1_13' title="bbox 1134 179 2133 2111">
     <span class='ocr_line' id='line_1_54' title="bbox 1178 179 2120 226; baseline -0.005 -10"><span class='ocrx_word' id='word_1_272' title='bbox 1178 184 1340 216; x_wconf 88' lang='lat' dir='ltr'>Primum</span> <span class='ocrx_word' id='word_1_273' title='bbox 1359 195 1398 215; x_wconf 84' lang='lat' dir='ltr'>ex</span> <span class='ocrx_word' id='word_1_274' title='bbox 1432 189 1531 226; x_wconf 82' lang='lat' dir='ltr'>patre</span> <span class='ocrx_word' id='word_1_275' title='bbox 1556 181 1649 213; x_wconf 83' lang='lat' dir='ltr'>malo</span> <span class='ocrx_word' id='word_1_276' title='bbox 1676 180 1778 224; x_wconf 80' lang='lat' dir='ltr'>genio</span> <span class='ocrx_word' id='word_1_277' title='bbox 1792 207 1799 219; x_wconf 89' lang='lat'>,</span> <span class='ocrx_word' id='word_1_278' title='bbox 1840 179 1967 212; x_wconf 84' lang='lat' dir='ltr'>deinde</span> <span class='ocrx_word' id='word_1_279' title='bbox 2000 192 2039 212; x_wconf 80' lang='lat' dir='ltr'>ex</span> <span class='ocrx_word' id='word_1_280' title='bbox 2070 179 2120 212; x_wconf 91' lang='lat' dir='ltr'>in-</span> 
     </span>
     <span class='ocr_line' id='line_1_55' title="bbox 1542 232 1649 272; baseline 0.009 -8"><span class='ocrx_word' id='word_1_281' title='bbox 1542 232 1649 272; x_wconf 79' lang='lat' dir='ltr'>vidia,</span> 
     </span>
     <span class='ocr_line' id='line_1_56' title="bbox 1176 283 2123 328; baseline -0.004 -11"><span class='ocrx_word' id='word_1_282' title='bbox 1176 284 1220 317; x_wconf 88' lang='lat' dir='ltr'>Et</span> <span class='ocrx_word' id='word_1_283' title='bbox 1239 286 1355 322; x_wconf 82' lang='lat' dir='ltr'>caede,</span> <span class='ocrx_word' id='word_1_284' title='bbox 1384 291 1417 317; x_wconf 92' lang='lat' dir='ltr'>et</span> <span class='ocrx_word' id='word_1_285' title='bbox 1437 290 1567 323; x_wconf 88' lang='lat' dir='ltr'>morte,</span> <span class='ocrx_word' id='word_1_286' title='bbox 1597 290 1630 316; x_wconf 87' lang='lat' dir='ltr'>et</span> <span class='ocrx_word' id='word_1_287' title='bbox 1648 295 1879 328; x_wconf 86' lang='lat' dir='ltr'>quaecunque</span> <span class='ocrx_word' id='word_1_288' title='bbox 1895 283 1995 316; x_wconf 85' lang='lat' dir='ltr'>tellus</span> <span class='ocrx_word' id='word_1_289' title='bbox 2013 283 2123 325; x_wconf 75' lang='lat' dir='ltr'>gignit</span> 
     </span>
     <span class='ocr_line' id='line_1_57' title="bbox 1538 335 1643 368; baseline 0.019 -2"><span class='ocrx_word' id='word_1_290' title='bbox 1538 335 1643 368; x_wconf 84' lang='lat' dir='ltr'>mala.</span> 
     </span>
     <span class='ocr_line' id='line_1_58' title="bbox 1134 384 2110 429; baseline -0.003 -10"><span class='ocrx_word' id='word_1_291' title='bbox 1134 384 1203 419; x_wconf 82' lang='grc'>765</span> <span class='ocrx_word' id='word_1_292' title='bbox 1231 386 1312 419; x_wconf 89' lang='lat' dir='ltr'>Non</span> <span class='ocrx_word' id='word_1_293' title='bbox 1331 386 1424 418; x_wconf 80' lang='lat' dir='ltr'>enim</span> <span class='ocrx_word' id='word_1_294' title='bbox 1443 386 1553 418; x_wconf 84' lang='lat' dir='ltr'>ausim</span> <span class='ocrx_word' id='word_1_295' title='bbox 1571 386 1687 418; x_wconf 84' lang='lat' dir='ltr'>dicere</span> <span class='ocrx_word' id='word_1_296' title='bbox 1704 392 1735 417; x_wconf 83' lang='lat' dir='ltr'>te</span> <span class='ocrx_word' id='word_1_297' title='bbox 1754 384 1873 418; x_wconf 77' lang='lat' dir='ltr'>lovem</span> <span class='ocrx_word' id='word_1_298' title='bbox 1891 384 2110 429; x_wconf 82' lang='lat' dir='ltr'>produxisse,</span> 
     </span>
     <span class='ocr_line' id='line_1_59' title="bbox 1180 436 1874 470; baseline 0.001 -1"><span class='ocrx_word' id='word_1_299' title='bbox 1180 437 1337 469; x_wconf 89' lang='lat' dir='ltr'>Fatalem</span> <span class='ocrx_word' id='word_1_300' title='bbox 1357 436 1475 469; x_wconf 90' lang='lat' dir='ltr'>multis</span> <span class='ocrx_word' id='word_1_301' title='bbox 1490 436 1652 469; x_wconf 87' lang='lat' dir='ltr'>barbaris</span> <span class='ocrx_word' id='word_1_302' title='bbox 1670 441 1702 468; x_wconf 92' lang='lat' dir='ltr'>et</span> <span class='ocrx_word' id='word_1_303' title='bbox 1716 436 1874 470; x_wconf 87' lang='lat' dir='ltr'>Graecis.</span> 
     </span>
     <span class='ocr_line' id='line_1_60' title="bbox 1181 483 1822 531; baseline -0.002 -10"><span class='ocrx_word' id='word_1_304' title='bbox 1181 489 1326 525; x_wconf 77' lang='lat' dir='ltr'>Pereas;</span> <span class='ocrx_word' id='word_1_305' title='bbox 1355 493 1501 531; x_wconf 88' lang='lat' dir='ltr'>propter</span> <span class='ocrx_word' id='word_1_306' title='bbox 1516 483 1683 530; x_wconf 83' lang='lat' dir='ltr'>pulchros</span> <span class='ocrx_word' id='word_1_307' title='bbox 1702 486 1822 520; x_wconf 89' lang='lat' dir='ltr'>oculos</span> 
     </span>
     <span class='ocr_line' id='line_1_61' title="bbox 1182 535 1954 582; baseline -0.005 -10"><span class='ocrx_word' id='word_1_308' title='bbox 1182 540 1372 582; x_wconf 78' lang='lat' dir='ltr'>Flagitiose</span> <span class='ocrx_word' id='word_1_309' title='bbox 1390 537 1576 582; x_wconf 81' lang='lat' dir='ltr'>perdidisti</span> <span class='ocrx_word' id='word_1_310' title='bbox 1594 548 1742 580; x_wconf 81' lang='lat' dir='ltr'>regnum</span> <span class='ocrx_word' id='word_1_311' title='bbox 1761 535 1852 581; x_wconf 57' lang='lat' dir='ltr'>Phr)</span> <span class='ocrx_word' id='word_1_312' title='bbox 1861 550 1954 580; x_wconf 81' lang='lat' dir='ltr'>gum.</span> 
     </span>
     <span class='ocr_line' id='line_1_62' title="bbox 1182 588 2124 634; baseline -0.004 -11"><span class='ocrx_word' id='word_1_313' title='bbox 1182 591 1296 634; x_wconf 82' lang='lat' dir='ltr'>Agite,</span> <span class='ocrx_word' id='word_1_314' title='bbox 1315 591 1415 629; x_wconf 84' lang='lat' dir='ltr'>ferte,</span> <span class='ocrx_word' id='word_1_315' title='bbox 1432 588 1675 633; x_wconf 83' lang='lat' dir='ltr'>praecipitate,</span> <span class='ocrx_word' id='word_1_316' title='bbox 1701 588 1727 620; x_wconf 83' lang='lat' dir='ltr'>si</span> <span class='ocrx_word' id='word_1_317' title='bbox 1746 588 1980 631; x_wconf 83' lang='lat' dir='ltr'>praecipitare</span> <span class='ocrx_word' id='word_1_318' title='bbox 1998 588 2124 632; x_wconf 84' lang='lat' dir='ltr'>placet,</span> 
     </span>
     <span class='ocr_line' id='line_1_63' title="bbox 1134 638 1982 685; baseline -0.005 -11"><span class='ocrx_word' id='word_1_319' title='bbox 1134 642 1206 675; x_wconf 87' lang='lat'>770</span> <span class='ocrx_word' id='word_1_320' title='bbox 1233 641 1441 685; x_wconf 75' lang='lat' dir='ltr'>Epulamini</span> <span class='ocrx_word' id='word_1_321' title='bbox 1458 638 1561 673; x_wconf 87' lang='lat' dir='ltr'>huius</span> <span class='ocrx_word' id='word_1_322' title='bbox 1579 650 1719 675; x_wconf 68' lang='lat' dir='ltr'>carnes,</span> <span class='ocrx_word' id='word_1_323' title='bbox 1757 651 1773 670; x_wconf 86' lang='lat' dir='ltr'>a</span> <span class='ocrx_word' id='word_1_324' title='bbox 1796 638 1872 672; x_wconf 88' lang='lat' dir='ltr'>Diis</span> <span class='ocrx_word' id='word_1_325' title='bbox 1889 638 1982 670; x_wconf 86' lang='lat' dir='ltr'>enim</span> 
     </span>
     <span class='ocr_line' id='line_1_64' title="bbox 1184 692 1828 733; baseline -0.008 -7"><span class='ocrx_word' id='word_1_326' title='bbox 1184 693 1379 731; x_wconf 74' lang='lat' dir='ltr'>periimus,</span> <span class='ocrx_word' id='word_1_327' title='bbox 1408 698 1442 724; x_wconf 76' lang='lat' dir='ltr'>et</span> <span class='ocrx_word' id='word_1_328' title='bbox 1459 692 1531 724; x_wconf 78' lang='lat' dir='ltr'>filio</span> <span class='ocrx_word' id='word_1_329' title='bbox 1552 702 1625 723; x_wconf 86' lang='lat' dir='ltr'>non</span> <span class='ocrx_word' id='word_1_330' title='bbox 1642 701 1828 733; x_wconf 87' lang='lat' dir='ltr'>possumus</span> 
     </span>
     <span class='ocr_line' id='line_1_65' title="bbox 1185 741 2100 787; baseline -0.008 -10"><span class='ocrx_word' id='word_1_331' title='bbox 1185 744 1339 777; x_wconf 84' lang='lat' dir='ltr'>Mortem</span> <span class='ocrx_word' id='word_1_332' title='bbox 1356 743 1548 787; x_wconf 85' lang='lat' dir='ltr'>depellere;</span> <span class='ocrx_word' id='word_1_333' title='bbox 1578 741 1749 774; x_wconf 85' lang='lat' dir='ltr'>occultate</span> <span class='ocrx_word' id='word_1_334' title='bbox 1764 741 1934 773; x_wconf 88' lang='lat' dir='ltr'>miserum</span> <span class='ocrx_word' id='word_1_335' title='bbox 1955 751 2100 782; x_wconf 80' lang='lat' dir='ltr'>corpus,</span> 
     </span>
     <span class='ocr_line' id='line_1_66' title="bbox 1185 789 2126 836; baseline -0.007 -8"><span class='ocrx_word' id='word_1_336' title='bbox 1185 795 1230 828; x_wconf 87' lang='lat' dir='ltr'>Et</span> <span class='ocrx_word' id='word_1_337' title='bbox 1248 795 1409 827; x_wconf 86' lang='lat' dir='ltr'>coniicite</span> <span class='ocrx_word' id='word_1_338' title='bbox 1429 795 1463 826; x_wconf 90' lang='lat' dir='ltr'>in</span> <span class='ocrx_word' id='word_1_339' title='bbox 1488 805 1635 829; x_wconf 84' lang='lat' dir='ltr'>navem;</span> <span class='ocrx_word' id='word_1_340' title='bbox 1670 792 1714 836; x_wconf 73' lang='lat' dir='ltr'>ad</span> <span class='ocrx_word' id='word_1_341' title='bbox 1738 789 1905 835; x_wconf 84' lang='lat' dir='ltr'>pulchras</span> <span class='ocrx_word' id='word_1_342' title='bbox 1926 790 2018 823; x_wconf 89' lang='lat' dir='ltr'>enim</span> <span class='ocrx_word' id='word_1_343' title='bbox 2045 801 2126 832; x_wconf 88' lang='lat' dir='ltr'>pro—</span> 
     </span>
     <span class='ocr_line' id='line_1_67' title="bbox 1548 844 1682 877; baseline -0.015 0"><span class='ocrx_word' id='word_1_344' title='bbox 1548 844 1682 877; x_wconf 81' lang='lat' dir='ltr'>ficiscor</span> 
     </span>
     <span class='ocr_line' id='line_1_68' title="bbox 1185 894 1684 941; baseline -0.01 -9"><span class='ocrx_word' id='word_1_345' title='bbox 1185 897 1335 941; x_wconf 86' lang='lat' dir='ltr'>Nuptias</span> <span class='ocrx_word' id='word_1_346' title='bbox 1354 896 1482 930; x_wconf 89' lang='lat' dir='ltr'>amisso</span> <span class='ocrx_word' id='word_1_347' title='bbox 1502 907 1582 928; x_wconf 90' lang='lat' dir='ltr'>meo</span> <span class='ocrx_word' id='word_1_348' title='bbox 1599 894 1684 927; x_wconf 88' lang='lat' dir='ltr'>filio.</span> 
     </span>
     <span class='ocr_line' id='line_1_69' title="bbox 1139 941 2128 985; baseline -0.009 -3"><span class='ocrx_word' id='word_1_349' title='bbox 1139 948 1211 982; x_wconf 88' lang='lat'>775</span> <span class='ocrx_word' id='word_1_350' title='bbox 1239 950 1334 983; x_wconf 85' lang='lat' dir='ltr'>Clzor.</span> <span class='ocrx_word' id='word_1_351' title='bbox 1361 948 1490 982; x_wconf 84' lang='lat' dir='ltr'>Misera</span> <span class='ocrx_word' id='word_1_352' title='bbox 1511 946 1643 985; x_wconf 85' lang='lat' dir='ltr'>Troia,</span> <span class='ocrx_word' id='word_1_353' title='bbox 1678 943 1957 977; x_wconf 86' lang='lat' dir='ltr'>innumerabiles</span> <span class='ocrx_word' id='word_1_354' title='bbox 1981 941 2128 975; x_wconf 86' lang='lat' dir='ltr'>amisisti</span> 
     </span>
     <span class='ocr_line' id='line_1_70' title="bbox 1190 994 2129 1043; baseline -0.01 -10"><span class='ocrx_word' id='word_1_355' title='bbox 1190 1000 1340 1043; x_wconf 86' lang='lat' dir='ltr'>Propter</span> <span class='ocrx_word' id='word_1_356' title='bbox 1373 1000 1513 1032; x_wconf 81' lang='lat' dir='ltr'>unicam</span> <span class='ocrx_word' id='word_1_357' title='bbox 1544 996 1727 1029; x_wconf 86' lang='lat' dir='ltr'>mulierem</span> <span class='ocrx_word' id='word_1_358' title='bbox 1743 1022 1751 1034; x_wconf 83' lang='lat'>,</span> <span class='ocrx_word' id='word_1_359' title='bbox 1795 1001 1828 1028; x_wconf 87' lang='lat' dir='ltr'>et</span> <span class='ocrx_word' id='word_1_360' title='bbox 1857 994 2021 1027; x_wconf 88' lang='lat' dir='ltr'>odiosum</span> <span class='ocrx_word' id='word_1_361' title='bbox 2047 1004 2129 1026; x_wconf 90' lang='lat' dir='ltr'>con-</span> 
     </span>
     <span class='ocr_line' id='line_1_71' title="bbox 1550 1047 1698 1091; baseline -0.007 -11"><span class='ocrx_word' id='word_1_362' title='bbox 1550 1047 1698 1091; x_wconf 87' lang='lat' dir='ltr'>iugium.</span> 
     </span>
     <span class='ocr_line' id='line_1_72' title="bbox 1191 1095 2127 1144; baseline -0.009 -9"><span class='ocrx_word' id='word_1_363' title='bbox 1191 1103 1299 1135; x_wconf 78' lang='lat' dir='ltr'>Andr.</span> <span class='ocrx_word' id='word_1_364' title='bbox 1344 1103 1415 1144; x_wconf 81' lang='lat' dir='ltr'>Age</span> <span class='ocrx_word' id='word_1_365' title='bbox 1429 1127 1437 1139; x_wconf 89' lang='lat'>,</span> <span class='ocrx_word' id='word_1_366' title='bbox 1480 1113 1500 1131; x_wconf 88' lang='lat' dir='ltr'>o</span> <span class='ocrx_word' id='word_1_367' title='bbox 1535 1099 1604 1137; x_wconf 84' lang='lat' dir='ltr'>fili,</span> <span class='ocrx_word' id='word_1_368' title='bbox 1646 1103 1782 1140; x_wconf 83' lang='lat' dir='ltr'>gratam</span> <span class='ocrx_word' id='word_1_369' title='bbox 1820 1095 2127 1139; x_wconf 82' lang='lat' dir='ltr'>compellationem</span> 
     </span>
     <span class='ocr_line' id='line_1_73' title="bbox 1548 1149 1715 1181; baseline 0 0"><span class='ocrx_word' id='word_1_370' title='bbox 1548 1149 1715 1181; x_wconf 86' lang='lat' dir='ltr'>omittens</span> 
     </span>
     <span class='ocr_line' id='line_1_74' title="bbox 1192 1199 1929 1242; baseline -0.009 -7"><span class='ocrx_word' id='word_1_371' title='bbox 1192 1203 1342 1236; x_wconf 77' lang='lat' dir='ltr'>Miserae</span> <span class='ocrx_word' id='word_1_372' title='bbox 1362 1201 1503 1239; x_wconf 86' lang='lat' dir='ltr'>matris,</span> <span class='ocrx_word' id='word_1_373' title='bbox 1533 1199 1680 1233; x_wconf 77' lang='lat' dir='ltr'>ascende</span> <span class='ocrx_word' id='word_1_374' title='bbox 1700 1204 1929 1242; x_wconf 82' lang='lat' dir='ltr'>paternarum</span> 
     </span>
     <span class='ocr_line' id='line_1_75' title="bbox 1191 1248 1935 1294; baseline -0.011 -7"><span class='ocrx_word' id='word_1_375' title='bbox 1191 1254 1362 1287; x_wconf 82' lang='lat' dir='ltr'>Turrium</span> <span class='ocrx_word' id='word_1_376' title='bbox 1381 1253 1423 1284; x_wconf 88' lang='lat' dir='ltr'>ad</span> <span class='ocrx_word' id='word_1_377' title='bbox 1442 1263 1598 1285; x_wconf 76' lang='lat' dir='ltr'>summas</span> <span class='ocrx_word' id='word_1_378' title='bbox 1620 1250 1767 1294; x_wconf 79' lang='lat' dir='ltr'>pinnas,</span> <span class='ocrx_word' id='word_1_379' title='bbox 1793 1248 1853 1281; x_wconf 90' lang='lat' dir='ltr'>ubi</span> <span class='ocrx_word' id='word_1_380' title='bbox 1873 1248 1935 1280; x_wconf 86' lang='lat' dir='ltr'>tibi</span> 
     </span>
     <span class='ocr_line' id='line_1_76' title="bbox 1148 1303 1814 1338; baseline -0.008 -1"><span class='ocrx_word' id='word_1_381' title='bbox 1148 1306 1215 1338; x_wconf 82' lang='lat'>780</span> <span class='ocrx_word' id='word_1_382' title='bbox 1241 1305 1360 1337; x_wconf 82' lang='lat' dir='ltr'>Vitam</span> <span class='ocrx_word' id='word_1_383' title='bbox 1378 1303 1539 1336; x_wconf 83' lang='lat' dir='ltr'>amittere</span> <span class='ocrx_word' id='word_1_384' title='bbox 1558 1303 1735 1335; x_wconf 83' lang='lat' dir='ltr'>decretum</span> <span class='ocrx_word' id='word_1_385' title='bbox 1753 1306 1814 1333; x_wconf 89' lang='lat' dir='ltr'>est.</span> 
     </span>
     <span class='ocr_line' id='line_1_77' title="bbox 1193 1352 1742 1388; baseline -0.009 0"><span class='ocrx_word' id='word_1_386' title='bbox 1193 1356 1324 1388; x_wconf 85' lang='lat' dir='ltr'>Tollite</span> <span class='ocrx_word' id='word_1_387' title='bbox 1346 1368 1444 1388; x_wconf 85' lang='lat' dir='ltr'>eum:</span> <span class='ocrx_word' id='word_1_388' title='bbox 1473 1354 1556 1386; x_wconf 82' lang='lat' dir='ltr'>talia</span> <span class='ocrx_word' id='word_1_389' title='bbox 1575 1352 1742 1385; x_wconf 53' lang='lat' dir='ltr'>conxenit</span> 
     </span>
     <span class='ocr_line' id='line_1_78' title="bbox 1194 1399 2130 1450; baseline -0.009 -11"><span class='ocrx_word' id='word_1_390' title='bbox 1194 1407 1416 1439; x_wconf 76' lang='lat' dir='ltr'>Annuntiare</span> <span class='ocrx_word' id='word_1_391' title='bbox 1430 1432 1437 1443; x_wconf 86' lang='lat'>‚</span> <span class='ocrx_word' id='word_1_392' title='bbox 1481 1405 1684 1450; x_wconf 84' lang='lat' dir='ltr'>quicunque</span> <span class='ocrx_word' id='word_1_393' title='bbox 1721 1409 1801 1436; x_wconf 89' lang='lat' dir='ltr'>sunt</span> <span class='ocrx_word' id='word_1_394' title='bbox 1839 1400 1912 1434; x_wconf 85' lang='lat' dir='ltr'>sine</span> <span class='ocrx_word' id='word_1_395' title='bbox 1948 1399 2130 1432; x_wconf 85' lang='lat' dir='ltr'>commise-</span> 
     </span>
     <span class='ocr_line' id='line_1_79' title="bbox 1551 1462 1711 1493; baseline -0.006 -6"><span class='ocrx_word' id='word_1_396' title='bbox 1551 1462 1689 1487; x_wconf 79' lang='lat' dir='ltr'>ratione</span> <span class='ocrx_word' id='word_1_397' title='bbox 1702 1480 1711 1493; x_wconf 90' lang='lat'>,</span> 
     </span>
     <span class='ocr_line' id='line_1_80' title="bbox 1195 1503 2055 1553; baseline -0.009 -12"><span class='ocrx_word' id='word_1_398' title='bbox 1195 1508 1237 1541; x_wconf 85' lang='lat' dir='ltr'>Et</span> <span class='ocrx_word' id='word_1_399' title='bbox 1255 1508 1457 1553; x_wconf 88' lang='lat' dir='ltr'>quicunque</span> <span class='ocrx_word' id='word_1_400' title='bbox 1476 1512 1622 1551; x_wconf 84' lang='lat' dir='ltr'>propter</span> <span class='ocrx_word' id='word_1_401' title='bbox 1643 1503 1902 1548; x_wconf 82' lang='lat' dir='ltr'>impudentiam</span> <span class='ocrx_word' id='word_1_402' title='bbox 1919 1508 2055 1535; x_wconf 72' lang='lat' dir='ltr'>vestrae</span> 
     </span>
     <span class='ocr_line' id='line_1_81' title="bbox 1192 1557 1777 1601; baseline -0.005 -9"><span class='ocrx_word' id='word_1_403' title='bbox 1192 1559 1395 1593; x_wconf 84' lang='lat' dir='ltr'>Sententiae</span> <span class='ocrx_word' id='word_1_404' title='bbox 1412 1565 1489 1591; x_wconf 86' lang='lat' dir='ltr'>sunt</span> <span class='ocrx_word' id='word_1_405' title='bbox 1509 1557 1777 1601; x_wconf 84' lang='lat' dir='ltr'>adprobatores.</span> 
     </span>
     <span class='ocr_line' id='line_1_82' title="bbox 1144 1605 1846 1644; baseline -0.007 0"><span class='ocrx_word' id='word_1_406' title='bbox 1144 1610 1217 1644; x_wconf 83' lang='lat'>785</span> <span class='ocrx_word' id='word_1_407' title='bbox 1244 1613 1324 1644; x_wconf 77' lang='lat' dir='ltr'>Hec.</span> <span class='ocrx_word' id='word_1_408' title='bbox 1352 1610 1384 1643; x_wconf 94' lang='grc' dir='ltr'><strong>Ο</strong></span> <span class='ocrx_word' id='word_1_409' title='bbox 1400 1610 1449 1642; x_wconf 84' lang='lat' dir='ltr'>fili</span> <span class='ocrx_word' id='word_1_410' title='bbox 1465 1609 1535 1642; x_wconf 86' lang='lat' dir='ltr'>mei</span> <span class='ocrx_word' id='word_1_411' title='bbox 1555 1607 1756 1641; x_wconf 87' lang='lat' dir='ltr'>aerumnosi</span> <span class='ocrx_word' id='word_1_412' title='bbox 1772 1605 1846 1639; x_wconf 82' lang='lat' dir='ltr'>filii.</span> 
     </span>
     <span class='ocr_line' id='line_1_83' title="bbox 1193 1657 1957 1703; baseline -0.012 -8"><span class='ocrx_word' id='word_1_413' title='bbox 1193 1662 1385 1695; x_wconf 89' lang='lat' dir='ltr'>Privamur</span> <span class='ocrx_word' id='word_1_414' title='bbox 1400 1667 1460 1693; x_wconf 87' lang='lat' dir='ltr'>tua</span> <span class='ocrx_word' id='word_1_415' title='bbox 1480 1660 1552 1693; x_wconf 85' lang='lat' dir='ltr'>vita</span> <span class='ocrx_word' id='word_1_416' title='bbox 1568 1665 1710 1703; x_wconf 85' lang='lat' dir='ltr'>praeter</span> <span class='ocrx_word' id='word_1_417' title='bbox 1728 1657 1934 1702; x_wconf 87' lang='lat' dir='ltr'>opinionem</span> <span class='ocrx_word' id='word_1_418' title='bbox 1948 1682 1957 1694; x_wconf 88' lang='lat'>‚</span> 
     </span>
     <span class='ocr_line' id='line_1_84' title="bbox 1195 1706 2029 1756; baseline -0.01 -11"><span class='ocrx_word' id='word_1_419' title='bbox 1195 1713 1309 1746; x_wconf 86' lang='lat' dir='ltr'>Mater</span> <span class='ocrx_word' id='word_1_420' title='bbox 1327 1718 1361 1745; x_wconf 92' lang='lat' dir='ltr'>et</span> <span class='ocrx_word' id='word_1_421' title='bbox 1379 1724 1455 1756; x_wconf 84' lang='lat' dir='ltr'>ego.</span> <span class='ocrx_word' id='word_1_422' title='bbox 1498 1710 1594 1756; x_wconf 88' lang='lat' dir='ltr'>Quid</span> <span class='ocrx_word' id='word_1_423' title='bbox 1612 1708 1754 1753; x_wconf 80' lang='lat' dir='ltr'>patior?</span> <span class='ocrx_word' id='word_1_424' title='bbox 1784 1708 1869 1753; x_wconf 88' lang='lat' dir='ltr'>quid</span> <span class='ocrx_word' id='word_1_425' title='bbox 1886 1706 1948 1739; x_wconf 89' lang='lat' dir='ltr'>tibi</span> <span class='ocrx_word' id='word_1_426' title='bbox 1967 1716 2029 1748; x_wconf 77' lang='lat' dir='ltr'>ego</span> 
     </span>
     <span class='ocr_line' id='line_1_85' title="bbox 1194 1760 1809 1797; baseline -0.008 0"><span class='ocrx_word' id='word_1_427' title='bbox 1194 1763 1316 1797; x_wconf 85' lang='lat' dir='ltr'>Infelix</span> <span class='ocrx_word' id='word_1_428' title='bbox 1331 1761 1485 1795; x_wconf 80' lang='lat' dir='ltr'>faciam?</span> <span class='ocrx_word' id='word_1_429' title='bbox 1527 1760 1590 1795; x_wconf 88' lang='lat' dir='ltr'>has</span> <span class='ocrx_word' id='word_1_430' title='bbox 1605 1761 1670 1793; x_wconf 90' lang='lat' dir='ltr'>tibi</span> <span class='ocrx_word' id='word_1_431' title='bbox 1683 1761 1809 1793; x_wconf 89' lang='lat' dir='ltr'>damus</span> 
     </span>
     <span class='ocr_line' id='line_1_86' title="bbox 1192 1813 2132 1857; baseline -0.011 -10"><span class='ocrx_word' id='word_1_432' title='bbox 1192 1816 1320 1857; x_wconf 87' lang='lat' dir='ltr'>Plagas</span> <span class='ocrx_word' id='word_1_433' title='bbox 1338 1813 1461 1857; x_wconf 83' lang='lat' dir='ltr'>capitis</span> <span class='ocrx_word' id='word_1_434' title='bbox 1482 1819 1515 1845; x_wconf 88' lang='lat' dir='ltr'>et</span> <span class='ocrx_word' id='word_1_435' title='bbox 1535 1813 1696 1856; x_wconf 85' lang='lat' dir='ltr'>planctus</span> <span class='ocrx_word' id='word_1_436' title='bbox 1713 1817 1919 1844; x_wconf 85' lang='lat' dir='ltr'>nostrorum</span> <span class='ocrx_word' id='word_1_437' title='bbox 1937 1813 2132 1852; x_wconf 83' lang='lat' dir='ltr'>pectorum.</span> 
     </span>
     <span class='ocr_line' id='line_1_87' title="bbox 1145 1854 2133 1899; baseline -0.012 0"><span class='ocrx_word' id='word_1_438' title='bbox 1145 1866 1218 1899; x_wconf 77' lang='lat'>790</span> <span class='ocrx_word' id='word_1_439' title='bbox 1245 1865 1341 1898; x_wconf 87' lang='lat' dir='ltr'>Haec</span> <span class='ocrx_word' id='word_1_440' title='bbox 1370 1865 1463 1897; x_wconf 85' lang='lat' dir='ltr'>enim</span> <span class='ocrx_word' id='word_1_441' title='bbox 1499 1862 1614 1896; x_wconf 83' lang='lat' dir='ltr'>adhuc</span> <span class='ocrx_word' id='word_1_442' title='bbox 1642 1869 1763 1895; x_wconf 87' lang='lat' dir='ltr'>nostra</span> <span class='ocrx_word' id='word_1_443' title='bbox 1789 1867 1881 1895; x_wconf 86' lang='lat' dir='ltr'>sunt.</span> <span class='ocrx_word' id='word_1_444' title='bbox 1942 1859 2021 1891; x_wconf 87' lang='lat' dir='ltr'>Heu</span> <span class='ocrx_word' id='word_1_445' title='bbox 2045 1854 2133 1890; x_wconf 82' lang='lat' dir='ltr'>mihi</span> 
     </span>
     <span class='ocr_line' id='line_1_88' title="bbox 1552 1913 1865 1958; baseline -0.006 -12"><span class='ocrx_word' id='word_1_446' title='bbox 1552 1919 1700 1958; x_wconf 86' lang='lat' dir='ltr'>propter</span> <span class='ocrx_word' id='word_1_447' title='bbox 1718 1913 1842 1946; x_wconf 87' lang='lat' dir='ltr'>urbem</span> <span class='ocrx_word' id='word_1_448' title='bbox 1856 1938 1865 1951; x_wconf 90' lang='lat'><strong><em>‚</em></strong></span> 
     </span>
     <span class='ocr_line' id='line_1_89' title="bbox 1195 1959 2038 2011; baseline -0.011 -11"><span class='ocrx_word' id='word_1_449' title='bbox 1195 1967 1274 2000; x_wconf 89' lang='lat' dir='ltr'>Heu</span> <span class='ocrx_word' id='word_1_450' title='bbox 1291 1973 1438 2011; x_wconf 86' lang='lat' dir='ltr'>propter</span> <span class='ocrx_word' id='word_1_451' title='bbox 1455 1973 1506 2004; x_wconf 81' lang='lat' dir='ltr'>te;</span> <span class='ocrx_word' id='word_1_452' title='bbox 1536 1965 1622 2010; x_wconf 91' lang='lat' dir='ltr'>quid</span> <span class='ocrx_word' id='word_1_453' title='bbox 1640 1964 1734 1997; x_wconf 87' lang='lat' dir='ltr'>enim</span> <span class='ocrx_word' id='word_1_454' title='bbox 1754 1975 1828 1997; x_wconf 92' lang='lat' dir='ltr'>non</span> <span class='ocrx_word' id='word_1_455' title='bbox 1841 1959 2038 1996; x_wconf 79' lang='lat' dir='ltr'>habemus?</span> 
     </span>
     <span class='ocr_line' id='line_1_90' title="bbox 1193 2016 1696 2063; baseline -0.004 -12"><span class='ocrx_word' id='word_1_456' title='bbox 1193 2018 1289 2063; x_wconf 87' lang='lat' dir='ltr'>Quid</span> <span class='ocrx_word' id='word_1_457' title='bbox 1307 2019 1422 2058; x_wconf 85' lang='lat' dir='ltr'>abest,</span> <span class='ocrx_word' id='word_1_458' title='bbox 1451 2017 1537 2062; x_wconf 91' lang='lat' dir='ltr'>quin</span> <span class='ocrx_word' id='word_1_459' title='bbox 1555 2016 1696 2060; x_wconf 86' lang='lat' dir='ltr'>penitus</span> 
     </span>
     <span class='ocr_line' id='line_1_91' title="bbox 1193 2066 1779 2111; baseline -0.007 -8"><span class='ocrx_word' id='word_1_460' title='bbox 1193 2070 1325 2103; x_wconf 85' lang='lat' dir='ltr'>Eamus</span> <span class='ocrx_word' id='word_1_461' title='bbox 1343 2069 1379 2101; x_wconf 91' lang='lat' dir='ltr'>in</span> <span class='ocrx_word' id='word_1_462' title='bbox 1400 2080 1542 2101; x_wconf 87' lang='lat' dir='ltr'>omnem</span> <span class='ocrx_word' id='word_1_463' title='bbox 1561 2066 1779 2111; x_wconf 71' lang='lat' dir='ltr'>perniciem?</span> 
     </span>
    </p>
   </div>
   <div class='ocr_carea' id='block_1_12' title="bbox 1490 2142 1790 2193">
    <p class='ocr_par' dir='ltr' id='par_1_14' title="bbox 1490 2142 1790 2193">
     <span class='ocr_line' id='line_1_92' title="bbox 1490 2142 1790 2193; baseline -0.013 -12"><span class='ocrx_word' id='word_1_464' title='bbox 1490 2144 1703 2193; x_wconf 80' lang='lat' dir='ltr'>[Stropke</span> <span class='ocrx_word' id='word_1_465' title='bbox 1731 2142 1790 2191; x_wconf 87' lang='grc'>1.]</span> 
     </span>
    </p>
   </div>
   <div class='ocr_carea' id='block_1_13' title="bbox 1144 2213 2043 2511">
    <p class='ocr_par' dir='ltr' id='par_1_15' title="bbox 1144 2213 2043 2511">
     <span class='ocr_line' id='line_1_93' title="bbox 1196 2213 1766 2257; baseline -0.007 -8"><span class='ocrx_word' id='word_1_466' title='bbox 1196 2216 1293 2249; x_wconf 80' lang='grc' dir='ltr'><em>ΟΙιον.</em></span> <span class='ocrx_word' id='word_1_467' title='bbox 1320 2214 1523 2248; x_wconf 86' lang='lat' dir='ltr'>Salaminae</span> <span class='ocrx_word' id='word_1_468' title='bbox 1540 2213 1664 2247; x_wconf 89' lang='lat' dir='ltr'>alentis</span> <span class='ocrx_word' id='word_1_469' title='bbox 1683 2224 1766 2257; x_wconf 87' lang='lat' dir='ltr'>apes</span> 
     </span>
     <span class='ocr_line' id='line_1_94' title="bbox 1144 2263 1727 2305; baseline -0.003 -7"><span class='ocrx_word' id='word_1_470' title='bbox 1144 2263 1216 2298; x_wconf 80' lang='lat'>795</span> <span class='ocrx_word' id='word_1_471' title='bbox 1244 2265 1277 2298; x_wconf 92' lang='lat' dir='ltr'>O</span> <span class='ocrx_word' id='word_1_472' title='bbox 1294 2278 1355 2299; x_wconf 84' lang='lat' dir='ltr'>rex</span> <span class='ocrx_word' id='word_1_473' title='bbox 1370 2266 1566 2305; x_wconf 85' lang='lat' dir='ltr'>Telamon,</span> <span class='ocrx_word' id='word_1_474' title='bbox 1593 2264 1727 2298; x_wconf 86' lang='lat' dir='ltr'>insulae</span> 
     </span>
     <span class='ocr_line' id='line_1_95' title="bbox 1193 2314 1740 2350; baseline -0.004 -1"><span class='ocrx_word' id='word_1_475' title='bbox 1193 2315 1429 2350; x_wconf 84' lang='lat' dir='ltr'>Circumfluae</span> <span class='ocrx_word' id='word_1_476' title='bbox 1444 2314 1609 2349; x_wconf 85' lang='lat' dir='ltr'>habitans</span> <span class='ocrx_word' id='word_1_477' title='bbox 1623 2315 1740 2349; x_wconf 87' lang='lat' dir='ltr'>sedem</span> 
     </span>
     <span class='ocr_line' id='line_1_96' title="bbox 1193 2366 1549 2412; baseline -0.003 -12"><span class='ocrx_word' id='word_1_478' title='bbox 1193 2366 1492 2411; x_wconf 83' lang='lat' dir='ltr'>(Cognominatae</span> <span class='ocrx_word' id='word_1_479' title='bbox 1503 2366 1549 2412; x_wconf 87' lang='lat'>51)</span> 
     </span>
     <span class='ocr_line' id='line_1_97' title="bbox 1191 2415 1790 2462; baseline -0.003 -11"><span class='ocrx_word' id='word_1_480' title='bbox 1191 2418 1292 2462; x_wconf 87' lang='lat' dir='ltr'>Quae</span> <span class='ocrx_word' id='word_1_481' title='bbox 1311 2418 1423 2451; x_wconf 86' lang='lat' dir='ltr'>olivae</span> <span class='ocrx_word' id='word_1_482' title='bbox 1443 2418 1478 2449; x_wconf 92' lang='lat' dir='ltr'>in</span> <span class='ocrx_word' id='word_1_483' title='bbox 1496 2416 1603 2450; x_wconf 85' lang='lat' dir='ltr'>sacris</span> <span class='ocrx_word' id='word_1_484' title='bbox 1620 2415 1790 2449; x_wconf 84' lang='lat' dir='ltr'>colliculis</span> 
     </span>
     <span class='ocr_line' id='line_1_98' title="bbox 1189 2465 2043 2511; baseline -0.006 -9"><span class='ocrx_word' id='word_1_485' title='bbox 1189 2468 1352 2502; x_wconf 87' lang='lat' dir='ltr'>Primum</span> <span class='ocrx_word' id='word_1_486' title='bbox 1371 2468 1524 2502; x_wconf 86' lang='lat' dir='ltr'>ostendit</span> <span class='ocrx_word' id='word_1_487' title='bbox 1541 2468 1684 2511; x_wconf 80' lang='lat' dir='ltr'>glaucae</span> <span class='ocrx_word' id='word_1_488' title='bbox 1701 2478 1841 2499; x_wconf 87' lang='lat' dir='ltr'>ramum</span> <span class='ocrx_word' id='word_1_489' title='bbox 1860 2465 2043 2498; x_wconf 76' lang='lat' dir='ltr'>Minervae</span> 
     </span>
    </p>
   </div>
   <div class='ocr_carea' id='block_1_14' title="bbox 1172 2607 2128 2674">
    <p class='ocr_par' dir='ltr' id='par_1_16' title="bbox 1172 2607 2128 2674">
     <span class='ocr_line' id='line_1_99' title="bbox 1172 2607 2126 2640; baseline 0.002 -8"><span class='ocrx_word' id='word_1_490' title='bbox 1172 2607 1221 2640; x_wconf 79' lang='lat'>51)</span> <span class='ocrx_word' id='word_1_491' title='bbox 1241 2608 1472 2639; x_wconf 78' lang='lat' dir='ltr'>Cognominatae]</span> <span class='ocrx_word' id='word_1_492' title='bbox 1491 2608 1531 2633; x_wconf 86' lang='lat' dir='ltr'>sic</span> <span class='ocrx_word' id='word_1_493' title='bbox 1544 2609 1626 2633; x_wconf 82' lang='lat' dir='ltr'>Editt.</span> <span class='ocrx_word' id='word_1_494' title='bbox 1644 2610 1728 2640; x_wconf 57' lang='lat'>1558„</span> <span class='ocrx_word' id='word_1_495' title='bbox 1750 2610 1822 2635; x_wconf 78' lang='lat'>¹562.</span> <span class='ocrx_word' id='word_1_496' title='bbox 1843 2613 1885 2640; x_wconf 77' lang='lat' dir='ltr'>(z</span> <span class='ocrx_word' id='word_1_497' title='bbox 1898 2610 2037 2634; x_wconf 63' lang='lat' dir='ltr'>Eetnasu.</span> <span class='ocrx_word' id='word_1_498' title='bbox 2055 2610 2126 2634; x_wconf 76' lang='lat'>1551.</span> 
     </span>
     <span class='ocr_line' id='line_1_100' title="bbox 1206 2641 2128 2674; baseline 0.001 -9"><span class='ocrx_word' id='word_1_499' title='bbox 1206 2642 1254 2669; x_wconf 76' lang='grc' dir='ltr'>τᾶς</span> <span class='ocrx_word' id='word_1_500' title='bbox 1285 2641 1526 2674; x_wconf 75' lang='grc' dir='ltr'>ἐπικεκλημένας);</span> <span class='ocrx_word' id='word_1_501' title='bbox 1563 2644 1645 2667; x_wconf 82' lang='lat' dir='ltr'>Editt.</span> <span class='ocrx_word' id='word_1_502' title='bbox 1672 2647 1774 2668; x_wconf 82' lang='lat' dir='ltr'>recent.</span> <span class='ocrx_word' id='word_1_503' title='bbox 1806 2652 1828 2669; x_wconf 74' lang='grc' dir='ltr'>τ.</span> <span class='ocrx_word' id='word_1_504' title='bbox 1858 2643 2061 2674; x_wconf 75' lang='grc' dir='ltr'><em>ἐπικεκλιμένας</em></span> <span class='ocrx_word' id='word_1_505' title='bbox 2095 2657 2128 2661; x_wconf 80' lang='lat'>--</span> 
     </span>
    </p>
   </div>
   <div class='ocr_carea' id='block_1_15' title="bbox 1206 2677 1733 2708">
    <p class='ocr_par' dir='ltr' id='par_1_17' title="bbox 1206 2677 1733 2708">
     <span class='ocr_line' id='line_1_101' title="bbox 1206 2677 1733 2708; baseline 0.004 -8"><span class='ocrx_word' id='word_1_506' title='bbox 1206 2678 1326 2708; x_wconf 85' lang='lat' dir='ltr'>Musgr.:</span> <span class='ocrx_word' id='word_1_507' title='bbox 1358 2678 1475 2708; x_wconf 75' lang='lat' dir='ltr'>vicinae3</span> <span class='ocrx_word' id='word_1_508' title='bbox 1510 2677 1588 2701; x_wconf 43' lang='lat' dir='ltr'>Fixa</span> <span class='ocrx_word' id='word_1_509' title='bbox 1613 2678 1733 2702; x_wconf 87' lang='lat' dir='ltr'>acclinis.</span> 
     </span>
    </p>
   </div>
  </div>
 </body>
</html>
