2373 2980
3 2126 11 2351 ff

3 2372 9 2476 k

4 2546 10 2645 ι

20 2711 23 2729 l

104 77 180 112 973
574 74 679 108 LXX.
734 73 1134 115 INTERPRETATIO

158 163 265 209 Quod
281 173 355 195 non
374 161 590 195 mulctamus
606 168 720 195 morte
740 163 866 197 malos.

155 214 203 247 Et
222 226 317 248 nunc
334 212 454 246 audivi
475 214 653 258 quendam
675 213 851 248 Graecum
870 215 988 260 palam

108 266 207 300 1190
234 264 274 298 In
290 271 422 298 terram
442 265 581 299 venisse
601 271 635 298 et
650 266 811 300 fefellisse
829 267 1090 311 speculatores,

156 317 229 351 Aut
246 316 509 361 exploratorem
522 343 532 357 ,
560 323 622 350 aut
638 317 735 350 furto
755 319 993 352 abducturum

156 369 349 407 Helenam;
388 367 584 407 morietur,
629 368 657 401 si
681 370 788 402 modo
812 370 920 403 fuerit
945 383 1106 415 compre-

519 416 662 453 hensus.

157 472 244 517 Age.
298 471 365 505 Sed
383 477 422 504 ut
440 470 600 510 videtur,
629 471 750 503 omnia
769 478 844 504 acta
865 485 938 506 esse

157 522 325 561 Inveni0;
354 534 437 555 nam
454 521 576 554 relicta
598 534 707 555 vacua
724 523 805 556 sede
823 521 1021 568 sepulchri,

108 573 207 609 1195
236 574 370 607 Helena
391 572 577 617 navigavit
593 585 634 606 ex
649 571 716 606 hac
737 580 843 608 terra.

156 626 235 659 Heu
254 626 369 659 laxate
387 630 523 664 vectes,
552 625 678 658 solvite
699 637 874 670 equorum

157 677 370 722 Praesepia,
397 676 571 716 ministri,
600 682 633 709 et
651 683 834 721 exportate
854 689 996 717 currus,

157 729 207 763 Ut
222 741 265 762 ne
284 741 340 762 me
357 728 458 761 fallat
474 734 623 772 propter
640 728 798 761 laborem
813 754 822 767 ,
849 740 890 761 ex
906 734 1000 761 terra

157 781 232 814 Hac
248 786 432 824 exportata
454 791 567 818 uxor,
596 792 704 824 quam
725 786 864 822 expeto.

109 833 206 867 1200
233 831 443 876 Expectate:
473 830 597 869 video,
627 842 717 875 quos
734 830 1003 875 persequimur,

155 884 287 918 Adesse
304 883 342 915 in
358 883 468 915 domo
480 908 489 921 ‚
516 888 549 914 et
567 893 639 913 non
658 881 831 922 effugisse.

155 935 229 980 Age
247 941 304 974 tu,
334 946 445 980 quare
463 932 678 976 suspendisti
706 933 824 977 nigras
848 939 960 966 vestes
986 945 1003 964 a
1031 944 1107 964 cor-

519 995 627 1028 pore,

156 1036 304 1070 Mutatis
320 1036 428 1075 albis,
458 1041 492 1069 et
507 1047 524 1068 a
543 1047 717 1079 generoso
735 1035 849 1080 capite

155 1088 282 1121 Crines
300 1086 504 1132 praecidisti
521 1086 681 1121 immisso
697 1088 794 1120 ferro
807 1113 816 1126 ,

107 1137 204 1176 1205
219 1138 265 1172 Et
278 1136 463 1172 humectas
476 1144 555 1171 tuas
571 1149 679 1181 genas
696 1138 898 1171 recentibus
914 1134 1105 1182 lachrymis

154 1188 334 1224 Plorans?
360 1196 482 1222 utrum
500 1200 669 1233 persuasa
687 1189 874 1223 nocturnis

153 1241 311 1275 Somniis
327 1240 458 1284 gemis,
486 1245 547 1273 aut
562 1240 696 1274 famam
714 1241 871 1287 aliquam
893 1241 1001 1273 domo

154 1293 315 1327 Audiens
333 1292 457 1325 dolore
475 1291 617 1325 conficis
635 1292 795 1326 animum
816 1299 916 1326 tuum
930 1292 945 1325 ’.Ρ

154 1346 231 1378 Hel.
257 1343 290 1377 O
307 1344 471 1383 domine,
499 1342 586 1387 (iam
605 1344 699 1376 enim
719 1351 752 1377 te
770 1345 818 1378 sic
834 1343 1002 1389 nomino)

106 1397 204 1430 1210
232 1396 347 1433 Perii,
377 1406 432 1427 res
456 1405 558 1426 meae
581 1401 663 1427 sunt
686 1396 877 1435 evanidae,
911 1393 1000 1428 nibil
1027 1407 1102 1428 sum

518 1445 684 1489 amplius·

155 1497 286 1531 Theocl.
316 1494 354 1528 In
373 1507 440 1541 qua
467 1496 670 1530 calamitate
697 1497 875 1531 versaris?
909 1497 1024 1543 qualis
1055 1504 1103 1531 est

518 1553 578 1580 tua
597 1548 768 1582 fortuna?

151 1600 226 1634 Hel,
262 1599 447 1632 Menelaus
460 1625 469 1639 ,
511 1596 570 1631 hei
603 1597 713 1640 mihi,
757 1601 942 1646 quomodo
973 1599 1104 1641 dicam,

512 1656 676 1685 mortuus
695 1657 745 1685 est
763 1650 864 1685 mibi.

155 1704 285 1737 Tlteocl.
320 1702 403 1736 Non
426 1702 564 1746 gaudeo
592 1708 654 1735 tuo
682 1703 828 1742 dolore;
870 1704 929 1736 sed
961 1714 1100 1736 mecum
1128 1707 1131 1725 ¹

511 1754 601 1786 bene
628 1754 756 1798 agitur.

151 1805 346 1850 Quomodo
364 1804 523 1839 novisti?
551 1817 597 1838 an
615 1806 680 1839 tibi
696 1804 871 1839 Theonoe
889 1803 957 1838 hoc
975 1805 1088 1839 dixit?

101 1855 199 1892 1215
226 1859 302 1892 Hel.
330 1857 375 1890 Et
392 1857 452 1890 illa
471 1857 575 1897 dicit,
604 1863 637 1890 et
656 1856 713 1891 hic
729 1870 897 1903 praesens
919 1870 1000 1890 eum
1027 1870 1098 1892 esse

515 1908 722 1944 extinctum.

152 1961 283 1994 Theocl.
311 1959 465 1992 Venitne
483 1960 631 2006 aliquis,
657 1962 719 2007 qui
737 1959 806 1994 hoc
821 1972 903 1993 vere
919 1959 1027 1993 dicit?

147 2012 224 2046 Hel.
252 2011 377 2049 Venit;
406 2010 544 2051 veniat,
572 2018 611 2045 ut
631 2024 696 2057 ego
713 2014 796 2046 volo
812 2025 893 2046 eum
912 2012 1046 2046 venire.
1092 2025 1096 2029 ’

149 2063 280 2096 Theocl.
308 2062 397 2108 Quis
416 2062 491 2096 est?
532 2063 602 2096 Ubi
625 2064 700 2097 est?
727 2071 766 2098 ut
782 2065 888 2098 sciam
909 2070 1058 2097 certum.

144 2116 220 2148 Hel.
247 2113 325 2159 Iste,
351 2114 411 2160 qui
431 2115 528 2147 sedet
547 2116 727 2158 perculsus
745 2118 787 2149 ad
807 2122 1094 2150 monumentum.

95 2166 195 2202 1220
226 2167 354 2201 Theocl.
398 2166 431 2199 O
454 2167 604 2210 Apollo,
654 2180 760 2213 quam
800 2168 1008 2201 deformiter
1044 2173 1094 2200 est

507 2218 664 2252 vestitus.

142 2269 218 2302 Hel.
246 2268 312 2302 Hei
330 2267 438 2309 mihi,
466 2269 591 2302 videor
606 2268 693 2302 mihi
714 2284 831 2304 meum
855 2270 1022 2304 maritum
1044 2270 1092 2304 sic

503 2333 539 2354 se
556 2319 700 2356 habere.

144 2371 273 2405 Theoel.
304 2370 427 2416 Qualis
448 2378 497 2405 est
514 2373 577 2406 iste
596 2373 671 2414 vir,
701 2381 734 2407 et
751 2375 845 2407 unde
864 2373 1035 2418 applicuit
1055 2373 1089 2406 in

504 2421 596 2457 hanc
616 2425 774 2459 terram?

138 2475 213 2507 Hel.
241 2473 417 2514 Graecus,
444 2486 535 2508 unus
553 2487 570 2508 e
588 2476 751 2516 Graecis,
786 2477 847 2523 qui
873 2478 1085 2521 navigarunt

503 2538 583 2559 cum
603 2535 734 2562 marito
754 2541 845 2563 meo.

141 2576 271 2610 Theocl.
304 2576 386 2622 Quo
412 2577 537 2611 mortis
563 2590 692 2622 genere
721 2581 772 2614 ait
796 2580 1000 2614 Menelaum
1026 2592 1085 2624 pe-

509 2629 634 2663 riisse'?

89 2676 186 2713 1225
212 2680 287 2712 Hel.
314 2679 539 2721 Miserrimo,
569 2679 726 2717 humidis
744 2683 908 2717 fluctibus
927 2682 1047 2717 maris.

1161 80 1385 116 HELENAE
1412 81 1663 119 EURIPIDIS.
2085 91 2159 126 974

1210 170 1338 203 Theocl.
1382 169 1479 203 Ubi?
1529 182 1574 203 an
1610 171 1840 216 navigantem
1876 173 1915 208 in
1947 176 2040 209 mari
2078 177 2158 210 bar—

1568 222 1690 256 barico
1703 222 1718 256 ?

1207 272 1283 304 Hel.
1310 270 1571 316 Impingentem
1591 275 1635 307 ad
1651 274 1873 319 importuosa
1892 289 1975 311 saxa
1992 278 2139 324 Libyae.

1213 324 1341 357 Theocl.
1370 323 1417 357 Et
1434 326 1617 370 quomodo
1635 323 1693 359 hic
1707 339 1781 360 non
1796 328 1923 372 periit,
1951 341 2031 363 cuin
2054 331 2159 364 fuerit

1573 377 1690 411 socius
1709 379 1973 423 navigationis?

1210 426 1286 457 Hel.
1316 425 1403 458 Mali
1420 425 1598 460 interdum
1617 436 1701 461 sunt
1717 431 1974 466 fortunatiores
1993 432 2107 465 bonis.

1164 475 1260 509 1230
1290 478 1419 510 Theocl.
1450 478 1520 511 Ubi
1536 479 1736 526 reliquitffi)
1753 483 1854 516 navis
1876 483 2100 527 fragmenta?

1211 528 1286 561 Hel.
1321 527 1391 560 Ubi
1419 529 1556 561 utinam
1584 531 1674 563 male
1703 533 1883 576 periisset,
1927 542 1960 568 et
1990 547 2063 568 non
2085 535 2157 568 Me-

1572 582 1706 616 nelaus.

1216 629 1344 662 Theocl.
1374 629 1434 663 Ille
1453 632 1576 675 periit;
1604 634 1662 666 sed
1682 634 1719 666 in
1736 648 1803 680 qua
1821 636 1905 668 navi
1925 638 2021 670 venit
2038 635 2095 670 hic
2108 638 2121 668 ’ἓ

1211 681 1287 713 Hel.
1314 680 1454 714 Nautae
1472 695 1554 717 casu
1576 685 1805 719 advenientes
1829 695 2040 732 receperunt
2066 701 2158 723 eum.

1571 741 1610 767 ut
1628 735 1724 770 dicit.

1216 783 1344 816 Theocl.
1376 785 1445 818 Ubi
1466 791 1516 819 est
1545 786 1632 819 illud
1655 787 1933 829 simulachrum,
1971 791 2066 835 quod
2094 802 2157 834 pro

1570 843 1604 870 te
1625 838 1751 873 missus
1770 847 1821 873 est
1838 842 1882 874 ad
1903 840 2078 874 Troiam?

1166 882 1261 919 1235
1295 886 1370 918 Hel.
1412 886 1466 920 De
1500 889 1613 933 effigie
1645 890 1750 924 nubis
1781 891 1964 937 loqueris?
2007 892 2094 925 abiit
2124 892 2159 924 iu

1581 952 1711 975 aerem.

1215 988 1343 1022 Theocl.
1372 988 1405 1023 O
1422 990 1566 1024 Priame
1584 998 1618 1024 et
1635 998 1729 1026 terra
1748 994 1929 1035 Troiana,
1951 996 2081 1029 frustra
2101 1007 2158 1038 pe—

1576 1050 1678 1077 rusti.

1210 1092 1285 1124 Hel.
1320 1091 1365 1124 Et
1389 1104 1453 1136 ego
1477 1105 1553 1127 sum
1579 1095 1757 1141 particeps
1791 1097 2004 1131 calamitatis
2030 1096 2159 1130 Troia-

1571 1158 1716 1182 norum.

1213 1195 1343 1228 Theocl.
1368 1194 1529 1242 Reliquit
1544 1197 1714 1232 maritum
1732 1200 1949 1244 insepultum
1962 1226 1971 1240 ‚
2007 1211 2052 1232 an
2075 1211 2158 1232 vero

1574 1250 1661 1283 texit
1675 1251 1795 1284 terra?

1612 1301 1691 1335 Heu
1726 1316 1782 1335 me
1817 1302 1983 1336 miseram
2012 1309 2158 1347 propter

1570 1365 1648 1386 mea
1675 1355 1780 1388 mala.

1165 1398 1260 1434 1240
1292 1401 1422 1434 Theocl.
1452 1402 1607 1447 Propter
1624 1402 1764 1438 hancne
1787 1417 1929 1440 causam
1955 1406 2158 1450 praecidisti

1582 1456 1766 1490 cincinnos
1783 1457 1895 1490 flavae
1912 1458 2060 1491 comae?

1209 1503 1285 1536 Hel.
1313 1503 1459 1538 Amicus
1477 1512 1546 1545 est,
1576 1508 1736 1554 quisquis
1755 1515 1826 1549 est,
1855 1508 1917 1554 qui
1934 1509 2044 1544 adest.

1210 1555 1322 1588 Theol.
1352 1555 1459 1589 Recte
1478 1557 1662 1594 calamitas
1679 1558 1765 1594 haec
1783 1561 2004 1605 deploratur.

1208 1607 1282 1639 Hel.
1310 1608 1367 1640 An
1384 1607 1485 1641 facile
1503 1609 1567 1642 tibi
1583 1618 1691 1651 esset,
1718 1612 1811 1645 mori
1830 1619 1929 1646 tuam
1945 1624 2106 1647 sororem
2118 1612 2131 1644 2³

1212 1658 1340 1692 Theocl.
1373 1659 1631 1706 Nequaquam3
1677 1665 1861 1709 quomodo
1888 1664 2021 1709 igitur?
2058 1664 2155 1697 deiu-

1345 1722 1424 1754 ceps
1440 1711 1547 1745 etiam
1563 1711 1742 1749 habitabis
1760 1717 1804 1749 ad
1819 1714 1886 1749 hoc
1903 1713 2154 1761 sepulchrum?

1162 1758 1255 1794 1245
1281 1762 1357 1794 Hel.
1394 1762 1489 1807 Quid
1516 1777 1573 1798 me
1598 1765 1757 1807 lacessis,
1799 1780 1864 1801 nec
1899 1767 2034 1802 omittis
2058 1780 2154 1800 mor-

1573 1818 1699 1851 tuum?

1210 1864 1340 1898 Theocl.
1368 1865 1425 1899 Tu
1445 1879 1480 1900 es
1498 1868 1565 1901 fida
1588 1875 1648 1902 tuo
1667 1870 1817 1911 marito,
1845 1870 1983 1915 fugiens
2001 1883 2067 1905 me,

1203 1917 1278 1948 Hel.
1306 1915 1389 1950 Non
1404 1919 1577 1964 amplius;
1606 1920 1677 1954 iam
1695 1922 1810 1967 incipe
1829 1935 1925 1956 meas
1942 1923 2095 1967 nuptias.

1205 1969 1332 2001 Theocl.
1358 1969 1444 2003 Sero
1465 1972 1608 2016 quidem
1626 1973 1744 2014 venis,
1773 1981 1892 2007 tamen
1909 1975 2017 2008 laudo
2036 1972 2114 2008 hoc.

1203 2020 1276 2052 Hel.
1305 2019 1379 2054 Scis
1401 2021 1526 2066 igitur,
1556 2024 1641 2069 quid
1662 2026 1767 2059 velim
1793 2033 1826 2059 te
1851 2025 1993 2059 facere?
2028 2026 2150 2070 priora

1564 2076 1830 2111 obliviscamur.

1152 2120 1249 2156 1250
1280 2124 1409 2159 Theocl.
1439 2125 1556 2171 Quam
1576 2128 1620 2160 ob
1639 2128 1808 2162 causam?
1843 2141 1907 2173 ego
1924 2129 2072 2161 reddam
2091 2129 2150 2161 be-

1560 2179 1725 2213 neficium
1745 2192 1811 2224 pro
1830 2180 2013 2214 beneficio.

1197 2226 1273 2258 Hel.
1301 2225 1486 2263 Faciemus
1505 2229 1648 2271 foedus,
1677 2238 1709 2264 et
1723 2231 1963 2265 reconcilieris
1979 2228 2078 2264 mihi.

1202 2278 1331 2312 Theocl.
1373 2279 1533 2314 Remitto
1566 2281 1852 2326 indignationem
1885 2284 2074 2317 adversum
2102 2288 2146 2322 te,

1559 2333 1689 2368 avolet.

1193 2381 1268 2413 Hel.
1286 2380 1388 2414 Nunc
1404 2388 1436 2415 te
1452 2395 1515 2427 per
1529 2381 1616 2417 haec
1631 2397 1758 2429 genua,
1783 2387 1929 2432 quando
1947 2399 1982 2420 es
1999 2387 2144 2421 amicus.

1197 2433 1327 2466 Theocl.
1355 2433 1471 2478 Quam
1490 2447 1564 2468 rem
1584 2444 1708 2480 petens
1725 2438 1872 2482 supplex
1891 2451 1995 2482 rogas
2012 2437 2094 2471 me.0

1144 2481 1241 2517 1255
1275 2486 1350 2518 Hel.
1392 2485 1486 2519 Volo
1519 2488 1687 2521 maritum
1714 2502 1831 2523 meum
1860 2491 2063 2523 defunctum
2091 2503 2140 2522 se-

1551 2540 1672 2583 pelire.

1208 1297 1282 1330 Hel.
1319 1296 1550 1343 Insepultum.

1170 2660 1218 2689 67)
1241 2661 1367 2692 reliquit]
1393 2662 1434 2686 sic
1459 2663 1540 2687 Editt.
1566 2667 1670 2690 recent.
1697 2667 1743 2694 (Ξ
1764 2666 1856 2696 Eun-ip.
1881 2664 2014 2697 Amzdv);
2052 2666 2134 2690 Editt.

1210 2697 1285 2720 1555.
1295 2714 1302 2728 ,
1326 2697 1399 2723 1562.
1418 2698 1557 2728 relinquit.
