2373 2980
0 90 132 156 0121

40 0 43 16 l

40 17 43 66 l

0 180 41 240 ,54

40 256 41 266 κ
89 236 199 271 minei
213 242 315 276 sunt,
342 241 515 280 tanquam
534 233 782 268 occidentales.

0 271 7 291 Π

89 186 202 219 imum
220 184 327 224 coeli,
364 184 402 216 in
424 183 570 229 reliquis
591 182 730 216 duobus
754 181 1016 227 quadrantibus
1041 180 1090 213 fe-

340 341 393 373 De
419 341 558 373 diurnis
582 344 613 373 et
643 338 829 372 nocturnis.

195 407 368 442 Similiter
386 413 420 440 et
439 419 518 440 cum
544 404 748 451 temporum
775 406 846 438 duo
875 403 946 437 sint
971 403 1094 436 discri-

93 460 190 494 mina
209 459 422 504 praecipua,
450 458 523 491 dies
543 465 577 491 et
594 470 682 491 nox:
717 457 791 490 dies
808 455 920 499 magis
939 457 982 487 ad
1004 467 1095 487 mas-

94 512 209 546 culam
239 517 404 543 naturam
441 509 623 553 congruit,
673 508 757 554 quia
789 507 905 540 maior
939 506 1095 539 interdiu

95 563 193 596 calor
210 569 279 602 est,
307 568 341 594 et
364 567 514 593 naturae
540 561 585 592 ad
612 561 788 603 agendum
815 558 972 591 acriores
994 563 1095 595 sunt;

95 627 167 648 nox
187 626 269 646 vero
294 614 338 645 ad
361 612 574 651 femineam,
610 617 759 655 propter
781 608 1033 643 humiditatem
1063 614 1097 641 et

96 665 224 711 quietis
257 663 528 708 appetitionem.
596 662 764 695 Tradunt
786 661 919 705 igitur,
953 666 1097 693 noctur-

96 728 161 749 nas
179 715 296 749 stellas
315 727 387 748 esse
405 714 545 747 Lunam
567 720 601 746 et
616 713 814 751 Venerem;
847 712 993 745 diurnas
1010 723 1095 744 vero

95 767 213 801 Solem
231 773 265 799 et
281 764 419 804 Iovem;
456 765 667 809 participem
692 777 778 797 vero
803 764 989 808 utriusque
1013 774 1098 795 con-

96 818 243 852 ditionis
266 817 506 857 Mercurium,
551 829 631 849 cum
665 822 716 849 est
746 815 863 855 Eous,
906 816 1097 851 diurnum;

97 882 178 903 cum
197 881 280 902 vero
300 869 522 913 vespertinus
550 874 621 907 est,
653 873 883 900 nocturnum.
944 865 1097 910 Utrique

97 933 182 954 vero
196 920 395 953 conditioni
413 919 653 952 attribuerunt
673 919 915 951 maleficorum
933 918 1099 956 alterum,

97 972 208 1006 secuti
224 984 297 1004 non
317 971 587 1005 similitudinem
606 969 806 1015 qualitatis,
833 970 894 1003 sed
912 968 1098 1002 diversita-

98 1030 182 1057 tem.
249 1022 341 1056 Nam
366 1035 444 1056 cum
470 1022 578 1056 stellis
602 1022 718 1054 bonae
746 1020 1012 1054 constitutionis
1037 1020 1099 1052 ad-

96 1074 294 1118 iunguntur
310 1074 463 1115 similes,
490 1073 688 1106 bonitatem
708 1084 831 1105 earum
850 1078 1001 1115 augent;
1037 1071 1099 1104 sed

96 1125 299 1159 exitialibus
322 1126 501 1159 admixtae
530 1124 736 1163 dissimiles,
778 1121 968 1156 cohercent
999 1122 1100 1154 mali-

98 1177 170 1210 tiae
190 1175 466 1210 vehementiam.
520 1174 602 1208 Ideo
621 1175 837 1214 Saturnum,
867 1174 929 1218 qui
951 1173 1100 1216 frigidus

100 1234 170 1269 est,
206 1228 446 1261 adiunxerunt
468 1226 578 1259 calori
603 1225 754 1264 diurno,
792 1231 827 1257 et
852 1224 1006 1257 Martem
1036 1224 1101 1258 sic-

101 1292 182 1312 cum
210 1285 408 1311 nocturnae
433 1276 652 1311 humiditati.
719 1275 775 1308 Sic
800 1282 950 1321 uterque
975 1288 994 1307 a
1018 1287 1101 1307 con-

100 1329 213 1363 traria
231 1329 484 1363 constitutione
499 1329 612 1360 factus
627 1327 870 1366 moderatior,
898 1326 1011 1370 magis
1036 1327 1103 1359 erit

100 1386 330 1424 temperatus.

216 1482 306 1523 Quid
330 1480 463 1514 valeant
486 1481 613 1513 diversa·
632 1481 763 1523 positus
789 1479 834 1513 ad
861 1479 986 1513 Solem.

202 1550 278 1585 Iam
310 1557 345 1584 et
366 1555 515 1595 propter
536 1549 673 1594 positus
699 1549 744 1582 ad
768 1548 887 1582 Solem
911 1548 1105 1582 intendunt

101 1609 164 1638 aut
179 1603 369 1636 remittunt
386 1614 466 1635 suas
482 1601 575 1635 vires
593 1600 694 1634 Luna
708 1627 717 1641 ,
745 1600 942 1641 Saturnus,
968 1600 1104 1645 lupiter

103 1662 138 1689 et
153 1655 263 1688 Mars.
322 1652 427 1686 Luna
444 1652 539 1685 enim
557 1664 575 1685 a
596 1652 868 1693 coniunctione,
903 1653 1016 1685 donec
1043 1665 1104 1697 ap-

101 1713 206 1752 paret
222 1705 428 1745 dimidiata,
462 1703 576 1748 magis
596 1710 647 1737 est
661 1703 821 1747 rigatrix.
880 1702 967 1737 Inde
992 1716 1104 1749 usque

100 1759 151 1791 ad
174 1756 413 1802 plenilunium
439 1755 610 1789 calefacit.
678 1756 710 1788 A
733 1755 955 1799 plenilunio,
990 1756 1104 1788 donec

100 1809 233 1843 iterum
251 1808 437 1842 dimidiata
457 1808 625 1852 adparet,
652 1806 814 1840 desiccat.
868 1806 922 1840 Ab
947 1819 989 1840 eo
1017 1813 1104 1840 tem-

103 1873 213 1906 pore,
241 1861 354 1893 donec
372 1859 590 1898 occultatur,
615 1858 802 1901 frigefacit.

207 1911 379 1946 Errantes
395 1923 480 1943 vero
499 1910 620 1944 stellae
631 1936 640 1949 ‚
667 1910 781 1942 donec
796 1914 878 1942 sunt
894 1909 1106 1949 matutinae,

102 1976 215 2009 usque
234 1964 280 1996 ad
298 1963 451 2007 primam
471 1961 676 2001 stationem,
700 1960 812 2004 magis
830 1958 1057 1999 humectant;
1085 1973 1104 1993 a

105 2015 221 2060 prima
240 2015 412 2054 statione,
440 2014 553 2046 donec
569 2012 672 2045 initio
692 2012 806 2046 noctis
825 2012 1003 2052 oriuntur,
1032 2024 1105 2044 ma-

106 2066 158 2111 gis
176 2066 397 2099 calefaciunt.
432 2065 487 2097 Ab
504 2071 586 2097 ortu
603 2070 721 2097 autem
741 2063 945 2108 vespertino
957 2090 966 2104 ,
994 2076 1106 2109 usque

105 2118 152 2151 ad
169 2118 361 2151 secundam
377 2117 568 2151 stationem
581 2142 590 2155 ,
616 2115 729 2159 magis
747 2115 936 2149 desiccant.
998 2114 1031 2148 A
1053 2128 1107 2149 se-

106 2170 222 2203 cunda
249 2169 422 2207 statione,
456 2179 568 2213 usque
593 2168 637 2200 ad
663 2168 960 2206 occultationem,
994 2166 1107 2211 magis

102 2220 342 2265 frigefaciunt.
418 2219 648 2253 Manifestum
680 2225 732 2252 est
764 2225 882 2252 autem
896 2245 905 2258 ‚
948 2217 1042 2251 inter
1071 2230 1106 2251 se

107 2272 318 2305 commixtas
357 2283 525 2315 magnam
566 2270 776 2303 varietatem
812 2269 1026 2316 qualitatum
1070 2269 1107 2302 in

107 2322 176 2357 hoc
195 2324 408 2357 circumfuso
427 2335 507 2356 aere
524 2323 675 2361 efficere,
703 2322 752 2354 ita
769 2328 809 2355 ut
825 2321 972 2366 propria
993 2321 1107 2354 cuius-

105 2375 193 2408 libet
217 2375 339 2408 stellae
365 2374 517 2420 qualitas
543 2373 770 2411 dominetur;
814 2374 873 2407 sed
899 2380 1019 2406 tamen
1045 2373 1108 2405 ali-

106 2438 177 2472 qua
196 2439 237 2459 ex
252 2433 353 2471 parte
365 2453 375 2467 ,
402 2432 551 2471 propter
566 2425 722 2470 positum
737 2424 1029 2469 repugnantium,
1052 2437 1109 2458 co-

106 2476 308 2512 herceatur.

304 2587 359 2618 De
385 2585 516 2618 viribus
542 2585 720 2619 stellarum
743 2583 913 2627 fixarum.

210 2652 399 2699 Sequitur,
426 2660 466 2687 ut
484 2654 666 2688 stellarum
692 2654 842 2687 fixarum
867 2652 1034 2698 proprias
1061 2651 1109 2685 ef-

105 2704 276 2739 fectiones
293 2716 563 2749 percurramus,
591 2703 830 2751 deprehensas
850 2704 888 2737 in
905 2717 1028 2738 earum
1046 2715 1109 2736 na-

266 96 405 132 XLVlI.
454 92 855 132 INTERPRETATIO
885 92 1057 128 OPERIS
1084 91 1473 139 QUADRIPARTITI
1500 89 1787 126 PTOLEMAEI
1822 90 1912 125 LIB.
1937 90 1964 126 Ι.

2098 93 2149 128 22

1145 180 1251 213 turis:
1279 192 1366 225 quas
1384 179 1432 212 ita
1452 178 1630 219 recitabo,
1657 184 1697 211 ut
1713 178 1756 210 ad
1773 177 2045 211 similitudinem
2072 179 2148 223 pla-

1145 238 1311 264 netarum
1328 232 1608 264 accommodem.
1662 229 1712 262 Ac
1737 229 1839 262 initio
1864 241 1882 261 a
1908 229 2064 262 Zodiaco
2091 242 2150 263 or-

1147 283 1299 315 diemur.

1249 332 1378 366 Stellae
1397 333 1434 364 in
1452 333 1565 376 capite
1584 331 1714 365 Arietis
1734 332 1805 364 vim
1825 330 1960 364 habent
1986 333 2148 374 mixtam,

1148 397 1189 418 ex
1206 390 1334 417 natura
1351 383 1478 415 Martis
1499 389 1530 415 et
1550 383 1707 416 Saturni.
1768 384 1869 428 Quae
1895 396 1978 417 vero
2004 392 2087 418 sunt
2113 386 2150 418 in

1150 448 1229 475 ore,
1257 435 1328 467 vim
1356 434 1507 468 similem
1536 431 1668 466 babent
1686 435 1886 474 Mercurio,
1921 441 1955 468 et
1982 434 2151 469 nonnihil

1150 488 1318 521 Saturno.
1387 486 1487 530 Quae
1520 497 1605 517 vero
1639 492 1721 518 sunt
1752 486 1787 518 in
1818 488 1907 530 pede
1939 489 2151 530 posteriore,

1150 545 1232 572 sunt
1249 537 1413 570 Martiae.
1468 536 1507 569 In
1525 537 1636 569 cauda
1652 536 1833 570 Venereae
1851 545 1944 573 sunt.

1253 589 1325 622 Ubi
1351 589 1464 621 Tauri
1491 588 1631 631 signum
1658 588 1759 632 quasi
1785 596 2008 633 amputatum
2038 594 2152 626 cerui-

1151 647 1225 681 tur,
1255 641 1436 673 Venereae
1454 646 1554 677 sunt;
1581 639 1744 672 Pleiades
1760 652 1843 673 vero
1854 641 1994 675 Lunam
2012 651 2045 677 et
2056 645 2152 679 Mar-

1151 699 1222 725 tem
1247 692 1418 725 referunt.
1478 690 1517 723 In
1541 691 1656 734 capite
1683 691 1776 723 inter
1803 691 1946 737 Hyadas
1971 707 2039 727 una
2067 697 2152 730 luci-

1152 744 1232 777 dior
1250 750 1284 776 et
1297 743 1470 782 rutilans,
1499 754 1590 788 quae
1609 742 1721 775 facula
1741 742 1890 785 dicitur,
1915 743 2044 778 Martia
2065 756 2126 782 est.

1255 794 1493 828 Geminorum
1512 794 1652 837 signum
1672 793 1708 825 in
1729 795 1877 837 pedibus
1903 796 2021 830 stellas
2046 796 2154 833 babet

1152 847 1277 880 similis
1306 853 1478 884 naturae,
1528 852 1764 889 congruentes
1799 859 1877 879 cum
1910 847 2091 883 Mercurio
2121 858 2155 885 et

1152 896 1320 931 nonnihil
1347 910 1427 930 cum
1451 897 1604 930 Venere.
1673 896 1741 929 Sed
1772 897 1911 931 lucidae
1944 899 1980 932 iu
2005 901 2154 944 femore,

1153 950 1367 983 Saturninae
1384 955 1478 982 sunt.
1532 947 1571 980 In
1587 947 1760 992 capitibus
1777 949 1868 983 duae
1887 950 2039 992 lucidae,
2068 967 2155 1000 qua-

1153 1014 1231 1035 rum
1253 1001 1363 1033 altera
1389 1001 1604 1045 praecedens
1621 1000 1840 1033 Mercurium
1868 1003 1994 1043 refert,
2032 1011 2067 1038 et
2090 1019 2155 1039 no-

1154 1053 1313 1085 minatur
1335 1052 1484 1096 Apollo;
1528 1052 1638 1084 altera
1674 1064 1826 1097 sequens
1850 1054 1981 1087 Martia
2009 1062 2079 1096 est,
2121 1064 2156 1092 et

1153 1111 1302 1137 vocatur
1317 1103 1498 1136 Hercules.

1257 1154 1296 1187 In
1315 1155 1445 1189 Cancri
1468 1154 1578 1187 oculis
1604 1154 1724 1187 stellae
1749 1155 1840 1187 duae
1865 1163 1968 1197 sunt,
2001 1159 2155 1194 similem

1155 1206 1317 1239 eflectum
1340 1204 1532 1245 habentes,
1569 1212 1804 1248 congruentes
1826 1206 2008 1242 Mercurio
2035 1218 2068 1244 et
2094 1213 2157 1245 ali-

1156 1258 1369 1303 quantulum
1390 1257 1511 1290 Marti.
1565 1255 1604 1289 lu
1623 1255 1778 1290 brachiis
1795 1257 1988 1294 Saturnum
2010 1268 2043 1295 et
2062 1263 2156 1297 Mer-

1156 1310 1294 1341 curium
1315 1310 1486 1342 referunt.
1538 1306 1600 1340 Ille
1624 1320 1709 1341 vero
1731 1309 1768 1340 in
1795 1317 1937 1352 pectore
1963 1324 2070 1356 gyrus
2096 1328 2157 1348 ne-

1155 1360 1320 1400 bulosus‚
1350 1366 1500 1393 vocatur
1519 1359 1716 1403 Praesepe,
1748 1359 1902 1396 Martius
1928 1370 1962 1396 et
1984 1363 2157 1401 Lunaris:

1157 1411 1253 1443 iuxta
1272 1423 1377 1456 quem
1393 1411 1563 1456 utrinque
1582 1411 1701 1455 positi,
1727 1415 2033 1456 vocanturAsini,
2060 1418 2159 1452 Mar-

1158 1462 1196 1494 tii
1214 1469 1297 1496 sunt
1320 1468 1354 1495 et
1371 1462 1524 1496 Solares.

1260 1513 1300 1546 ln
1325 1513 1457 1547 Leonis
1483 1512 1596 1558 capite
1622 1513 1713 1546 duae
1739 1513 1955 1550 Saturninae
1981 1526 2084 1560 sunt,
2125 1526 2160 1554 et

1158 1563 1325 1598 nonnihil
1344 1565 1509 1599 Martiae.
1568 1563 1609 1597 In
1634 1565 1768 1598 cervice
1793 1571 1864 1601 tres
1887 1567 2083 1604 Saturnum
2105 1584 2160 1605 re-

1157 1618 1295 1657 ferunt,
1334 1623 1369 1650 et
1396 1614 1564 1650 nonnihil
1594 1616 1827 1651 Mercurium.
1895 1619 1943 1653 At
1975 1621 2092 1656 lucida
2123 1623 2161 1656 in

1159 1670 1286 1709 corde,
1321 1681 1413 1714 quae
1437 1675 1587 1701 vocatur
1604 1668 1780 1712 Regulus,
1808 1669 1963 1705 Martem
1989 1679 2023 1706 et
2037 1672 2160 1708 Iovem

1158 1721 1278 1754 refert.
1333 1720 1435 1765 Quae
1450 1726 1534 1754 sunt
1550 1720 1587 1753 in
1604 1720 1665 1753 ilio
1681 1727 1715 1753 et
1731 1733 1801 1754 una
1819 1721 1857 1755 in
1874 1726 1984 1758 cauda
1995 1724 2025 1770 ⁶)
2043 1727 2161 1770 splen-

1159 1773 1263 1812 dida,
1298 1772 1514 1806 Saturninae
1546 1778 1629 1806 sunt
1661 1778 1695 1805 et
1720 1772 1915 1809 Venereae.
1985 1776 2088 1811 Aliae
2123 1778 2161 1811 in

1158 1824 1354 1858 femoribus
1379 1824 1556 1857 Venerem
1592 1830 1626 1856 et
1654 1822 1823 1857 nonnihil
1853 1825 2074 1862 Mercurium
2106 1842 2162 1863 re-

1158 1876 1290 1910 serunt.

1262 1927 1391 1960 Stellae
1410 1926 1446 1959 in
1463 1926 1621 1970 Virginis
1638 1926 1752 1970 capite
1765 1954 1774 1967 ,
1803 1934 1837 1961 et
1852 1941 1922 1962 una
1940 1942 2048 1974 supra
2067 1931 2161 1964 alam

1160 1979 1373 2018 australem,
1401 1979 1563 2011 referunt
1584 1977 1803 2012 Mercurium
1833 1986 1867 2013 et
1882 1979 2049 2015 nonnihil
2065 1982 2162 2016 Mar-

1160 2037 1244 2064 tem.
1297 2030 1472 2076 Reliquae
1491 2030 1527 2061 in
1545 2029 1598 2061 ala
1624 2035 1658 2062 et
1679 2029 1716 2062 in
1742 2030 1884 2075 cingulo
1908 2032 2047 2066 lucidae
2066 2034 2162 2067 Mer-

1161 2082 1299 2115 curium
1326 2088 1361 2115 et
1382 2079 1549 2115 nonnihil
1574 2080 1751 2115 Venerem
1784 2083 1956 2118 referunt.
2024 2084 2161 2119 Lucida

1161 2146 1246 2166 vero
1277 2134 1315 2166 in
1353 2134 1408 2166 ala
1440 2132 1596 2173 boreali,
1633 2146 1724 2179 quae
1748 2141 1898 2168 vocatur
1919 2135 2162 2178 Vindemitor,

1161 2185 1356 2219 Saturnum
1374 2192 1409 2218 et
1424 2183 1643 2217 Mercurium
1663 2186 1782 2219 refert.
1836 2186 1938 2230 Spica
1957 2194 2075 2221 autem
2092 2187 2162 2222 Ve-

1161 2249 1267 2270 nerea
1287 2243 1321 2270 et
1337 2237 1600 2282 aliquantulum
1614 2236 1744 2269 Martia
1766 2243 1827 2271 est.
1871 2237 1973 2271 Aliae
1992 2239 2030 2273 in
2048 2246 2162 2274 extre-

1160 2288 1228 2322 mis
1253 2289 1402 2333 Pedibus
1429 2294 1463 2321 et
1485 2288 1625 2321 fimbria
1657 2288 1785 2329 vestis,
1828 2288 2011 2324 Venereae
2038 2298 2073 2325 et
2098 2292 2162 2324 ali-

1162 2341 1375 2387 quantulum
1392 2340 1545 2373 Martiae
1563 2346 1657 2373 sunt.

1264 2391 1305 2425 In
1322 2389 1449 2431 chelis,
1476 2404 1538 2424 seu
1565 2391 1668 2434 iugO,
1705 2391 1848 2426 effectus
1871 2389 2006 2426 habent
2028 2393 2162 2429 similes

1161 2442 1239 2477 Iovi
1257 2450 1290 2477 et
1308 2442 1502 2476 Mercurio.
1556 2442 1697 2475 Mediae
1713 2443 1928 2477 Saturninae
1946 2450 1981 2478 et
1998 2445 2162 2491 aliquan-

1162 2496 1276 2530 tulum
1295 2494 1448 2527 Martiae
1465 2499 1558 2527 sunt.

1264 2546 1305 2580 In
1325 2546 1402 2590 ipso
1426 2545 1575 2590 Scorpio
1598 2545 1736 2578 lucidae
1761 2545 1798 2578 in
1825 2546 1943 2579 fronte
1966 2553 2049 2580 sunt
2064 2547 2163 2581 Mar-

1163 2598 1233 2632 tiae
1262 2605 1296 2632 et
1318 2598 1579 2643 aliquantulum
1602 2596 1830 2631 Saturninae.
1901 2598 1991 2631 Tres
2014 2611 2099 2631 vero
2124 2598 2162 2631 in

1197 2684 1228 2711 6)
1247 2681 1393 2710 cauda]sio
1411 2679 1573 2710 scripsimus
1592 2689 1627 2703 =
1644 2680 1715 2705 Ptol.
1734 2678 1779 2709 τῆς
1799 2675 1900 2712 οὐρᾶς-ς
1933 2679 1984 2706 Ed.
2006 2680 2082 2706 155³.
2111 2686 2161 2704 er-

1232 2722 1296 2740 rore
1315 2718 1444 2747 t)·p0gr.:
1473 2720 1567 2740 causa.

1677 2752 1700 2785 2
1711 2747 1731 2765 ἦ
