2373 2980
22 685 23 692 ⁴
12 665 13 674 ⁴
11 448 24 654 *zwffl‘ffl*

116 86 194 125 305
613 84 688 121 LV.

163 177 245 209 Hec.
275 173 322 207 Ut
337 170 467 206 hedera
486 171 655 216 quercui,
681 171 730 206 sic
746 170 829 205 huic
846 170 1061 207 adhaerebo,

167 227 220 260 Ul.
248 226 306 259 An
321 236 397 256 non
416 223 681 267 obtemperabis
698 229 731 256 te
748 223 1049 268 sapientioribus?

113 275 187 311 400
214 278 293 310 Hec.
328 275 430 308 Hanc
465 274 612 320 quidem
644 275 767 309 volens
797 275 909 308 filiam
946 288 1021 308 non
1060 277 1112 309 di-

530 326 686 360 mittam.

164 378 217 411 Ul.
245 377 314 411 Sed
331 388 448 423 neque
465 388 529 420 ego
554 376 669 420 ipsam
692 374 785 410 hanc
809 377 897 410 abeo
924 374 982 410 hic
1005 378 1112 411 relin-

526 439 650 472 quens.

158 479 231 512 Pol.
260 477 378 512 Mater
395 477 552 512 ausculta
570 476 679 518 mihi,
707 484 741 511 et
761 484 818 517 tu,
845 478 895 511 fili
913 478 1074 520 Laetus,

159 528 323 562 Concede
341 528 549 574 parentibus
566 529 644 562 iure
663 529 853 563 commotis
870 530 915 562 ad
933 529 1037 565 iram.

157 579 216 613 Tu
238 592 344 621 vero,
372 593 392 613 o
411 580 559 620 misera,
588 592 667 612 cum
690 580 893 624 potentibus
912 593 957 614 ne
976 594 1108 626 pugna.

105 628 180 666 405
206 629 264 663 An
283 631 335 664 vis
354 633 478 665 cadere
497 630 535 663 in
555 637 709 671 terram,
738 643 777 664 ac
794 632 954 665 sauciare
973 639 1074 666 tuum

155 681 274 722 Senile
292 694 441 726 corpus,
468 694 531 726 per
550 681 623 714 vim
641 682 833 726 protrusa?

155 731 201 764 Et
219 732 425 767 indecenter
441 732 587 767 tractari
608 745 626 765 a
647 733 795 766 iuvenili
812 731 960 766 brachio

152 782 247 816 Male
271 784 445 818 tractata?
486 795 578 829 quae
610 783 758 827 patiaris
790 790 828 817 tu
861 797 1104 831 nequaquam.

510 834 593 868 Nou
609 835 704 867 enim
722 836 833 868 decet.

153 883 223 917 Sed
240 897 260 917 o
279 882 385 917 chara
404 881 492 916 mihi
509 891 623 918 mater
643 885 884 919 dulcissimam
904 898 1052 920 manum

104 934 179 969 410
206 936 355 980 Porrige
368 962 378 976 ‚
406 942 440 968 et
456 947 581 979 genam
602 936 708 981 iunge
726 948 837 981 genae
850 963 859 976 ‚

155 987 338 1032 Quoniam
359 998 545 1032 nunquam
571 987 722 1028 iterum,
757 988 818 1021 sed
844 1000 940 1020 nunc
967 994 1104 1032 postre-

519 1050 618 1071 mum

154 1088 288 1123 Lucem
306 1089 549 1134 circulumque
567 1089 650 1122 solis
668 1088 877 1133 adspiciam.

152 1140 279 1173 Finem
296 1140 415 1185 accipe
430 1139 503 1172 iam
521 1152 682 1173 meorum
702 1140 978 1185 colloquiorum.

154 1191 188 1225 O
203 1197 341 1231 mater,
369 1202 460 1236 qnae
478 1202 533 1223 me
552 1190 739 1234 peperisti,
767 1192 855 1223 abeo
876 1192 921 1223 ad
939 1191 1082 1224 inferos.

102 1242 178 1278 415
205 1244 286 1275 Hec.
315 1241 348 1274 O
364 1241 435 1274 filia
447 1267 456 1280 ‚
484 1253 549 1273 nos
565 1253 650 1273 vero
669 1241 705 1273 in
723 1241 799 1274 luce
815 1241 1021 1275 serviemus.

154 1294 227 1328 Pol.
254 1291 389 1337 Expers
406 1291 596 1332 connubii,
624 1303 748 1336 expers
768 1294 997 1336 nuptiarum,
1026 1293 1103 1338 qui-

518 1343 584 1375 bus
603 1354 659 1374 me
677 1343 912 1376 conveniebat
931 1344 1052 1387 potiri.

154 1397 235 1429 Hec.
260 1392 465 1427 Miseranda
481 1399 519 1425 tu
533 1393 619 1431 filim
637 1393 758 1426 infelix
774 1406 859 1426 vero
878 1406 942 1437 ego
962 1394 1103 1428 mulier.

153 1446 226 1478 Pol.
254 1443 329 1477 Illic
347 1456 432 1477 vero
453 1445 548 1487 apud
564 1444 601 1475 in
618 1444 712 1477 seros
730 1445 850 1477 iacebo
870 1445 1003 1490 absque
1020 1451 1066 1479 te.

152 1498 233 1530 Hec.
259 1494 328 1528 Hei
343 1493 447 1527 mihi!
470 1494 554 1540 quid
571 1494 725 1528 faciam?
749 1495 811 1528 ubi
827 1495 949 1528 finiam
968 1495 1103 1529 vitam?

102 1546 177 1583 420
204 1547 278 1580 Pol.
307 1546 416 1579 Serva
433 1545 589 1586 moriar,
617 1553 718 1590 patre
737 1558 815 1580 cum
834 1547 901 1580 sim
916 1547 1042 1582 libero.

152 1599 233 1631 Hec.
261 1597 336 1631 Nos
353 1609 437 1630 vero
455 1596 714 1642 quinquaginta
736 1598 843 1631 orbae
861 1610 945 1632 sane
968 1598 1102 1632 liberis.

150 1649 225 1682 Pol.
254 1648 351 1693 Quid
375 1648 439 1681 tibi
470 1649 514 1681 ad
538 1647 728 1680 Hectorem
755 1655 816 1682 aut
839 1661 958 1682 senem
985 1650 1100 1683 dicam

524 1698 720 1732 maritum?

152 1751 232 1783 llec.
260 1748 395 1783 Nuntia
413 1750 574 1783 omnium
594 1749 833 1783 miserrimam
853 1763 922 1784 me.

153 1802 224 1834 Pol.
255 1801 287 1833 O
310 1808 454 1846 pectora
478 1807 513 1834 et
535 1801 736 1841 mamillae,
781 1814 872 1846 quae
905 1814 961 1835 me
988 1802 1102 1835 nutri-

520 1851 617 1885 vistis
641 1852 809 1886 suaviter.

103 1899 178 1937 425
207 1904 286 1936 Hec.
314 1901 346 1935 Ο
362 1902 536 1936 infaustae
557 1903 627 1935 filia
644 1903 796 1936 miserae
814 1904 992 1937 fortunae.

156 1955 224 1988 Pol.
253 1952 360 1994 Vale,
389 1966 409 1986 o
428 1959 561 1993 mater,
587 1954 664 1986 vale
681 1954 952 2000 Cassandraque
971 1967 1062 1989 mea.

151 2008 232 2040 Hec.
259 2004 413 2037 Valeant
429 2004 507 2044 alii,
534 2004 642 2037 matri
660 2017 744 2037 vero
762 2017 836 2038 non
852 2012 903 2039 est
919 2006 1066 2041 laetitia.

151 2057 224 2090 Pol.
258 2055 303 2088 Et
345 2056 382 2090 in
426 2055 648 2101 equestribus
685 2054 886 2090 Thracibus
921 2057 1101 2103 Polydore

516 2107 639 2140 frater.

152 2162 232 2193 Hec.
259 2158 296 2191 Si
321 2157 409 2190 vivit
434 2158 564 2197 modo,
609 2158 734 2191 dubito
765 2171 869 2197 vero;
914 2160 1004 2192 adeo
1038 2173 1102 2206 per

517 2209 639 2242 onmia
663 2209 850 2242 infeliciter
867 2222 946 2254 ago.

489 2266 523 2293 et
558 2259 744 2294 morientis
783 2261 925 2294 oculum
961 2262 1102 2295 claudet

518 2317 632 2345 tuum.

155 2364 233 2396 llec.
262 2362 405 2395 Mortua
424 2375 501 2396 sum
521 2374 586 2406 ego
612 2368 705 2395 certe
729 2369 811 2397 ante
838 2369 990 2396 mortem
1014 2374 1100 2407 prae

516 2413 680 2448 miseriis.

156 2463 229 2496 Pol.
255 2463 365 2497 Auser
379 2477 456 2504 me,
485 2477 504 2497 o
523 2464 679 2510 Ulysses‚
704 2466 977 2513 circumponens
994 2470 1100 2509 caput

515 2515 684 2550 vestibus.

156 2563 247 2597 Nam
272 2564 480 2612 priusquam
498 2573 653 2608 macter,
690 2568 933 2601 contabesacta
959 2580 1038 2601 sum
1064 2566 1101 2598 in

517 2619 623 2652 corde

104 2259 177 2295 430
205 2262 277 2296 Pol.
312 2260 438 2300 Vivit,

158 2664 328 2701 Luctibus
343 2668 478 2708 matris,
492 2667 586 2702 hanc
601 2669 747 2714 insuper
762 2669 934 2704 tabefacio
950 2669 1100 2703 fletibus.
1125 2681 1129 2709 ι

109 2722 292 2755 DlssnAxTfl.
312 2725 417 2755 opm.
451 2726 543 2757 V012.
560 2726 682 2758 XVIII.

740 84 1138 122 INTERPRETATIO
1165 89 1391 125 HECUBAE
1423 90 1673 125 EURIPIDIS.

2090 93 2166 128 306

1167 174 1241 210 435
1268 177 1301 210 O
1320 177 1397 216 lux;
1430 178 1564 223 alloqui
1584 177 1678 210 enim
1697 184 1797 211 tuum
1817 189 1951 210 nomen
1966 178 2048 211 licet
2063 177 2166 214 mihi.

1217 227 1277 261 Nil
1296 226 1384 260 mihi
1401 229 1443 260 de
1464 235 1496 261 te
1516 229 1626 273 partis
1650 235 1719 268 est,
1747 229 1817 262 nisi
1834 236 2009 274 quantum
2027 235 2167 275 tempo-

1581 280 1629 313 ris
1648 281 1692 312 ad
1707 280 1865 323 gladium

1216 326 1345 361 Incedo
1362 329 1496 361 interea
1517 336 1550 362 et
1570 331 1745 363 tumulum
1763 329 1923 365 Achillis.

1216 382 1296 413 Hec.
1312 379 1390 413 Heu
1404 378 1510 412 mihi!
1528 381 1664 421 deficio,
1681 382 1870 415 solvuntur
1886 380 1974 415 mihi
1992 383 2166 419 membra.

1215 432 1249 464 O
1265 432 1337 464 filia
1351 457 1360 471 ,
1389 431 1522 474 attInge
1541 438 1690 464 matrem
1705 459 1713 471 ,
1741 435 1888 466 extende
1904 446 2051 467 manum
2063 461 2072 474 ‚

1164 483 1239 519 440
1267 482 1342 523 Da,
1369 495 1413 516 ne
1433 483 1615 528 relinquas
1632 495 1688 515 me
1705 485 1829 517 orbam
1847 485 1984 524 liberis;
2012 486 2117 530 perii,
2142 498 2163 518 ο

1575 546 1722 567 amlcae.

1210 586 1268 620 Sic
1284 584 1610 618 Lacedaemoniam
1631 596 1792 618 sororem
1809 584 2046 619 Geminorum

1212 638 1385 670 Helenam
1405 636 1559 669 videam.
1613 636 1683 669 Per
1701 633 1868 680 pulchros
1885 636 1979 669 enim
1999 637 2121 670 oculos

1211 688 1435 733 Turpissime
1453 687 1604 720 Troiam
1622 687 1715 732 cepit
1730 687 1880 721 felicem.

1505 760 1668 810 [strophe
1698 760 1750 809 1.]
1761 761 1821 808 21).

1210 824 1308 859 Char.
1339 822 1371 856 O
1390 834 1496 862 aura,
1520 822 1660 855 marina
1682 834 1789 863 aura,

1158 873 1234 910 445
1263 874 1364 919 Quae
1382 873 1616 918 pontigradas
1633 880 1756 918 portas

1209 927 1349 960 Celeres
1366 937 1474 958 naves
1495 937 1558 969 per
1574 925 1700 958 fluctus
1717 924 1877 968 paludis,

1210 978 1378 1022 Quonam
1398 988 1454 1008 me
1473 976 1640 1008 miseram
1658 974 1765 1009 vehes
1778 1002 1787 1015 ,

1210 1029 1277 1061 Cui
1294 1040 1394 1061 serva
1415 1027 1460 1058 ad
1476 1028 1624 1060 domum

1207 1080 1374 1114 Possessa
1390 1076 1560 1111 veniam?

1156 1130 1232 1166 450
1260 1132 1317 1164 An
1333 1129 1487 1163 Doricae
1503 1130 1540 1161 in
1557 1129 1655 1161 littus
1674 1128 1818 1162 terrae?

1207 1184 1263 1216 An
1280 1180 1492 1215 Phthiadis?
1530 1181 1591 1213 ubi
1609 1178 1936 1223 pulcherrimarum

1207 1234 1394 1279 Aquarum
1418 1239 1556 1276 patrem

1207 1285 1342 1318 Dicunt
1357 1284 1562 1329 Apidanum
1583 1294 1728 1326 campos
1745 1281 1993 1326 pinguefacere
2005 1282 2064 1328 ²2).

1495 1356 1737 1405 [Antistrophe
1767 1358 1784 1392 1
1791 1356 1819 1405 .]

1156 1415 1231 1452 455
1259 1418 1316 1451 An
1334 1418 1371 1450 in
1389 1418 1541 1452 insulam
1560 1418 1744 1450 maritimo

1206 1470 1321 1502 Remo
1341 1469 1485 1502 missam
1506 1468 1672 1502 miseram
1689 1497 1698 1510 ‚

1207 1521 1376 1554 Miseram
1398 1521 1506 1553 vitam
1524 1518 1714 1554 habentem
1732 1521 1770 1554 in
1787 1518 1922 1554 domo?

1207 1573 1279 1606 Ubi
1298 1571 1480 1617 primitiva
1501 1572 1618 1616 palma

1208 1623 1419 1669 Laui-usque
1439 1635 1558 1656 sacros
1576 1622 1737 1668 porrexit

1156 1674 1230 1710 460
1258 1676 1393 1708 Ramos
1409 1674 1569 1707 Latonae
1589 1672 1717 1707 charae

1207 1728 1337 1760 Partus
1352 1725 1611 1759 recreationem
1630 1725 1744 1758 divini
1755 1724 1827 1772 23)’.“’

1208 1779 1298 1812 Cum
1316 1777 1541 1811 Deliensibus
1560 1777 1686 1822 puellis

1207 1830 1419 1875 Dianaeque
1435 1830 1522 1862 deae

1156 1881 1231 1916 465
1258 1882 1414 1915 Auream
1432 1880 1556 1912 vittam
1577 1891 1750 1924 arcusque
1769 1879 1955 1913 celebrabo
1973 1879 2155 1928 ca11tu‘24)?

1532 1954 1697 2003 [Strophe
1722 1953 1779 2003 2.]

1207 2018 1279 2051 Aut
1296 2016 1453 2051 Palladis
1473 2015 1509 2047 in
1527 2016 1614 2048 urbe

1205 2067 1400 2103 Pulchrum
1420 2079 1563 2100 currum
1586 2065 1748 2100 habentis
1758 2067 1787 2086 '²²¹
1796 2067 1829 2114 a)
1849 2067 2037 2101 Minervae

1189 2170 1238 2198 21)
1257 2170 1454 2199 stropharum,
1474 2168 1715 2198 Antistropharum
1734 2169 1760 2192 et
1779 2169 1892 2198 Epodon
1910 2169 2038 2192 versibus
2055 2168 2082 2192 iu
2103 2169 2152 2192 Ed.

1226 2205 1323 2231 Bam,
1344 2205 1455 2232 praeter
1475 2204 1620 2226 continuos
1641 2203 1725 2226 totius
1745 2204 1906 2233 tragoediae
1925 2209 2072 2233 numeros,
2091 2204 2152 2233 pte-

1224 2243 1338 2268 rumque
1356 2237 1512 2267 peculiares
1532 2237 1615 2260 etiam
1633 2237 1765 2266 adscripti
1783 2239 1862 2268 sunt;
1885 2238 1936 2261 hos
1955 2238 2062 2262 alteros
2082 2238 2153 2262 omi-

1224 2279 1319 2297 snmus.
1636 2294 1643 2299 ,

1189 2315 1236 2347 22)
1258 2316 1356 2339 Dicunt
1370 2327 1404 2332 —
1417 2315 1636 2345 pinguefacere]
1656 2313 1697 2336 hie
1715 2319 1815 2337 versus
1835 2314 1862 2338 in
1882 2314 1931 2340 Ed.
1951 2315 2034 2340 Baru.
2053 2315 2080 2339 in
2099 2316 2150 2340 hos

1224 2351 1293 2375 duos
1312 2352 1354 2373 est
1373 2350 1541 2373 disiunctus:

1313 2386 1345 2408 10
1382 2384 1479 2408 Dicunt
1497 2383 1650 2412 Apidanuin

1311 2421 1340 2443 11
1378 2419 1496 2447 Campos
1516 2413 1731 2447 pinguefacere?

1187 2460 1236 2493 23)
1256 2461 1324 2485 Huic
1344 2462 1404 2484 loco
1427 2460 1453 2483 iu
1473 2459 1520 2482 Ed.
1537 2459 1611 2484 1562.
1631 2460 1772 2489 adscripta
1791 2461 1834 2482 est
1852 2461 1917 2483 nota
1936 2460 2068 2491 margins
2088 2461 2151 2485 Deli

1221 2495 1403 2526 periphrasis.

1187 2537 1235 2569 24)
1255 2540 1375 2562 Auream
1392 2550 1426 2554 —
1447 2534 1566 2565 ca11t11?J
1592 2537 1635 2560 hic
1659 2544 1765 2568 quoque
1790 2544 1866 2564 vers.
1892 2538 1919 2562 in
1945 2538 1995 2561 Ed.
2014 2539 2095 2564 Bai-u.
2121 2539 2148 2563 iu

1223 2574 1291 2597 duos
1309 2573 1463 2596 disiunctus
1484 2573 1542 2595 est:

1311 2607 1343 2630 10
1378 2608 1497 2630 Auream
1516 2606 1627 2636 vittam,

1221 2642 1272 2665 465
1311 2642 1339 2664 11
1378 2643 1521 2671 Arrusque
1539 2641 1684 2664 celebrabo
1703 2637 1807 2665 cantu?

1183 2684 1258 2716 24³)
1280 2684 1418 2713 habentis]
1439 2684 1480 2707 sic
1500 2685 1598 2709 narn..
1618 2685 1740 2715 Musgr.;
1768 2685 1814 2708 Ed.
1832 2685 1906 2709 1562.
1926 2685 2042 2709 habenti.

1531 2721 1580 2754 20
