2373 2980
107 101 181 139 405
508 96 614 133 LVII.

106 189 181 224 220
215 187 383 231 Spirante
404 183 492 216 flatu
519 181 677 229 Zephyri
700 184 737 216 in
765 183 863 216 coelo

432 232 779 281 [Antistroplaee.]

159 289 346 332 Optimum
373 287 576 320 stridorem.
604 284 630 325 †
659 286 780 318 Electa
812 297 852 318 ex
880 285 967 318 urbe
992 295 1071 316 mea

162 340 210 373 Ut
236 350 346 374 essem
370 338 506 370 donum
533 336 715 381 Apollini,
740 337 820 369 veni
846 337 884 369 in
904 336 1098 369 Cadmeam

524 394 655 420 terram

104 442 180 481 225
211 442 432 488 Inclytorum
457 439 654 472 liberorum
679 439 876 482 Agenoris,
901 438 1007 471 missa
1031 435 1099 470 huc

516 490 560 522 ad
584 496 752 533 cognatas
774 489 854 521 Laii

157 544 293 577 Turres
305 569 314 582 ‚
340 553 430 588 quae
449 546 531 574 sunt
548 540 638 574 sicut
656 547 792 574 statuae
812 554 853 574 ex
869 552 957 573 auro
973 540 1098 573 factae.

157 595 244 628 Sum
267 606 368 628 serva
395 591 585 636 Apollinis.

103 647 180 683 230
206 646 397 679 Praeterea
426 649 589 687 expectat
613 655 671 675 me
697 655 788 688 aqua
810 643 955 677 Castalii
979 642 1099 681 fontis,

157 697 207 730 Ut
232 697 324 740 riget
347 708 445 728 meas
466 706 606 734 comas,
636 694 779 728 delicias
803 694 996 738 virginum,

489 743 570 792 [Ep
580 747 627 778 od
636 743 714 791 usu]

152 797 193 831 In
219 797 392 831 sacrificio
410 794 560 829 Phoebi.
582 794 609 835 -Ι-
634 795 666 828 O
681 796 871 839 splendens
889 802 987 841 petra
1009 795 1100 839 ignis

104 848 180 887 235
204 849 356 882 Lumine
382 848 537 880 duorum
563 846 756 886 verticum,
780 860 887 891 supra
914 859 1083 880 cacumen

156 898 307 939 Bacchi3
335 905 368 931 et
395 905 451 938 tu,
478 910 498 930 o
526 897 607 930 vitis
631 896 775 938 Bacchi,

160 953 262 997 Quae
287 951 426 995 profers
452 948 702 994 quotidianum
732 955 871 993 potum,

157 1004 322 1047 Agrestes
348 1001 514 1034 amittens
537 1000 680 1040 botros,
706 1013 725 1033 o
749 1001 869 1033 divina
898 1006 1000 1033 antra
1019 1000 1099 1033 dra-

523 1063 634 1090 coms,

105 1104 182 1142 240
223 1104 269 1138 Et
315 1114 376 1136 vos
410 1108 606 1134 montanae
645 1101 808 1145 speculae
843 1101 1025 1141 Deorum,
1068 1109 1103 1135 et

520 1153 687 1185 nivosum
699 1152 729 1170 3⁰
739 1152 770 1197 ³)

161 1206 395 1240 Circumdans
420 1215 560 1237 sacrum
585 1209 744 1235 montem
771 1202 987 1235 immortalis
1006 1202 1101 1235 Deae

159 1255 317 1295 Chorus,
343 1256 480 1288 utinam
499 1255 582 1286 fiam
599 1254 675 1287 sine
693 1260 790 1286 metu
806 1254 843 1286 in
860 1253 934 1288 istis
952 1254 1103 1288 vallibus

107 1306 184 1345 245
210 1305 370 1347 Phoebi,
399 1306 605 1349 relinquens
628 1304 779 1337 Dircen!

494 1356 725 1400 [Str-opha]

159 1410 263 1444 Nunc
288 1414 370 1441 ante
396 1409 538 1440 moenia
562 1407 709 1439 veniens
735 1405 833 1439 Mars
856 1405 1056 1448 bellicosus,

159 1460 320 1494 Incendit
343 1456 509 1492 hostilem
529 1457 761 1501 sanguinem,
785 1458 881 1502 quod
899 1457 1037 1490 utinam
1059 1470 1102 1491 ne

522 1509 660 1541 accidat
683 1508 782 1546 urbi3

107 1559 183 1597 250
211 1560 454 1602 „Communes
473 1560 568 1593 enim
579 1566 661 1593 sunt
680 1560 877 1592 amicorum
893 1559 1104 1605 doloresffl).

161 1613 362 1646 Commune
379 1618 449 1651 est,
467 1612 495 1645 si
516 1611 602 1656 quid
622 1610 757 1654 patitur
774 1611 839 1643 ista
859 1617 952 1643 terra
967 1617 1102 1655 septem

525 1668 694 1701 turrium,

161 1714 317 1758 Regioni
334 1711 565 1747 Phoenissae.
613 1710 716 1745 Eheu
739 1718 790 1745 est
807 1713 1007 1747 communis
1023 1725 1104 1747 san-

524 1765 621 1808 guis,
648 1776 855 1797 communes
876 1764 979 1798 liberi

109 1814 185 1853 255
213 1816 395 1850 Coruutae
419 1812 496 1849 Ius:
522 1816 651 1861 quibus
677 1828 741 1858 ego

441 1864 780 1915 [Antistroplze]

162 1920 429 1953 Aerumnarum
461 1919 638 1963 particeps
669 1931 759 1952 sum.
792 1916 818 1958 †
849 1918 955 1962 Apud
980 1919 1105 1951 urbem

530 1970 641 2002 nubes
672 1969 879 2013 clypeorum

162 2020 283 2053 Densa
306 2020 484 2063 fulgurat,
508 2020 640 2064 species
669 2027 835 2053 cruentae
863 2032 1013 2064 pugnae,

110 2073 186 2109 260
215 2071 333 2116 Quam
361 2071 458 2104 Mars
484 2083 569 2104 mox
593 2071 728 2103 adseret
753 2072 833 2105 filiis
852 2071 995 2116 Oedipi,

161 2123 297 2156 Ferens
324 2134 454 2155 noxam
486 2124 530 2154 ab
554 2121 774 2167 Erinnybus.

165 2174 199 2207 Ο
223 2174 339 2218 Argos
361 2174 560 2213 Graecum,
587 2179 709 2206 metuo

166 2226 289 2259 Tuum
316 2225 446 2266 robur,
468 2231 502 2258 et
526 2225 581 2265 id,
606 2226 703 2270 quod
727 2222 898 2256 divinitus
922 2222 1061 2256 accidit.

115 2275 190 2313 265
216 2277 298 2311 Non
325 2277 420 2309 enim
445 2277 491 2310 ad
512 2276 685 2310 iniustum
710 2281 891 2308 certamen
917 2280 1075 2307 armatus

167 2328 276 2361 Venit
300 2328 456 2368 iuvenis,
483 2328 545 2373 qui
569 2329 613 2361 ad
639 2326 730 2361 hanc
754 2328 902 2360 domum
928 2326 1074 2359 accedit.

121 2385 395 2434 [Polynices,
434 2389 618 2429 Chorus,
650 2390 838 2428 Iocaste,
878 2384 1108 2433 Eleon-lesu]

174 2440 245 2472 Pol.
271 2440 432 2474 Claustra
459 2439 653 2473 ianitorum
681 2451 738 2472 me
766 2445 977 2483 receperunt

174 2488 310 2530 Facile,
335 2498 374 2524 ut
396 2491 555 2524 venirem
579 2493 617 2523 in
641 2491 779 2530 urbem,

160 2606 226 2637 30³)
253 2606 390 2638 nivosum]
421 2609 461 2632 sic
488 2611 536 2636 (Ξ
561 2608 654 2638 Eurip.
685 2605 850 2640 νιᾳὸβολον)
881 2607 966 2632 Editt.
995 2607 1115 2634 recent.;

195 2641 278 2666 Editt.
297 2642 387 2672 1558.,
409 2643 481 2667 1562.
501 2643 636 2666 vinosum.

159 2676 208 2707 31)
229 2676 296 2699 unic
320 2676 414 2699 versui
433 2677 460 2699 in
479 2677 560 2701 Editt.
583 2678 675 2707 1558,
696 2677 769 2700 1562.
790 2676 818 2699 iu
849 2681 935 2706 marg.
961 2674 1117 2705 appositum

197 2712 239 2734 est
248 2710 448 2740 vroverbium:
468 2712 623 2736 Amicorum
638 2712 729 2735 omnia
747 2711 909 2735 eommunia.

665 96 1065 132 INTERPRETATIO
1089 96 1466 132 PHOENISSARUM
1492 95 1744 132 EURIPIDIS.

2073 97 2148 132 406

1153 184 1229 218 270
1259 185 1414 228 Propter
1447 185 1544 230 quod
1575 184 1682 216 etiam
1710 191 1851 224 metuo,
1895 197 1938 218 ne
1963 198 2019 219 me
2050 186 2147 218 intra

1567 241 1654 267 retia

1206 284 1447 328 Accipientes,
1468 297 1540 317 non
1557 286 1740 318 dimittant
1756 286 1831 320 sine
1851 289 1955 320 caede
1972 291 2148 334 corporis.

1206 335 1438 379 Quapropter
1462 337 1734 369 circumserendi
1758 344 1841 370 sunt
1866 340 2024 385 undique
2052 342 2145 376 oculi

1205 386 1283 418 Huc
1309 392 1343 419 et
1367 387 1469 425 illuc,
1496 399 1540 419 ne
1566 388 1644 430 quis
1669 387 1714 420 sit
1738 389 1853 422 dolus.

1204 438 1374 470 Armatus
1405 450 1550 470 manum
1577 435 1644 469 hoc
1668 450 1761 477 ense,

1153 486 1229 523 275
1254 487 1437 527 Efficiam,
1461 494 1500 521 ut
1524 493 1597 520 tuta
1631 488 1676 521 sit
1700 487 1787 520 mihi
1812 490 1937 523 fiducia
1965 494 2148 530 audaciae.

1206 539 1301 572 Heus
1317 540 1401 584 quid
1421 540 1509 572 istuc
1525 538 1601 572 est?
1627 551 1672 571 an
1690 551 1775 572 vero
1794 541 1980 584 strepitum
2003 546 2149 580 metuo?

1208 590 1371 631 „Omnia
1400 591 1494 623 enim
1515 590 1729 623 audentibus
1753 591 1950 634 periculosa
1969 595 2148 639 videntur,

1207 641 1397 686 „Quando
1422 654 1485 686 per
1510 639 1674 674 hostilem
1702 642 1871 675 incedunt
1897 647 2098 694 terrarum).

1207 692 1369 726 Confisus
1394 706 1473 727 sum
1497 692 1623 731 matri,
1644 692 1696 737 (et
1712 699 1832 726 tamen
1849 706 1923 727 non
1940 696 2047 738 plane
2066 711 2149 732 con-

1566 744 1655 788 fido)

1154 796 1230 831 280
1254 796 1355 841 Quae
1378 793 1466 829 mihi
1493 795 1688 840 persuasit,
1717 800 1756 828 ut
1778 795 1878 829 factis
1904 796 2056 833 induciis
2080 799 2148 836 huc

1566 858 1738 880 venirem.

1207 897 1275 930 Sed
1302 909 1415 941 prope
1432 903 1483 930 est
1500 898 1690 935 auxilium;
1716 897 1787 930 soci
1811 898 1905 930 enim
1931 899 2099 936 altarium

1206 949 1325 993 Prope
1354 950 1501 989 adsunt,
1530 956 1563 981 et
1584 961 1658 982 non
1683 949 1843 981 desertae
1871 950 2011 985 domus.

1207 1002 1280 1043 Age
1307 1000 1485 1032 dimittam
1510 1000 1666 1043 gladium
1695 999 1731 1031 in
1759 1001 1945 1033 obscuram
1970 1003 2150 1046 vaginam,

1207 1051 1252 1084 Et
1276 1049 1339 1084 has
1365 1051 1614 1095 interrogabo,
1642 1062 1735 1096 quae
1760 1052 1902 1084 adstant
1925 1053 2084 1096 aedibus,

1155 1100 1231 1138 285
1266 1102 1481 1146 Peregrinae
1514 1102 1691 1136 mulieres.
1746 1101 1882 1142 Dicite,
1918 1116 2076 1149 quanam
2108 1120 2150 1142 ex

1569 1153 1686 1197 patria

1208 1204 1385 1238 Acceditis
1413 1206 1457 1238 ad
1485 1203 1640 1238 Graecas
1665 1203 1819 1238 domos?

1211 1257 1307 1291 Char.
1335 1256 1448 1288 Terra
1470 1255 1667 1289 Phoenissa
1693 1256 1809 1299 patria
1835 1255 1924 1289 aluit
1948 1269 2021 1294 me;

1209 1307 1386 1350 Agenoris
1409 1314 1557 1351 nepotes
1584 1320 1625 1340 ex
1648 1306 1770 1351 spoliis

1210 1359 1388 1392 Miserunt
1413 1372 1469 1392 me
1493 1357 1562 1392 huc
1584 1356 1732 1391 Phoebo
1759 1358 1971 1397 donarium;

1156 1409 1233 1444 290
1275 1410 1438 1456 Cumque
1468 1417 1557 1444 esset
1597 1422 1654 1442 me
1688 1409 1861 1444 missurus
1894 1409 2027 1456 Oedipi
2061 1413 2154 1449 filius

1574 1461 1726 1505 inclytus

1208 1511 1263 1545 Ad
1288 1513 1533 1546 venerandum
1559 1512 1743 1545 oraculum
1763 1511 1960 1556 Apollinis,
1989 1520 2023 1547 et
2045 1527 2153 1559 pene-

1574 1563 1691 1602 tralia,

1212 1612 1348 1646 Interea
1367 1613 1494 1657 Argivi
1521 1615 1701 1648 duxerunt
1725 1613 1917 1647 exercitum
1944 1616 1988 1648 ad
2017 1617 2155 1653 urbem,

1211 1665 1269 1698 Tu
1287 1677 1372 1698 vero
1391 1666 1567 1709 responde
1586 1663 1686 1705 mihi,
1705 1665 1868 1709 quisnam
1889 1665 1947 1705 sis,
1965 1667 2028 1712 qui
2043 1669 2143 1704 venis

1211 1717 1266 1749 Ad
1291 1715 1436 1750 Thebas
1462 1717 1586 1750 urbem
1613 1723 1747 1761 septem
1775 1716 1940 1750 turrium.

1159 1765 1236 1804 295
1260 1769 1332 1802 Pol.
1358 1768 1467 1801 Pater
1493 1766 1582 1801 mihi
1607 1775 1657 1802 est
1680 1767 1861 1811 Oedipus,
1885 1767 1966 1801 Laii
1987 1770 2091 1812 filius,

1212 1819 1358 1864 Peperit
1382 1832 1438 1852 me
1465 1818 1619 1860 Iocaste,
1642 1820 1711 1852 filia
1737 1819 1934 1859 Menoecei,

1212 1870 1327 1904 Vocat
1356 1883 1411 1903 me
1435 1871 1642 1916 Polynicein
1669 1869 1863 1904 Thebanus
1887 1872 2053 1915 populus.

1215 1924 1313 1957 Char.
1340 1922 1374 1956 O
1395 1923 1561 1966 cognatio
1588 1922 1743 1956 filiorum
1760 1922 1949 1967 Agenoris,

1213 1974 1380 2007 Meorum
1407 1975 1659 2014 dominorum,
1680 1986 1698 2006 a
1722 1975 1850 2020 quibus
1875 1974 1980 2008 missa
2003 1986 2094 2010 sum.

1163 2026 1238 2059 300
1263 2025 1468 2058 Procumbo
1495 2027 1537 2058 ad
1563 2038 1678 2069 genua

1214 2076 1318 2117 Tibi,
1346 2089 1367 2109 o
1391 2089 1472 2115 rex,
1501 2077 1619 2111 colens
1643 2077 1755 2120 legem
1779 2076 1949 2121 patriam.

1214 2127 1353 2162 Venisti
1376 2129 1520 2161 tandem
1538 2135 1617 2173 post
1643 2129 1790 2172 longum
1810 2135 1950 2173 tempus
1968 2127 2006 2159 in
2023 2133 2157 2162 terram

1578 2180 1745 2224 patriam.

1216 2229 1312 2264 Heus
1343 2228 1432 2265 heus
1473 2232 1677 2264 veneranda
1711 2236 1847 2269 mater,
1892 2229 2015 2263 venias
2059 2236 2157 2264 extra

1580 2284 1703 2322 aedes,
1727 2280 1827 2325 aperi
1852 2280 1990 2324 portas!

1165 2331 1241 2367 305
1277 2333 1371 2367 Num
1415 2334 1516 2368 audis
1554 2332 1667 2373 hunc,
1708 2344 1815 2378 quem
1850 2331 2045 2377 peperisti?
2072 2332 2160 2378 quid

1579 2384 1756 2418 cunctaris

1216 2435 1348 2480 Egredi
1376 2437 1494 2470 aulam
1522 2436 1715 2476 excelsam,
1743 2441 1777 2468 et
1802 2433 1989 2479 complecti
2013 2432 2159 2468 brachia

1584 2487 1673 2520 filii?

1219 2540 1339 2572 locust.
1368 2538 1400 2570 O
1421 2539 1578 2582 puellae,
1608 2551 1731 2572 vocem
1757 2536 1991 2574 Phoenissam
2014 2541 2105 2573 intra

1202 2670 1251 2702 32)
1272 2671 1305 2693 H.
1321 2670 1339 2693 Ι.
1365 2669 1391 2693 ἰη
1412 2671 1495 2697 Editt.
1517 2671 1606 2702 1558„
1638 2672 1712 2697 1562.
1738 2673 1803 2696 nota
1827 2671 1958 2702 πιθα-ωας
1988 2670 2067 2695 Hosti
2093 2670 2159 2696 nihi!

1238 2705 1347 2728 videtur
1368 2706 1465 2729 tutum.

1450 2738 1538 2776 26*
