2373 2980
35 390 39 407 1

128 97 205 133 553

173 184 285 230 (Rara
308 181 395 216 haec
419 187 470 216 est
492 181 640 216 felicitas
662 182 699 215 in
723 183 813 230 vita)

539 285 712 319 molestia.

133 388 385 436 [Hm-cules,
419 388 602 426 Chorus,
638 389 863 428 Admetus,
898 386 1092 435 Pheres]

167 459 266 490 Herc.
302 456 497 500 Populares
531 455 685 489 colentes
716 454 810 490 hunc
841 456 957 490 vicum
990 463 1105 490 terrae

529 503 723 547 Pheraeae,

117 559 190 600 480
223 558 317 592 Num
343 558 515 591 Admetus
539 557 639 590 domi
666 557 741 591 est?

166 610 262 644 Ghor.
296 607 359 642 Est
383 608 482 641 domi
506 608 599 642 filius
619 606 800 654 Pheretis,
824 621 844 642 o
871 609 1050 643 Hercules.

164 660 298 694 Verum
323 659 452 700 dicito,
476 671 567 705 quae
590 671 693 693 causa

165 711 276 744 Mittit
294 717 328 744 te
340 709 408 745 hue
421 711 587 744 accedere
605 711 651 743 ad
667 708 736 743 hoc
753 710 925 755 oppidum
941 708 1076 744 Pheras
1086 710 1100 743 1³

162 764 261 797 Herc.
292 762 394 796 Nunc
417 763 577 795 laborem
605 761 758 806 suscipio
782 760 996 807 EurystheO.

113 811 187 847 485
223 816 318 849 Ultor.
346 813 427 858 Quo
454 813 571 853 vadis,
601 812 657 846 cui
673 812 955 857 peregrinationi
971 812 1100 846 instru-

525 870 600 897 ctus
621 862 680 897 es?

162 917 262 949 Herc.
295 914 397 948 Vado
420 921 500 959 post
517 913 769 960 quadriiugum
794 926 937 950 currum
955 915 1094 949 Diome-

523 965 577 999 dis
602 963 821 1012 Thracisffi).

40 1012 47 1069 Ξ
161 1017 257 1052 chor.
306 1016 500 1062 Quomodo
543 1016 701 1061 poteris?
751 1030 797 1050 an
838 1030 873 1052 es
913 1018 1099 1062 imperitus

40 1070 47 1126 ξ
522 1066 699 1113 hospitis?

159 1119 259 1153 Herc.
286 1118 372 1152 Sum
397 1119 600 1164 imperitus;
623 1131 810 1164 nunquam
836 1120 931 1153 enim
956 1120 1037 1153 veni
1062 1121 1096 1153 in

520 1168 728 1204 Thraciam.

160 1221 256 1255 Chor.
299 1220 381 1254 Nou
413 1221 547 1264 poteris
579 1221 655 1253 fieri
678 1221 845 1255 dominus
873 1233 996 1255 currus
1022 1223 1096 1256 sine

518 1284 651 1316 pugna.

108 1320 181 1355 490
216 1323 317 1355 Herc.
348 1321 430 1354 Non
463 1328 514 1356 est
544 1321 635 1355 mihi
658 1322 824 1366 possibile
855 1334 1017 1357 recusare
1046 1323 1094 1356 la-

520 1373 657 1407 horem.

156 1424 252 1457 Char.
285 1422 413 1457 Venies
447 1424 573 1468 igitur,
603 1430 643 1457 ut
668 1423 826 1464 occidas,
855 1425 909 1458 vel
937 1431 976 1458 ut
1004 1426 1092 1459 occi-

516 1474 624 1509 daris.

150 1526 252 1559 Herc.
284 1523 387 1558 Talia
412 1526 607 1559 certamina
633 1538 706 1559 non
727 1526 883 1570 primum
903 1540 998 1561 nunc
1014 1541 1090 1561 cur-

511 1590 552 1610 ro
569 1577 628 1624 56).

132 1627 249 1661 ‘Cleon
281 1627 376 1672 Quid
400 1628 491 1661 lucri
513 1628 618 1663 facies
645 1628 738 1662 victo
761 1629 934 1662 domino?

148 1680 250 1712 Herc.
282 1678 406 1724 Equos
432 1680 606 1713 adducam
628 1678 821 1725 Tirynthio
846 1681 933 1724 regi.

100 1727 173 1763 495
201 1731 297 1764 Gkor.
324 1730 406 1764 Nou
431 1731 534 1764 facile
556 1732 698 1765 frenum
723 1731 880 1764 iniicitur
900 1732 1009 1776 genis.

147 1783 248 1815 Herc.
273 1780 351 1815 Nisi
376 1781 511 1826 spirent
535 1782 655 1827 ignem
676 1794 695 1815 a
723 1782 882 1817 naribus.

148 1833 244 1867 Gltor.
273 1832 371 1877 Quin
395 1831 558 1868 homines
583 1834 742 1867 lacerant
764 1834 900 1878 rapidis
923 1833 1033 1876 genis.

146 1885 243 1917 Herc.
274 1883 451 1918 Pabulum
478 1885 564 1919 dicis
586 1886 742 1918 ferarum
767 1885 982 1924 bestiarum,
1009 1896 1082 1917 non

509 1948 697 1982 equorum.

145 1986 241 2020 ler.
275 1985 420 2022 Videbis
444 1987 629 2032 praesepia
653 1987 825 2032 sanguine
849 1998 1049 2031 conspersa.

92 2031 167 2070 500
196 2038 294 2070 Herc.
322 2035 399 2082 Ipse
415 2050 489 2079 rex,
506 2040 567 2084 qui
587 2039 649 2072 alit
664 2051 774 2085 equos
783 2037 841 2085 ⁵⁷),
856 2039 953 2073 cuius
969 2038 1080 2083 patris

503 2089 616 2123 filium
643 2102 678 2124 se
706 2089 836 2123 iactat?

141 2140 239 2174 Gkor.
267 2139 412 2180 Martis,
429 2147 463 2174 et
479 2140 553 2185 ipse
569 2153 631 2174 rex
648 2147 700 2175 est
715 2139 891 2174 Thraciae
902 2167 912 2181 ‚
928 2153 1075 2174 aureum

498 2190 633 2226 hahens
655 2198 806 2226 scutum.

136 2242 236 2275 Herc.
263 2240 310 2275 Et
332 2239 428 2276 hunc
450 2242 539 2277 mihi
562 2245 721 2277 laborem
748 2243 890 2277 fatalem
915 2243 1011 2276 dicis.

116 2413 163 2444 55)
183 2414 262 2439 Vado
280 2417 344 2445 post
362 2415 550 2447 quadi-lingum
569 2424 679 2443 currum
697 2419 730 2444 D.
750 2420 796 2449 T.]
817 2419 858 2444 sle
876 2420 962 2446 Editt.
985 2421 1070 2446 1558..

151 2448 244 2487 1562.;
258 2450 357 2474 Barn.:
370 2450 450 2475 Vado
465 2451 500 2474 ad
516 2453 704 2484 quadriiugum
719 2460 830 2478 currum
842 2455 875 2478 D.
890 2455 917 2479 Τ.
928 2462 937 2485 ;
950 2456 1070 2487 Musgr.7

150 2483 224 2507 Fix.:
243 2484 285 2508 Ad
304 2484 494 2516 quadi-{iugum
512 2492 621 2512 currum
639 2488 672 2513 D.
693 2489 722 2512 Τ.
741 2489 930 2518 auferendum.

112 2532 162 2565 56)
181 2533 274 2566 curro]
298 2535 339 2574 siti
360 2535 444 2560 Editt.
471 2537 564 2567 1558.;
592 2539 692 2569 Barn.‚
721 2540 845 2570 Musgr.:
876 2546 985 2565 curram
1015 2548 1065 2568 <220

144 2569 302 2627 εἶξαι-ἐρ.
320 2577 356 2593 αν
372 2567 509 2603 δράμοιμ’
529 2569 592 2603 ἐγώ.
611 2573 689 2598 Fix.:
708 2575 802 2599 subibo
822 2577 906 2605 ego„
926 2576 974 2600 Ed.
989 2577 1064 2601 1562,

108 2652 156 2685 57)
176 2654 238 2684 [pse
256 2661 322 2686 rex,
341 2655 386 2685 qui·
404 2656 454 2680 allt
472 2657 572 2686 equos]
590 2656 630 2681 sic
647 2659 729 2684 Editt.
745 2660 832 2686 ¹558..
854 2661 943 2689 1562.;
964 2662 1060 2686 Barim

144 2689 205 2719 lpse
223 2695 306 2721 vero,
326 2689 370 2721 qui
389 2690 457 2714 aluit
475 2691 527 2716 hos
545 2698 633 2723 equos
652 2692 757 2725 (Eurip.
779 2692 809 2718 δ’
822 2693 836 2718 ὁ
856 2695 986 2726 θρέψας).

585 96 658 131 LX.
712 95 1109 133 INTERPRETATIO
1143 98 1417 138 ALCESTIDIS
1450 98 1699 133 EURIPIDIS.

173 236 274 269 Certe
309 233 443 267 viveret
467 245 606 267 mecum
641 246 706 279 per
730 247 873 268 omnem
897 234 1008 267 vitam
1032 235 1108 268 sine

2084 100 2158 135 554

1213 186 1360 230 Semper
1379 186 1472 219 enirn
1491 187 1601 219 fatum
1614 183 1701 218 mihi
1720 187 1849 219 durum
1867 192 1929 225 est,
1947 193 1978 219 et
1998 188 2039 219 ad
2059 200 2151 220 sum-

1572 250 1669 271 mum
1699 237 1845 282 periculi
1872 238 1980 271 ducit.

1210 286 1306 330 Ergo
1330 289 1490 332 oportuit
1512 301 1568 322 me
1592 301 1671 322 cum
1695 288 1823 323 Martis
1846 289 1966 323 liberis

1161 334 1235 370 505
1260 338 1445 382 Pugnare;
1471 340 1628 384 primum
1655 340 1747 373 enim
1776 353 1855 374 cum
1885 340 2065 386 Lycaone,

1209 388 1349 422 Deinde
1374 402 1453 423 cum
1484 390 1628 435 Cygno,
1652 398 1685 424 et
1710 393 1754 424 ad
1779 389 1875 426 hunc
1899 392 2043 426 tertium

1210 439 1387 473 Laborem
1411 441 1537 483 venio,
1567 442 1820 477 commissurus
1857 450 2036 477 certamen
2068 456 2147 477 cum

1574 493 1672 539 equis
1696 500 1729 526 et
1748 494 1907 530 domino.

1209 543 1276 576 Sed
1303 556 1411 577 nemo
1438 550 1507 584 est,
1535 544 1597 590 qui
1622 544 1811 578 Herculem

1208 594 1377 641 Unquam
1407 595 1545 630 visurus
1571 595 1616 629 sit
1638 602 1856 629 metuentem
1882 595 2046 631 hostilem
2072 610 2145 630 ma-

1568 659 1667 681 num.

1156 696 1231 731 510
1267 699 1365 732 Chor.
1397 698 1509 744 Atqui
1534 699 1702 733 dominus
1725 697 1830 732 huius
1855 705 1970 732 terrae

1204 749 1377 783 Admetus
1403 749 1596 793 egreditur.

1205 803 1305 835 Adm.
1338 800 1462 842 Salve,
1490 802 1538 834 fili
1561 800 1673 841 Iovis,
1698 807 1773 834 orte
1801 813 1819 834 a
1845 801 1989 834 Perseo.

1203 854 1306 886 Herc.
1335 851 1381 885 Et
1404 859 1443 886 tu
1465 853 1560 887 salve
1575 880 1584 894 ‚
1611 865 1672 885 rex
1696 850 1963 886 Thessalorum.

1205 905 1302 937 Adm.
1338 904 1503 948 Optarirn
1534 903 1750 951 quide1n55);
1791 904 1863 938 scio
1888 910 1921 937 te
1952 900 2040 936 mihi
2071 915 2142 936 esse

1566 956 1792 990 benevolum.

1153 1003 1226 1039 515
1249 1008 1349 1039 Herc.
1377 1006 1472 1051 Quid
1493 1006 1559 1040 sibi
1582 1007 1658 1040 vult
1681 1006 1838 1040 funebris
1860 1012 2006 1040 tonsura
2016 1005 2041 1037 Ρ·

1204 1059 1303 1090 Atlm.
1330 1057 1540 1102 Sepulturus
1557 1071 1634 1092 sum
1651 1055 1758 1091 hodie
1777 1058 1958 1104 quoddam
1979 1057 2140 1090 cadaver.

1201 1111 1301 1142 Herc.
1332 1108 1429 1142 Deus
1451 1116 1568 1143 arceat
1593 1110 1727 1143 malum
1752 1121 1770 1142 a
1797 1109 1867 1144 tuis
1890 1108 2021 1142 liberis.

1202 1162 1301 1193 Adm.
1331 1159 1452 1194 Liberi
1477 1161 1547 1194 mei
1574 1161 1711 1195 vinmt.

1201 1213 1300 1245 Herc.
1331 1213 1386 1245 An
1411 1218 1513 1253 pater
1534 1224 1640 1246 senex
1663 1219 1827 1247 mortuus
1853 1219 1902 1247 est
1913 1214 1927 1244 Ἴ.)

1149 1260 1224 1298 520
1258 1265 1357 1297 Adm.
1386 1262 1485 1296 Vix-it
1509 1264 1568 1297 ille
1592 1271 1626 1297 et
1648 1270 1774 1298 mater.

1200 1316 1300 1348 Here.
1332 1315 1389 1347 An
1413 1327 1503 1348 uxor
1529 1322 1671 1349 mortua
1699 1315 1774 1351 est?

1198 1367 1297 1399 Adm.
1329 1365 1528 1411 Dupliciter
1552 1379 1697 1412 possum
1723 1364 2007 1412 respondere59).

1196 1419 1297 1450 Herc.
1323 1417 1453 1451 Utrum
1477 1419 1519 1451 de
1544 1425 1705 1459 mortua,
1732 1430 1777 1451 an
1804 1419 1846 1451 de
1870 1418 1950 1449 viva
1971 1414 2081 1449 dicis?

1197 1470 1296 1501 Adm.
1328 1467 1392 1502 Est
1418 1475 1453 1502 et
1474 1481 1550 1502 non
1575 1477 1644 1509 est,
1668 1476 1701 1503 et
1725 1470 1850 1503 dolore
1874 1468 1982 1502 afficit
2004 1479 2074 1500 me.

1145 1517 1219 1554 525
1247 1521 1349 1554 Here.
1379 1517 1501 1554 Nihilo
1527 1521 1606 1566 plus
1631 1521 1721 1559 scio;
1754 1521 1902 1555 obscura
1923 1519 2017 1553 enim
2035 1517 2133 1551 dicis,

1195 1572 1295 1604 Azlm.
1328 1570 1411 1605 Non
1430 1572 1496 1606 scis
1511 1573 1623 1606 fatum
1636 1599 1645 1612 ‚
1679 1573 1775 1618 quod
1791 1572 1909 1607 subire
1927 1583 2002 1604 eam
2027 1581 2133 1613 opor-

1565 1623 1637 1657 tet?

1191 1674 1291 1707 Herc.
1323 1672 1423 1714 Scio,
1448 1687 1524 1707 eam
1550 1675 1736 1709 assensisse
1762 1686 1828 1719 pro
1856 1681 1889 1707 te
1912 1673 2002 1705 velle
2026 1672 2129 1704 mori.

1191 1725 1290 1758 Adm.
1326 1724 1519 1770 Quomodo
1545 1726 1654 1770 igitur
1671 1726 1824 1770 amplius
1841 1733 1911 1765 est,
1938 1725 1964 1758 si
1985 1723 2128 1769 quidem

1548 1775 1616 1811 hoc
1642 1776 1834 1822 promisit?

1188 1827 1288 1861 Herc.
1334 1827 1431 1869 Heu,
1466 1841 1511 1862 ne
1535 1829 1634 1874 prius
1660 1841 1739 1862 eam
1761 1828 1902 1873 lugeas,
1943 1838 2051 1872 quam
2079 1832 2127 1858 est

1555 1887 1698 1914 mortua
1708 1879 1767 1927 ⁶⁰).

1135 1925 1210 1961 530
1240 1931 1341 1964 Adm.
1374 1930 1573 1966 Moriturus
1598 1932 1670 1964 iam
1695 1938 1746 1966 est
1773 1930 2003 1974 mortuusffl).

1184 1982 1284 2015 Herc.
1312 1981 1458 2028 Aliquid
1476 1983 1644 2018 interesse
1661 1983 1906 2017 existimabam
1936 1982 2029 2015 inter
2053 1992 2122 2013 esse

1552 2041 1586 2068 et
1609 2047 1682 2068 non
1704 2047 1788 2068 esse.

1184 2084 1282 2117 Adm.
1315 2084 1371 2117 Tu
1394 2084 1442 2118 sic
1469 2086 1595 2124 sentis;
1622 2098 1685 2131 ego
1709 2086 1822 2119 aliter.

1161 2277 1208 2309 58)
1229 2279 1351 2308 optarim
1370 2278 1489 2311 quidem]
1515 2280 1557 2303 his
1581 2279 1609 2303 in
1635 2284 1723 2309 marg.
1750 2277 1832 2302 Editt.
1854 2277 1946 2304 1558.,
1969 2276 2042 2300 1562.
2067 2277 2116 2300 ad-

1197 2313 1297 2336 duntur
1313 2315 1411 2338 verba:
1430 2315 1526 2337 salvus
1546 2321 1618 2338 esse.

1158 2373 1206 2403 59)
1226 2373 1379 2403 Dupliciter
1398 2381 1422 2404 p.
1438 2375 1474 2402 r.]
1494 2374 1534 2397 sic
1554 2374 1637 2398 Editt.
1659 2373 1749 2397 155⁸..
1772 2373 1863 2402 15623
1883 2374 1974 2401 Barni,
1993 2374 2114 2403 Musgr.:

1192 2408 1344 2437 Dupliciter
1373 2409 1406 2431 de
1434 2414 1466 2431 ea
1493 2415 1517 2437 p.
1538 2414 1576 2438 r.;
1611 2407 1684 2431 Fix:
1711 2408 1816 2437 Duplex
1842 2408 1875 2431 de
1899 2413 1931 2430 ea
1958 2413 2048 2430 serino
2069 2410 2111 2429 est

1190 2442 1253 2466 mihi
1272 2449 1350 2472 quem
1368 2442 1454 2466 dicam
1470 2441 1515 2473 (=
1530 2442 1622 2472 Eurip.
1635 2441 1756 2469 Διπλοῦς
1769 2437 1812 2465 ἐπ’
1827 2438 1914 2471 αὐτὴν
1930 2440 2019 2472 μῦθος
2034 2442 2083 2464 etc.
2093 2446 2108 2466 l.

1157 2500 1204 2533 60)
1224 2508 1258 2525 ne
1286 2501 1362 2531 prius
1389 2506 1447 2524 eam
1474 2500 1595 2531 lugeasf
1618 2506 1696 2530 quam
1722 2502 1765 2524 est
1795 2499 1923 2531 mortua]
1960 2500 1999 2522 sic
2026 2499 2108 2522 Enlltt.

1191 2536 1275 2563 1553,
1298 2535 1388 2561 15622
1408 2536 1506 2558 Bam:
1527 2541 1560 2558 ne
1579 2537 1644 2558 ante
1664 2536 1766 2559 mortis
1780 2537 1890 2565 tempus
1905 2541 2016 2559 uxorem
2037 2534 2108 2561 luge.

1187 2570 1213 2593 in
1234 2571 1282 2593 hoc
1300 2569 1388 2592 differ.

1150 2627 1197 2658 61)
1223 2626 1373 2650 Moriturus
1398 2627 1450 2649 iam
1477 2630 1519 2650 est
1544 2625 1691 2658 mortuus]
1725 2627 1764 2651 sic
1790 2628 1870 2651 t-31litt.
1895 2628 1986 2650 1555.
2015 2625 2104 2648 1562:

1183 2664 1278 2686 Bam:
1305 2661 1378 2685 Obiit
1397 2662 1468 2690 illa3
1503 2661 1547 2691 qui
1566 2663 1640 2685 enim
1660 2668 1725 2685 mm:
1745 2665 1787 2685 est
1807 2663 1985 2686 moriturus.
2013 2663 2038 2682 et
2059 2660 2102 2687 Ψῑῐ

1183 2698 1241 2721 iam
1261 2697 1383 2719 mortuus
1404 2699 1460 2722 est,
1482 2702 1533 2719 non
1553 2696 1669 2727 amplius
1690 2698 1741 2720 est.
