2373 2980
10 1747 20 2980 ——m———fflm
12 1738 13 1742 „
8 1386 18 1730 mma
6 0 17 1380 rmxmffl

49 117 97 152 17

147 201 199 236 Ac
213 196 420 232 hominibus
436 197 549 230 multa
573 195 739 229 accidunt
764 200 912 239 propter
939 205 1044 237 gene-

46 254 158 287 ralem
178 249 490 289 constitutionem,
517 259 592 281 non
616 259 657 280 ex
680 246 826 291 propria
853 244 1045 289 particula-

46 305 96 339 ris
114 309 263 336 naturae
280 300 466 346 qualitate:
495 306 534 332 ut
553 299 697 344 quando
722 303 870 341 propter
897 308 1043 339 magnas

47 355 138 389 aeris
162 351 431 391 conversiones,
476 362 567 396 quae
593 349 781 382 difficulter
816 347 933 380 caveri
963 359 1044 390 pos-

46 413 147 445 sunt,
176 411 271 437 totae
297 410 417 447 gentes
440 402 640 440 intereunt,
675 401 763 434 sicut
786 400 824 431 fit
846 399 883 431 in
907 397 1044 431 ardori-

45 459 130 497 bus,
158 462 219 489 aut
238 453 455 499 pestilentia,
478 459 539 486 aut
553 451 714 491 diluviis,
739 463 818 483 cum
837 461 976 494 semper
992 449 1045 480 in-

46 508 156 542 ferior
176 519 278 540 causa
296 505 502 539 succumbat
524 504 654 536 maiori
678 509 711 536 et
734 501 911 535 validiori.
964 499 1043 533 Alia

47 572 133 594 vero
158 557 325 591 eveniunt
352 561 498 600 propter
524 555 745 598 singulorum
773 552 934 586 naturale
958 558 1044 584 tem-

51 615 299 657 peramentum
312 634 320 647 ,
350 607 393 639 ab
414 606 537 649 exigua
556 612 589 638 et
609 605 777 638 imbecilli
796 603 882 637 coeli
905 604 1044 635 actione

50 668 139 696 orta.
192 659 268 692 Hoc
287 657 490 691 discrimine
515 656 788 695 animadverso,
816 654 1043 699 perspicuum

48 719 118 752 est,
147 717 305 749 eventus,
333 721 394 742 seu
411 720 616 741 communes
634 720 695 741 seu
713 706 957 751 particulares,
984 705 1046 750 qui

48 776 66 796 a
87 762 186 796 coelo
210 767 348 793 tantum
375 760 560 799 oriuntur,
596 759 652 792 cui
675 759 771 791 nulla
799 758 849 791 vis
876 758 1045 790 obsistere

48 819 182 860 potest,
233 812 400 857 quodque
431 811 503 843 vim
537 810 712 843 maiorem
746 807 854 842 habet
887 808 1047 854 quolibet

48 871 172 899 contra
190 864 324 895 nitente
338 889 347 902 ,
375 861 574 895 necessario
595 861 766 894 accidere.

153 914 224 947 Alii
243 926 328 947 vero
347 920 510 952 eventus,
537 913 597 958 qui
613 925 686 945 non
703 925 720 945 a
739 912 815 946 solo
834 917 935 943 motu
958 908 1046 942 coeli

50 967 236 1006 oriuntur,
279 965 307 999 si
333 965 503 998 accedant
530 964 693 1008 opposita
725 963 903 1001 remedia,
945 961 1047 994 facile

52 1023 261 1054 mutantur;
310 1015 339 1049 si
373 1028 457 1048 vero
492 1028 567 1048 non
603 1013 841 1048 adhibeantur
876 1012 1048 1051 remedia,

50 1075 197 1103 eventus
222 1073 415 1113 sequentur
439 1066 573 1111 primas
598 1079 731 1100 causas.
800 1065 909 1111 quue
933 1066 971 1097 fit
996 1063 1048 1095 in-

49 1120 196 1156 scientia
219 1117 428 1158 hominum,
463 1130 537 1151 non
563 1125 710 1162 propter
732 1118 876 1150 fatalem
901 1114 1049 1149 necessi-

51 1178 174 1205 tatem.
243 1169 341 1202 Idem
367 1169 493 1202 accidit
518 1169 554 1201 in
582 1169 769 1208 omnibus,
804 1180 893 1214 quae
915 1165 1051 1200 habent

51 1235 173 1257 causas
188 1222 369 1253 naturales
388 1227 422 1252 et
438 1220 627 1264 principia.
682 1220 774 1254 'Nam
795 1227 827 1252 et
854 1218 991 1262 lapides
1017 1223 1051 1249 et

51 1275 196 1319 plantae
225 1278 259 1305 et
289 1271 505 1310 animantia,
558 1277 592 1303 et
622 1271 767 1303 vulnera
801 1277 835 1303 et
866 1269 985 1302 morbi
1018 1274 1051 1301 et

52 1324 312 1369 aegritudines,
347 1322 478 1365 partim
504 1322 720 1354 necessarias
741 1320 874 1354 habent
897 1320 1050 1354 effectio·

52 1388 135 1414 nes,
162 1373 296 1417 partim
312 1372 480 1416 impediri
499 1372 671 1416 oppositis
691 1373 857 1405 remediis
875 1377 1035 1415 possunt.

155 1423 212 1458 Sic
229 1423 336 1467 igitur
354 1422 628 1456 existimandum
649 1430 719 1463 est,
746 1430 898 1456 naturae
916 1422 1051 1455 studio-

53 1490 111 1512 sos
128 1476 332 1521 praedicere
356 1481 522 1515 eventus,
556 1475 618 1520 qui
644 1475 810 1508 accidunt
832 1472 1051 1513 hominibus,

54 1529 118 1562 tali
134 1527 296 1561 doctrina
309 1553 318 1567 ‚
345 1539 419 1560 non
435 1526 535 1559 inani
550 1526 670 1572 aliqua
693 1526 876 1571 opinione.

158 1579 323 1625 Quorum
341 1578 449 1623 igitur
469 1584 660 1611 eventuum
687 1580 819 1613 multae
844 1585 878 1613 et
901 1590 1052 1623 magnae

57 1643 183 1666 causae
206 1637 308 1669 sunt,
342 1628 381 1663 bi
402 1636 485 1664 sunt
506 1630 747 1670 inevitabile53
792 1632 853 1665 sed
876 1631 955 1670 alii,
991 1629 1051 1675 qui

55 1684 209 1717 leviores
243 1680 377 1715 habent
410 1694 558 1722 causas,
608 1682 710 1716 facile
746 1683 853 1716 vitari
886 1688 1054 1727 possunt;

55 1735 147 1769 sicut
163 1733 311 1773 medici,
340 1734 402 1778 qui
422 1735 568 1767 morbos
586 1740 660 1767 arte
677 1735 888 1774 observant,
925 1734 1055 1767 discer-

56 1799 142 1820 nere
159 1791 309 1830 possunt
326 1785 447 1818 letales
467 1786 510 1818 ab
529 1785 589 1825 iis,
615 1786 674 1831 qui
691 1792 774 1820 sunt
792 1786 977 1820 curabiles.

160 1838 214 1870 De
232 1835 285 1870 his
301 1836 408 1880 igitur
425 1837 628 1877 eventibus,
657 1838 716 1883 qui
736 1838 868 1871 mutari
893 1843 1055 1882 possunt,

57 1889 107 1924 sic
126 1888 311 1922 audiemus
328 1886 620 1928 Genethliacum,
649 1902 729 1922 cum
749 1889 828 1923 talis
855 1889 900 1923 sit
926 1889 1055 1922 consti-

58 1940 169 1975 tutio:
198 1940 235 1973 Si
256 1939 364 1972 suerit
389 1940 573 1973 conversio
598 1940 871 1985 temperamenti
895 1941 1057 1985 corporis

59 1992 255 2026 secundum
272 1991 350 2035 plus
368 1992 422 2023 vel
438 1992 576 2031 minus,
612 1992 708 2025 iuxta
737 1990 830 2025 hanc
851 1991 942 2025 aeris
969 2004 1056 2037 qua-

58 2043 216 2083 litatem,
244 2042 392 2075 morbus
409 2043 488 2076 talis
510 2043 644 2077 existet.
697 2043 753 2076 Sic
776 2050 809 2076 et
834 2043 992 2077 medicus
1015 2044 1057 2077 de

58 2095 236 2129 ulceribus
253 2093 432 2133 iudicans,
458 2095 618 2128 futurum
636 2095 833 2139 praedicet:
869 2107 961 2140 quae
987 2107 1058 2129 ser-

58 2153 166 2191 pent,
194 2157 284 2191 quae
302 2145 598 2189 putrefactionem
614 2146 756 2180 facient.
801 2146 857 2180 Sic
875 2153 908 2179 et
924 2147 966 2179 de
986 2159 1059 2179 me-

58 2198 153 2232 tallis
168 2197 236 2230 dici
256 2203 387 2241 potest:
415 2197 563 2242 Magnes
582 2198 714 2231 serrum
736 2196 857 2231 trahit.
912 2197 1060 2231 Utrum-

62 2262 131 2295 que
149 2249 243 2282 enim
262 2249 291 2282 si
305 2260 390 2281 suae
406 2255 554 2282 naturae
573 2250 814 2295 relinquetur,
843 2255 876 2282 et
893 2249 1059 2293 ignoren-

61 2308 120 2334 tur
143 2299 396 2345 impedientia,
422 2300 493 2333 vim
512 2301 687 2334 exercebit
707 2314 792 2335 suae
810 2308 960 2334 naturae
977 2313 1060 2345 pro-

61 2353 178 2397 priam
199 2358 233 2385 et
250 2351 417 2396 primam.
477 2352 546 2385 Sed
570 2353 688 2386 ulcera
713 2365 779 2386 nec
801 2359 965 2397 serpent,
995 2364 1061 2385 nec

61 2405 359 2449 putrefactionem
377 2402 518 2443 facient,
546 2404 576 2438 si
592 2404 772 2437 contraria
790 2404 928 2438 curatio
947 2415 1061 2437 acces-

63 2456 167 2494 serit;
196 2467 259 2488 nec
282 2455 416 2487 serrum
440 2453 558 2488 trahet
580 2468 744 2500 magnes,
778 2455 809 2489 si
829 2455 987 2500 magneti
1013 2455 1062 2488 al-

62 2507 150 2540 lium
169 2506 276 2540 suerit
294 2506 444 2540 illatum.
496 2506 595 2541 Sicut
621 2507 728 2551 igitur
753 2505 841 2540 haec
864 2506 1063 2551 impedien-

65 2557 115 2591 tia
138 2559 213 2592 fato
238 2558 358 2603 aliquo
384 2559 542 2591 naturali
565 2558 783 2592 contrariam
812 2556 947 2591 habent
977 2558 1063 2598 vim,

66 2609 116 2643 sic
141 2615 175 2642 et
204 2611 247 2642 de
278 2609 570 2644 inclinationibus
601 2623 620 2643 a
654 2610 752 2643 coelo
792 2609 879 2643 ortis
912 2611 1063 2649 dicatur,

67 2672 148 2694 cum
168 2667 229 2693 aut
244 2661 456 2704 ignorantur
474 2662 591 2695 futura
606 2688 615 2702 ,
651 2668 712 2695 aut
728 2674 802 2694 non
818 2661 1064 2706 impediuntur

62 2711 258 2746 -contrariis
276 2713 401 2753 rebus,
431 2713 569 2757 primae
593 2719 744 2747 naturae
768 2713 895 2747 seriem
915 2724 1064 2758 sequen-

114 2771 297 2802 MELANTH.
321 2771 428 2802 Omm.
452 2770 538 2803 Vox..
560 2771 689 2802 XVIII.

233 109 372 147 XLVII.
418 105 818 146 INTERPRETATIO
842 104 1012 141 OPERIS
1041 101 1430 151 QUADRJPARTITI
1455 101 1742 137 PTOLEMAEI
1777 100 1908 136 LIB.I.

2045 102 2092 136 18

1096 198 1166 226 tur.
1226 191 1294 224 Sed
1316 203 1397 224 cum
1421 189 1676 235 praevidentur
1700 194 1733 221 ct
1755 189 2098 230 caventurl'uatura-

1069 217 1074 274 l
1096 243 1187 276 libus
1203 243 1382 282 remediis,
1409 254 1499 286 quae
1518 241 1590 273 vim
1609 239 1741 273 habent
1758 240 1975 272 contrariam
1994 240 2098 285 quasi

1097 294 1197 327 satali
1217 294 1362 333 ordine,
1392 299 1453 326 aut
1476 305 1621 337 prorsus
1649 297 1879 331 avertuntur,
1917 297 1979 324 aut
2002 291 2099 324 miti-

1099 352 1229 390 gantur
1246 350 1404 377 eventus.

1200 395 1365 440 Denique
1383 407 1461 427 cum
1481 395 1604 426 eadem
1623 394 1674 427 vis
1692 392 1930 437 conspiciatur
1948 393 1985 425 in
2010 405 2098 438 qua-

1099 454 1181 480 tuor
1197 447 1281 479 anni
1299 446 1459 491 partibus
1471 471 1480 483 ,
1509 451 1542 477 et
1558 445 1594 476 in
1613 442 1888 488 particularibus
1903 456 2097 488 corporum

1099 498 1378 536 mutationibus,
1422 496 1552 528 mirum
1579 502 1649 535 est,
1685 508 1746 528 cur
1769 507 1892 528 omnes
1918 496 2099 528 fateantur

1099 551 1281 594 generales
1318 547 1580 593 praedictiones
1616 546 1800 590 possibiles
1837 559 1929 586 esse,
1978 547 2098 592 eisque

1099 602 1205 634 tidem
1229 599 1405 639 babeant,
1446 604 1480 631 et
1507 598 1726 641 diligentiam
1752 597 1787 629 in
1815 599 1972 630 cavendo
2000 597 2099 631 adhi-

1099 654 1217 686 beant.
1269 652 1361 686 Nam
1384 656 1538 695 quatuor
1562 649 1647 681 anni
1672 655 1854 692 tempora,
1890 655 1923 681 et
1949 650 2100 683 fixarum

1100 704 1281 737 stellarum
1307 701 1602 746 significationes,
1639 706 1673 733 et
1689 699 1814 733 Lunae
1831 699 1986 744 positus,
2023 701 2101 744 plu-

1100 755 1181 788 rimi
1200 761 1233 787 et
1249 755 1441 788 observant
1459 759 1492 785 et
1510 764 1637 795 magna
1657 751 1839 795 diligentia
1859 751 2015 783 remedia
2039 765 2101 796 op-

1100 812 1256 851 ponunt;
1303 811 1438 838 aestum
1476 804 1615 836 leniunt
1649 803 1754 836 rebus
1789 802 2102 846 frigefacientibus,

1100 857 1254 891 hiemem
1288 855 1592 895 calefacientibus,
1644 860 1677 886 et
1710 854 1745 887 in
1778 854 1984 887 universum
2016 856 2103 887 dant

1102 922 1247 954 operam
1262 935 1271 947 ,
1297 914 1337 941 ut
1360 911 1728 951 temperamentorum
1748 905 2011 939 mediocritates
2031 906 2103 939 effi-

1102 961 1214 999 ciant,
1259 961 1450 992 observant
1477 965 1511 990 et
1538 958 1655 991 stellas
1681 958 1786 997 fixas,
1830 963 1911 989 ante
1945 963 2102 1002 quatuor

1102 1012 1187 1045 anni
1204 1018 1366 1055 tempora
1386 1016 1420 1042 et
1437 1015 1517 1042 ante
1537 1008 1796 1051 navigationes.
1848 1006 1888 1041 In
1906 1008 2002 1041 coitu
2017 1021 2102 1041 vero

1102 1075 1272 1108 pecorum
1300 1069 1333 1095 et
1357 1061 1514 1094 serendis
1536 1059 1687 1104 plantis,
1723 1059 1846 1093 Lunae
1867 1061 2003 1104 positus
2021 1072 2104 1092 con-

1103 1115 1281 1151 siderant;
1310 1125 1426 1158 neque
1454 1110 1545 1145 hanc
1570 1112 1791 1154 diligentiam
1817 1117 1878 1144 aut
1902 1110 2104 1155 impossibi-

1103 1167 1193 1205 lem,
1235 1171 1297 1198 aut
1320 1165 1482 1197 inutilem
1511 1176 1584 1197 esse
1611 1169 1764 1196 censent.
1834 1162 1906 1195 Cur
1932 1162 2039 1205 igitur
2065 1163 2103 1195 in

1104 1216 1380 1262 particularibus
1412 1221 1545 1259 negant
1582 1214 1787 1258 possibilem
1819 1213 2102 1257 praedictionem

1106 1275 1166 1302 aut
1181 1268 1303 1301 utilem
1325 1279 1416 1305 esse,
1445 1280 1524 1299 curn
1543 1278 1584 1298 ex
1601 1266 1820 1311 reliquarum
1840 1265 2105 1309 proprietatum

1104 1320 1280 1358 mixtura,
1313 1318 1431 1351 maior
1457 1324 1518 1351 aut
1541 1317 1661 1350 minor
1687 1323 1802 1350 aestus
1827 1323 1887 1349 aut
1910 1314 2106 1351 humiditas

1104 1368 1349 1415 praedicitur?

1210 1421 1299 1454 Cum
1316 1426 1435 1453 autem
1453 1420 1681 1452 manifestum
1700 1418 1762 1459 sit,
1785 1420 1967 1463 generales
1990 1428 2107 1456 aestus

1106 1472 1224 1506 minus
1242 1471 1372 1506 sentire
1396 1483 1475 1511 eos,
1510 1471 1570 1516 qui
1596 1471 1723 1514 frigida
1750 1478 1955 1515 opponunt:
1990 1479 2110 1517 potest

1107 1526 1232 1558 eodem
1251 1524 1360 1557 modo
1379 1522 1417 1555 in
1432 1522 1672 1567 singularibus
1691 1521 1786 1562 fieri,
1822 1528 1861 1556 ut
1877 1531 2109 1567 opponantur

1106 1576 1264 1610 remedia
1289 1576 1459 1609 adversus
1486 1586 1545 1614 ea,
1579 1586 1670 1619 quae
1695 1580 1826 1618 augent
1851 1573 2109 1610 immoderatos

1108 1631 1280 1669 ardores,
1307 1626 1536 1672 peculiariter
1554 1626 1591 1658 in
1609 1623 1676 1658 hoc
1696 1632 1992 1670 temperamento.

1211 1681 1279 1714 Sed
1298 1691 1437 1713 errores
1462 1678 1498 1711 in
1523 1677 1763 1722 singularibus
1785 1689 1827 1710 eo
1853 1677 1994 1722 saepius
2019 1680 2109 1713 acci-

1108 1734 1217 1773 dunt,
1248 1738 1439 1777 propterea
1464 1732 1560 1777 quod
1587 1730 1775 1764 difficulter
1799 1730 2003 1774 praevideri
2029 1744 2112 1776 pos-

1108 1791 1210 1825 sunt,
1239 1784 1337 1830 quod
1355 1784 1460 1817 etiam
1477 1784 1514 1816 in
1535 1783 1683 1829 reliquis
1706 1781 1842 1815 artibus
1865 1782 2011 1825 accidit,
2046 1784 2111 1820 eis..

1110 1849 1178 1882 que
1193 1837 1299 1869 fidem
1318 1833 1485 1869 detrahit.
1539 1835 1677 1868 Deinde
1695 1836 1906 1882 plerumque
1930 1839 2111 1873 contraria

1109 1888 1268 1921 remedia
1285 1887 1527 1931 negliguntur,
1554 1899 1593 1919 ac
1610 1887 1790 1922 rarissima
1809 1894 1860 1922 est
1874 1896 2003 1923 natura
2020 1892 2110 1925 adeo

1109 1940 1212 1980 felix,
1240 1951 1330 1985 quae
1350 1939 1433 1971 inde
1450 1950 1562 1983 usque
1585 1939 1628 1971 ab
1652 1939 1798 1972 exordio
1822 1951 1896 1973 non
1914 1941 2021 1975 fuerit
2045 1943 2112 1977 im-

1109 1991 1243 2036 pedita.
1296 1989 1382 2023 Inde
1406 1991 1465 2030 fit,
1497 1996 1537 2022 ut
1561 1990 1807 2024 existimentur
1834 1993 1953 2025 omnia
1981 1993 2112 2029 immu-

1112 2043 1269 2076 tabiliter
1285 2042 1426 2075 evenire
1437 2068 1446 2081 ,
1473 2053 1537 2074 nec
1553 2043 1670 2075 caveri
1688 2054 1802 2086 posse.

1215 2094 1272 2127 Sic
1295 2094 1405 2138 igitur
1429 2099 1563 2126 statuo:
1606 2094 1656 2127 Ut
1678 2093 1878 2138 praevisio,
1914 2095 1977 2129 etsi
2002 2096 2112 2128 inter-

1113 2147 1196 2179 dum
1213 2145 1389 2186 fallimur,
1417 2151 1539 2177 tamen
1556 2144 1675 2191 aliqua
1692 2145 1869 2190 possibilis
1888 2153 1957 2187 est,
1985 2154 2019 2180 et
2035 2147 2113 2180 ani-

1113 2197 1361 2231 madversione
1381 2197 1505 2240 digna:
1533 2196 1582 2229 sic
1600 2203 1633 2229 et
1650 2197 1849 2230 doctrinam
1876 2198 1918 2230 de
1945 2199 2112 2233 cavendis

1112 2249 1236 2289 malis,
1279 2249 1419 2282 etiamsi
1447 2260 1522 2280 non
1546 2248 1666 2281 omnia
1695 2248 1843 2288 avertit,
1885 2254 2006 2282 tamen
2030 2262 2112 2284 cum

1114 2301 1234 2346 aliqua
1257 2300 1429 2344 depellat,
1454 2311 1516 2333 seu
1539 2311 1690 2343 magna,
1718 2311 1779 2332 seu
1797 2311 1929 2343 parva,
1955 2301 2113 2336 studiose

1114 2351 1283 2396 amplecti
1299 2358 1332 2384 et
1350 2351 1471 2396 magni
1488 2351 1578 2383 lucri
1596 2352 1708 2384 instar
1723 2351 1851 2384 ducere
1870 2353 2049 2386 convenit.

1218 2403 1315 2436 Haec
1344 2415 1423 2436 cum
1448 2401 1615 2447 Aegyptii
1645 2402 1884 2446 intelli-gerent
1912 2403 1962 2436 ita
1990 2416 2026 2438 se
2050 2402 2113 2437 ha-

1114 2455 1219 2495 bere,
1243 2454 1304 2500 qui
1320 2452 1412 2487 hanc
1429 2459 1540 2486 artem
1565 2453 1718 2486 maxime
1741 2454 1986 2495 celebrarunt,
2010 2467 2114 2500 prae-

1115 2506 1331 2539 dictionibus
1356 2504 1606 2539 astronomicis
1630 2517 1770 2549 semper
1795 2505 1971 2538 medicam
1998 2513 2113 2541 artem

1116 2558 1367 2591 adium-terunt.
1435 2556 1559 2602 Neque
1586 2555 1680 2589 enim
1708 2556 1927 2601 expiationes
1953 2563 1988 2590 et
2012 2569 2115 2591 aver-

1115 2609 1233 2643 siones
1250 2614 1284 2641 et
1307 2607 1464 2641 remedia
1488 2608 1658 2641 adversus
1682 2608 1802 2641 futura
1828 2614 1890 2642 aut
1912 2609 2114 2652 praesentia

1117 2661 1229 2699 mala,
1267 2660 1473 2693 communia
1498 2659 1553 2692 vel
1577 2659 1827 2703 particularia,
1870 2659 2114 2702 tradidissent,

1117 2712 1146 2746 si
1163 2712 1200 2744 in
1217 2708 1283 2744 hac
1299 2710 1471 2756 opinione
1486 2711 1655 2751 fuissent,
1678 2711 1791 2744 averti
1807 2717 1869 2744 aut
1886 2711 1964 2744 tolli
1983 2723 2023 2745 ea
2038 2724 2114 2746 non

1522 2764 1547 2798 2
