<?xml version="1.0" encoding="UTF-8"?>
<!DOCTYPE html PUBLIC "-//W3C//DTD XHTML 1.0 Transitional//EN"
    "http://www.w3.org/TR/xhtml1/DTD/xhtml1-transitional.dtd">
<html xmlns="http://www.w3.org/1999/xhtml" xml:lang="en" lang="en">
 <head>
  <title>
</title>
<meta http-equiv="Content-Type" content="text/html;charset=utf-8" />
  <meta name='ocr-system' content='tesseract 3.04.00' />
  <meta name='ocr-capabilities' content='ocr_page ocr_carea ocr_par ocr_line ocrx_word'/>
</head>
<body>
  <div class='ocr_page' id='page_1' title='image "./operaquaesupersu18melauoft/operaquaesupersu18melauoft_0431.png"; bbox 0 0 2373 2980; ppageno 0'>
   <div class='ocr_carea' id='block_1_1' title="bbox 92 64 660 101">
    <p class='ocr_par' dir='ltr' id='par_1_1' title="bbox 92 64 660 101">
     <span class='ocr_line' id='line_1_1' title="bbox 92 64 660 101; baseline -0.002 0"><span class='ocrx_word' id='word_1_1' title='bbox 92 67 167 101; x_wconf 79' lang='lat'>857</span> <span class='ocrx_word' id='word_1_2' title='bbox 539 64 660 100; x_wconf 90' lang='lat' dir='ltr'>LXVI.</span> 
     </span>
    </p>
   </div>
   <div class='ocr_carea' id='block_1_2' title="bbox 91 150 1082 294">
    <p class='ocr_par' dir='ltr' id='par_1_2' title="bbox 91 150 1082 294">
     <span class='ocr_line' id='line_1_2' title="bbox 91 150 1082 201; baseline 0.002 -13"><span class='ocrx_word' id='word_1_3' title='bbox 91 153 189 188; x_wconf 89' lang='lat'>1170</span> <span class='ocrx_word' id='word_1_4' title='bbox 216 151 354 186; x_wconf 82' lang='lat' dir='ltr'>Fuisses</span> <span class='ocrx_word' id='word_1_5' title='bbox 375 151 517 191; x_wconf 84' lang='lat' dir='ltr'>beatus,</span> <span class='ocrx_word' id='word_1_6' title='bbox 555 152 583 185; x_wconf 89' lang='lat' dir='ltr'>si</span> <span class='ocrx_word' id='word_1_7' title='bbox 609 153 695 198; x_wconf 90' lang='lat' dir='ltr'>quid</span> <span class='ocrx_word' id='word_1_8' title='bbox 719 150 849 187; x_wconf 89' lang='lat' dir='ltr'>horum</span> <span class='ocrx_word' id='word_1_9' title='bbox 875 162 943 195; x_wconf 89' lang='lat' dir='ltr'>est,</span> <span class='ocrx_word' id='word_1_10' title='bbox 987 157 1082 201; x_wconf 89' lang='lat' dir='ltr'>quod</span> 
     </span>
     <span class='ocr_line' id='line_1_3' title="bbox 501 203 886 248; baseline 0.01 -13"><span class='ocrx_word' id='word_1_11' title='bbox 501 203 569 236; x_wconf 88' lang='lat' dir='ltr'>dici</span> <span class='ocrx_word' id='word_1_12' title='bbox 592 205 704 248; x_wconf 85' lang='lat' dir='ltr'>possit</span> <span class='ocrx_word' id='word_1_13' title='bbox 721 205 886 244; x_wconf 58' lang='lat' dir='ltr'>beatunn</span> 
     </span>
     <span class='ocr_line' id='line_1_4' title="bbox 138 256 808 294; baseline 0.003 -6"><span class='ocrx_word' id='word_1_14' title='bbox 138 256 241 290; x_wconf 82' lang='lat' dir='ltr'>Nunc</span> <span class='ocrx_word' id='word_1_15' title='bbox 260 260 377 287; x_wconf 86' lang='lat' dir='ltr'>autem</span> <span class='ocrx_word' id='word_1_16' title='bbox 390 280 398 294; x_wconf 91' lang='lat'>‚</span> <span class='ocrx_word' id='word_1_17' title='bbox 427 266 507 287; x_wconf 90' lang='lat' dir='ltr'>cum</span> <span class='ocrx_word' id='word_1_18' title='bbox 527 261 669 289; x_wconf 86' lang='lat' dir='ltr'>tuarum</span> <span class='ocrx_word' id='word_1_19' title='bbox 688 268 808 290; x_wconf 89' lang='lat' dir='ltr'>rerum</span> 
     </span>
    </p>
   </div>
   <div class='ocr_carea' id='block_1_3' title="bbox 137 304 1109 352">
    <p class='ocr_par' dir='ltr' id='par_1_3' title="bbox 137 304 1109 352">
     <span class='ocr_line' id='line_1_5' title="bbox 137 304 1109 352; baseline 0.003 -14"><span class='ocrx_word' id='word_1_20' title='bbox 137 304 235 341; x_wconf 76' lang='lat' dir='ltr'>Nihil</span> <span class='ocrx_word' id='word_1_21' title='bbox 251 305 358 346; x_wconf 86' lang='lat' dir='ltr'>scias,</span> <span class='ocrx_word' id='word_1_22' title='bbox 386 318 502 351; x_wconf 89' lang='lat' dir='ltr'>neque</span> <span class='ocrx_word' id='word_1_23' title='bbox 525 307 716 352; x_wconf 83' lang='lat' dir='ltr'>quicquam</span> <span class='ocrx_word' id='word_1_24' title='bbox 741 308 883 341; x_wconf 87' lang='lat' dir='ltr'>illarum</span> <span class='ocrx_word' id='word_1_25' title='bbox 907 313 1082 352; x_wconf 86' lang='lat' dir='ltr'>expertus,</span> <span class='ocrx_word' id='word_1_26' title='bbox 1108 328 1109 331; x_wconf 67' lang='lat'><em>=</em></span> 
     </span>
    </p>
   </div>
   <div class='ocr_carea' id='block_1_4' title="bbox 88 357 1067 609">
    <p class='ocr_par' dir='ltr' id='par_1_4' title="bbox 88 357 1067 609">
     <span class='ocr_line' id='line_1_6' title="bbox 495 357 770 393; baseline 0.015 -4"><span class='ocrx_word' id='word_1_27' title='bbox 495 357 699 392; x_wconf 84' lang='lat' dir='ltr'>interfectus</span> <span class='ocrx_word' id='word_1_28' title='bbox 724 371 770 393; x_wconf 92' lang='lat' dir='ltr'>es.</span> 
     </span>
     <span class='ocr_line' id='line_1_7' title="bbox 137 407 885 453; baseline 0.001 -12"><span class='ocrx_word' id='word_1_29' title='bbox 137 407 262 442; x_wconf 78' lang='lat' dir='ltr'>Infelix</span> <span class='ocrx_word' id='word_1_30' title='bbox 279 415 403 453; x_wconf 85' lang='lat' dir='ltr'>caput,</span> <span class='ocrx_word' id='word_1_31' title='bbox 431 415 469 442; x_wconf 90' lang='lat' dir='ltr'>ut</span> <span class='ocrx_word' id='word_1_32' title='bbox 486 415 519 442; x_wconf 89' lang='lat' dir='ltr'>te</span> <span class='ocrx_word' id='word_1_33' title='bbox 539 409 741 443; x_wconf 79' lang='lat' dir='ltr'>afflixerunt</span> <span class='ocrx_word' id='word_1_34' title='bbox 757 410 885 444; x_wconf 85' lang='lat' dir='ltr'>misere</span> 
     </span>
     <span class='ocr_line' id='line_1_8' title="bbox 137 459 972 504; baseline 0.001 -12"><span class='ocrx_word' id='word_1_35' title='bbox 137 460 281 493; x_wconf 88' lang='lat' dir='ltr'>Moenia</span> <span class='ocrx_word' id='word_1_36' title='bbox 300 466 449 504; x_wconf 89' lang='lat' dir='ltr'>paterna</span> <span class='ocrx_word' id='word_1_37' title='bbox 462 486 471 500; x_wconf 88' lang='lat'>‚</span> <span class='ocrx_word' id='word_1_38' title='bbox 497 459 675 504; x_wconf 84' lang='lat' dir='ltr'>Apollinis</span> <span class='ocrx_word' id='word_1_39' title='bbox 694 461 972 495; x_wconf 85' lang='lat' dir='ltr'>aedificationes:</span> 
     </span>
     <span class='ocr_line' id='line_1_9' title="bbox 88 510 1067 556; baseline -0.002 -10"><span class='ocrx_word' id='word_1_40' title='bbox 88 510 186 546; x_wconf 87' lang='lat'>1175</span> <span class='ocrx_word' id='word_1_41' title='bbox 214 511 332 556; x_wconf 81' lang='lat' dir='ltr'>Quam</span> <span class='ocrx_word' id='word_1_42' title='bbox 349 511 544 556; x_wconf 87' lang='lat' dir='ltr'>plurimum</span> <span class='ocrx_word' id='word_1_43' title='bbox 563 513 716 546; x_wconf 81' lang='lat' dir='ltr'>excoluit</span> <span class='ocrx_word' id='word_1_44' title='bbox 732 520 845 547; x_wconf 87' lang='lat' dir='ltr'>mater</span> <span class='ocrx_word' id='word_1_45' title='bbox 863 511 1067 552; x_wconf 86' lang='lat' dir='ltr'>caesariem,</span> 
     </span>
     <span class='ocr_line' id='line_1_10' title="bbox 135 562 767 609; baseline 0.005 -14"><span class='ocrx_word' id='word_1_46' title='bbox 135 562 181 595; x_wconf 85' lang='lat' dir='ltr'>Et</span> <span class='ocrx_word' id='word_1_47' title='bbox 195 563 396 596; x_wconf 88' lang='lat' dir='ltr'>deosculata</span> <span class='ocrx_word' id='word_1_48' title='bbox 414 569 483 603; x_wconf 87' lang='lat' dir='ltr'>est,</span> <span class='ocrx_word' id='word_1_49' title='bbox 511 563 593 596; x_wconf 92' lang='lat' dir='ltr'>inde</span> <span class='ocrx_word' id='word_1_50' title='bbox 611 565 767 609; x_wconf 85' lang='lat' dir='ltr'>erumpit</span> 
     </span>
    </p>
   </div>
   <div class='ocr_carea' id='block_1_5' title="bbox 134 612 1107 659">
    <p class='ocr_par' dir='ltr' id='par_1_5' title="bbox 134 612 1107 659">
     <span class='ocr_line' id='line_1_11' title="bbox 134 612 1107 659; baseline 0 -12"><span class='ocrx_word' id='word_1_51' title='bbox 134 612 302 648; x_wconf 87' lang='lat' dir='ltr'>Interitus</span> <span class='ocrx_word' id='word_1_52' title='bbox 337 614 473 648; x_wconf 86' lang='lat' dir='ltr'>ossibus</span> <span class='ocrx_word' id='word_1_53' title='bbox 511 615 728 657; x_wconf 87' lang='lat' dir='ltr'>confractis,</span> <span class='ocrx_word' id='word_1_54' title='bbox 778 622 817 649; x_wconf 90' lang='lat' dir='ltr'>ut</span> <span class='ocrx_word' id='word_1_55' title='bbox 851 627 925 648; x_wconf 90' lang='lat' dir='ltr'>non</span> <span class='ocrx_word' id='word_1_56' title='bbox 962 615 1107 659; x_wconf 49' lang='lat' dir='ltr'>dicam4</span> 
     </span>
    </p>
   </div>
   <div class='ocr_carea' id='block_1_6' title="bbox 67 666 1078 2404">
    <p class='ocr_par' dir='ltr' id='par_1_6' title="bbox 499 666 634 701">
     <span class='ocr_line' id='line_1_12' title="bbox 499 666 634 701; baseline 0.022 -3"><span class='ocrx_word' id='word_1_57' title='bbox 499 666 634 701; x_wconf 87' lang='lat' dir='ltr'>durius.</span> 
     </span>
    </p>

    <p class='ocr_par' dir='ltr' id='par_1_7' title="bbox 85 716 1078 864">
     <span class='ocr_line' id='line_1_13' title="bbox 135 716 953 762; baseline 0.001 -13"><span class='ocrx_word' id='word_1_58' title='bbox 135 716 168 749; x_wconf 94' lang='lat' dir='ltr'>O</span> <span class='ocrx_word' id='word_1_59' title='bbox 185 728 331 757; x_wconf 85' lang='lat' dir='ltr'>manus,</span> <span class='ocrx_word' id='word_1_60' title='bbox 355 723 396 750; x_wconf 89' lang='lat' dir='ltr'>ut</span> <span class='ocrx_word' id='word_1_61' title='bbox 412 717 605 761; x_wconf 82' lang='lat' dir='ltr'>imaginem</span> <span class='ocrx_word' id='word_1_62' title='bbox 626 719 822 762; x_wconf 81' lang='lat' dir='ltr'>elegantem</span> <span class='ocrx_word' id='word_1_63' title='bbox 840 717 953 762; x_wconf 87' lang='lat' dir='ltr'>patris</span> 
     </span>
     <span class='ocr_line' id='line_1_14' title="bbox 131 767 1016 809; baseline -0.001 -9"><span class='ocrx_word' id='word_1_64' title='bbox 131 767 313 802; x_wconf 87' lang='lat' dir='ltr'>Habuistis</span> <span class='ocrx_word' id='word_1_65' title='bbox 330 768 365 800; x_wconf 88' lang='lat' dir='ltr'>in</span> <span class='ocrx_word' id='word_1_66' title='bbox 382 769 557 809; x_wconf 81' lang='lat' dir='ltr'>articulis,</span> <span class='ocrx_word' id='word_1_67' title='bbox 585 768 705 803; x_wconf 90' lang='lat' dir='ltr'>iacetis</span> <span class='ocrx_word' id='word_1_68' title='bbox 724 770 795 802; x_wconf 90' lang='lat' dir='ltr'>iam</span> <span class='ocrx_word' id='word_1_69' title='bbox 813 769 1016 802; x_wconf 82' lang='lat' dir='ltr'>dissolutae.</span> 
     </span>
     <span class='ocr_line' id='line_1_15' title="bbox 85 819 1078 864; baseline 0 -12"><span class='ocrx_word' id='word_1_70' title='bbox 85 819 183 852; x_wconf 85' lang='lat'>1180</span> <span class='ocrx_word' id='word_1_71' title='bbox 209 819 242 852; x_wconf 91' lang='lat' dir='ltr'>O</span> <span class='ocrx_word' id='word_1_72' title='bbox 264 826 404 863; x_wconf 83' lang='lat' dir='ltr'>gratum</span> <span class='ocrx_word' id='word_1_73' title='bbox 429 832 487 860; x_wconf 91' lang='lat' dir='ltr'>os,</span> <span class='ocrx_word' id='word_1_74' title='bbox 532 832 635 864; x_wconf 81' lang='lat' dir='ltr'>saepe</span> <span class='ocrx_word' id='word_1_75' title='bbox 661 832 808 864; x_wconf 85' lang='lat' dir='ltr'>magnas</span> <span class='ocrx_word' id='word_1_76' title='bbox 837 820 968 864; x_wconf 83' lang='lat' dir='ltr'>glorias</span> <span class='ocrx_word' id='word_1_77' title='bbox 995 831 1078 864; x_wconf 93' lang='lat' dir='ltr'>pro-</span> 
     </span>
    </p>

    <p class='ocr_par' dir='ltr' id='par_1_8' title="bbox 129 872 1077 1224">
     <span class='ocr_line' id='line_1_16' title="bbox 498 872 633 911; baseline 0.007 -8"><span class='ocrx_word' id='word_1_78' title='bbox 498 872 633 911; x_wconf 89' lang='lat' dir='ltr'>ferens,</span> 
     </span>
     <span class='ocr_line' id='line_1_17' title="bbox 132 921 1077 967; baseline 0.001 -13"><span class='ocrx_word' id='word_1_79' title='bbox 132 921 294 962; x_wconf 77' lang='lat' dir='ltr'>periisti,</span> <span class='ocrx_word' id='word_1_80' title='bbox 322 921 550 966; x_wconf 75' lang='lat' dir='ltr'>fefellisti⁷²)‚</span> <span class='ocrx_word' id='word_1_81' title='bbox 579 923 723 967; x_wconf 88' lang='lat' dir='ltr'>qnando</span> <span class='ocrx_word' id='word_1_82' title='bbox 743 922 882 957; x_wconf 88' lang='lat' dir='ltr'>irruens</span> <span class='ocrx_word' id='word_1_83' title='bbox 898 922 935 955; x_wconf 92' lang='lat' dir='ltr'>in</span> <span class='ocrx_word' id='word_1_84' title='bbox 960 934 1077 955; x_wconf 90' lang='lat' dir='ltr'>meam</span> 
     </span>
     <span class='ocr_line' id='line_1_18' title="bbox 299 973 676 1009; baseline -0.016 0"><span class='ocrx_word' id='word_1_85' title='bbox 299 1007 301 1009; x_wconf 90' lang='lat'>.</span> <span class='ocrx_word' id='word_1_86' title='bbox 494 973 651 1006; x_wconf 87' lang='lat' dir='ltr'>tunicam</span> <span class='ocrx_word' id='word_1_87' title='bbox 663 988 676 1007; x_wconf 86' lang='lat'>:.</span> 
     </span>
     <span class='ocr_line' id='line_1_19' title="bbox 131 1023 926 1070; baseline -0.001 -12"><span class='ocrx_word' id='word_1_88' title='bbox 131 1024 165 1058; x_wconf 91' lang='grc' dir='ltr'>Ο</span> <span class='ocrx_word' id='word_1_89' title='bbox 183 1030 314 1064; x_wconf 84' lang='lat' dir='ltr'>mater,</span> <span class='ocrx_word' id='word_1_90' title='bbox 343 1023 473 1057; x_wconf 79' lang='lat' dir='ltr'>dixisti.</span> <span class='ocrx_word' id='word_1_91' title='bbox 526 1023 628 1058; x_wconf 88' lang='lat' dir='ltr'>Certe</span> <span class='ocrx_word' id='word_1_92' title='bbox 645 1025 764 1069; x_wconf 90' lang='lat' dir='ltr'>plures</span> <span class='ocrx_word' id='word_1_93' title='bbox 780 1025 926 1070; x_wconf 80' lang='lat' dir='ltr'>capillos</span> 
     </span>
     <span class='ocr_line' id='line_1_20' title="bbox 131 1074 1077 1121; baseline 0 -13"><span class='ocrx_word' id='word_1_94' title='bbox 131 1074 293 1108; x_wconf 87' lang='lat' dir='ltr'>Criniurn</span> <span class='ocrx_word' id='word_1_95' title='bbox 308 1075 453 1114; x_wconf 84' lang='lat' dir='ltr'>radam,</span> <span class='ocrx_word' id='word_1_96' title='bbox 481 1081 515 1107; x_wconf 90' lang='lat' dir='ltr'>et</span> <span class='ocrx_word' id='word_1_97' title='bbox 531 1076 576 1108; x_wconf 88' lang='lat' dir='ltr'>ad</span> <span class='ocrx_word' id='word_1_98' title='bbox 594 1077 814 1121; x_wconf 79' lang='lat' dir='ltr'>sepulturam</span> <span class='ocrx_word' id='word_1_99' title='bbox 833 1083 931 1110; x_wconf 89' lang='lat' dir='ltr'>tuam</span> <span class='ocrx_word' id='word_1_100' title='bbox 948 1087 1077 1121; x_wconf 83' lang='lat' dir='ltr'>aequa—</span> 
     </span>
     <span class='ocr_line' id='line_1_21' title="bbox 496 1127 585 1159; baseline 0.011 -1"><span class='ocrx_word' id='word_1_101' title='bbox 496 1127 585 1159; x_wconf 84' lang='lat' dir='ltr'>lium</span> 
     </span>
     <span class='ocr_line' id='line_1_22' title="bbox 129 1175 1017 1224; baseline 0.001 -14"><span class='ocrx_word' id='word_1_102' title='bbox 129 1177 259 1211; x_wconf 90' lang='lat' dir='ltr'>Coetus</span> <span class='ocrx_word' id='word_1_103' title='bbox 276 1179 449 1210; x_wconf 84' lang='lat' dir='ltr'>adducam</span> <span class='ocrx_word' id='word_1_104' title='bbox 461 1203 469 1217; x_wconf 88' lang='lat'>‚</span> <span class='ocrx_word' id='word_1_105' title='bbox 498 1178 586 1211; x_wconf 90' lang='lat' dir='ltr'>dans</span> <span class='ocrx_word' id='word_1_106' title='bbox 603 1175 693 1210; x_wconf 88' lang='lat' dir='ltr'>mihi</span> <span class='ocrx_word' id='word_1_107' title='bbox 710 1185 809 1221; x_wconf 86' lang='lat' dir='ltr'>grata</span> <span class='ocrx_word' id='word_1_108' title='bbox 830 1179 948 1212; x_wconf 86' lang='lat' dir='ltr'>oscula</span> <span class='ocrx_word' id='word_1_109' title='bbox 960 1178 1017 1224; x_wconf 78' lang='lat'>⁷3).</span> 
     </span>
    </p>

    <p class='ocr_par' dir='ltr' id='par_1_9' title="bbox 81 1226 992 1272">
     <span class='ocr_line' id='line_1_23' title="bbox 81 1226 992 1272; baseline 0.002 -12"><span class='ocrx_word' id='word_1_110' title='bbox 81 1226 178 1263; x_wconf 87' lang='lat'>1185</span> <span class='ocrx_word' id='word_1_111' title='bbox 207 1228 263 1262; x_wconf 93' lang='lat' dir='ltr'>Tu</span> <span class='ocrx_word' id='word_1_112' title='bbox 280 1240 354 1261; x_wconf 94' lang='lat' dir='ltr'>non</span> <span class='ocrx_word' id='word_1_113' title='bbox 370 1240 446 1268; x_wconf 89' lang='lat' dir='ltr'>me,</span> <span class='ocrx_word' id='word_1_114' title='bbox 474 1229 533 1262; x_wconf 90' lang='lat' dir='ltr'>sed</span> <span class='ocrx_word' id='word_1_115' title='bbox 551 1240 614 1272; x_wconf 85' lang='lat' dir='ltr'>ego</span> <span class='ocrx_word' id='word_1_116' title='bbox 636 1235 667 1261; x_wconf 91' lang='lat' dir='ltr'>te</span> <span class='ocrx_word' id='word_1_117' title='bbox 684 1230 797 1262; x_wconf 87' lang='lat' dir='ltr'>multo</span> <span class='ocrx_word' id='word_1_118' title='bbox 815 1230 992 1262; x_wconf 84' lang='lat' dir='ltr'>minorem</span> 
     </span>
    </p>

    <p class='ocr_par' dir='ltr' id='par_1_10' title="bbox 128 1279 1073 1365">
     <span class='ocr_line' id='line_1_24' title="bbox 128 1279 1073 1325; baseline 0.003 -14"><span class='ocrx_word' id='word_1_119' title='bbox 128 1279 248 1319; x_wconf 83' lang='lat' dir='ltr'>Anus,</span> <span class='ocrx_word' id='word_1_120' title='bbox 284 1280 383 1320; x_wconf 88' lang='lat' dir='ltr'>exul,</span> <span class='ocrx_word' id='word_1_121' title='bbox 418 1279 538 1312; x_wconf 89' lang='lat' dir='ltr'>liberis</span> <span class='ocrx_word' id='word_1_122' title='bbox 568 1280 712 1320; x_wconf 86' lang='lat' dir='ltr'>orbata,</span> <span class='ocrx_word' id='word_1_123' title='bbox 748 1281 880 1325; x_wconf 88' lang='lat' dir='ltr'>sepelio</span> <span class='ocrx_word' id='word_1_124' title='bbox 905 1281 1073 1314; x_wconf 88' lang='lat' dir='ltr'>miserum</span> 
     </span>
     <span class='ocr_line' id='line_1_25' title="bbox 490 1331 654 1365; baseline 0.006 -2"><span class='ocrx_word' id='word_1_125' title='bbox 490 1331 654 1365; x_wconf 82' lang='lat' dir='ltr'>cadaver.</span> 
     </span>
    </p>

    <p class='ocr_par' dir='ltr' id='par_1_11' title="bbox 125 1379 982 1420">
     <span class='ocr_line' id='line_1_26' title="bbox 125 1379 982 1420; baseline 0.004 -7"><span class='ocrx_word' id='word_1_126' title='bbox 125 1379 205 1413; x_wconf 91' lang='lat' dir='ltr'>Heu</span> <span class='ocrx_word' id='word_1_127' title='bbox 225 1381 334 1414; x_wconf 90' lang='lat' dir='ltr'>multa</span> <span class='ocrx_word' id='word_1_128' title='bbox 356 1381 474 1414; x_wconf 90' lang='lat' dir='ltr'>oscula</span> <span class='ocrx_word' id='word_1_129' title='bbox 486 1407 495 1420; x_wconf 91' lang='lat'>‚</span> <span class='ocrx_word' id='word_1_130' title='bbox 524 1387 557 1413; x_wconf 91' lang='lat' dir='ltr'>et</span> <span class='ocrx_word' id='word_1_131' title='bbox 575 1381 715 1414; x_wconf 87' lang='lat' dir='ltr'>labores</span> <span class='ocrx_word' id='word_1_132' title='bbox 731 1383 982 1416; x_wconf 76' lang='lat' dir='ltr'>nutricationis</span> 
     </span>
    </p>

    <p class='ocr_par' dir='ltr' id='par_1_12' title="bbox 123 1430 934 1479">
     <span class='ocr_line' id='line_1_27' title="bbox 123 1430 934 1479; baseline 0.004 -15"><span class='ocrx_word' id='word_1_133' title='bbox 123 1430 170 1464; x_wconf 87' lang='lat' dir='ltr'>Et</span> <span class='ocrx_word' id='word_1_134' title='bbox 187 1431 305 1464; x_wconf 92' lang='lat' dir='ltr'>somni</span> <span class='ocrx_word' id='word_1_135' title='bbox 320 1431 512 1476; x_wconf 83' lang='lat' dir='ltr'>interrupti</span> <span class='ocrx_word' id='word_1_136' title='bbox 528 1432 665 1475; x_wconf 87' lang='lat' dir='ltr'>periere</span> <span class='ocrx_word' id='word_1_137' title='bbox 683 1430 783 1466; x_wconf 87' lang='lat' dir='ltr'>mihi.</span> <span class='ocrx_word' id='word_1_138' title='bbox 837 1433 934 1479; x_wconf 86' lang='lat' dir='ltr'>Quid</span> 
     </span>
    </p>

    <p class='ocr_par' dir='ltr' id='par_1_13' title="bbox 124 1481 777 1528">
     <span class='ocr_line' id='line_1_28' title="bbox 124 1481 777 1528; baseline 0.005 -14"><span class='ocrx_word' id='word_1_139' title='bbox 124 1481 261 1515; x_wconf 83' lang='lat' dir='ltr'>Scribet</span> <span class='ocrx_word' id='word_1_140' title='bbox 277 1484 319 1516; x_wconf 91' lang='lat' dir='ltr'>de</span> <span class='ocrx_word' id='word_1_141' title='bbox 336 1489 368 1516; x_wconf 84' lang='lat' dir='ltr'>te</span> <span class='ocrx_word' id='word_1_142' title='bbox 386 1489 492 1527; x_wconf 88' lang='lat' dir='ltr'>poeta</span> <span class='ocrx_word' id='word_1_143' title='bbox 508 1483 546 1515; x_wconf 91' lang='lat' dir='ltr'>in</span> <span class='ocrx_word' id='word_1_144' title='bbox 564 1481 777 1528; x_wconf 79' lang='lat' dir='ltr'>sepulchro?</span> 
     </span>
    </p>

    <p class='ocr_par' dir='ltr' id='par_1_14' title="bbox 75 1532 1069 1681">
     <span class='ocr_line' id='line_1_29' title="bbox 75 1532 1037 1580; baseline 0.002 -14"><span class='ocrx_word' id='word_1_145' title='bbox 75 1532 173 1567; x_wconf 86' lang='lat'>1190</span> <span class='ocrx_word' id='word_1_146' title='bbox 200 1533 335 1573; x_wconf 85' lang='lat' dir='ltr'>„Hunc</span> <span class='ocrx_word' id='word_1_147' title='bbox 351 1547 503 1578; x_wconf 91' lang='lat' dir='ltr'>puerum</span> <span class='ocrx_word' id='word_1_148' title='bbox 518 1534 773 1568; x_wconf 85' lang='lat' dir='ltr'>interfecerunt</span> <span class='ocrx_word' id='word_1_149' title='bbox 786 1535 911 1580; x_wconf 86' lang='lat' dir='ltr'>Argivi</span> <span class='ocrx_word' id='word_1_150' title='bbox 931 1535 1037 1576; x_wconf 87' lang='lat' dir='ltr'>olim,</span> 
     </span>
     <span class='ocr_line' id='line_1_30' title="bbox 124 1583 1056 1631; baseline 0.004 -14"><span class='ocrx_word' id='word_1_151' title='bbox 124 1611 145 1624; x_wconf 87' lang='lat'>‚,</span> <span class='ocrx_word' id='word_1_152' title='bbox 157 1583 355 1619; x_wconf 79' lang='lat' dir='ltr'>Metuentes</span> <span class='ocrx_word' id='word_1_153' title='bbox 373 1598 471 1619; x_wconf 89' lang='lat' dir='ltr'>eum:</span> <span class='ocrx_word' id='word_1_154' title='bbox 500 1592 603 1630; x_wconf 85' lang='lat' dir='ltr'>turpe</span> <span class='ocrx_word' id='word_1_155' title='bbox 619 1586 726 1619; x_wconf 87' lang='lat' dir='ltr'>fuerit</span> <span class='ocrx_word' id='word_1_156' title='bbox 742 1587 960 1631; x_wconf 82' lang='lat' dir='ltr'>epigramma</span> <span class='ocrx_word' id='word_1_157' title='bbox 976 1585 1056 1622; x_wconf 87' lang='lat' dir='ltr'>hoc.</span> 
     </span>
     <span class='ocr_line' id='line_1_31' title="bbox 123 1635 1069 1681; baseline 0.005 -13"><span class='ocrx_word' id='word_1_158' title='bbox 123 1635 191 1668; x_wconf 89' lang='lat' dir='ltr'>Sed</span> <span class='ocrx_word' id='word_1_159' title='bbox 209 1648 229 1668; x_wconf 93' lang='lat' dir='ltr'>o</span> <span class='ocrx_word' id='word_1_160' title='bbox 248 1637 310 1681; x_wconf 93' lang='lat' dir='ltr'>qui</span> <span class='ocrx_word' id='word_1_161' title='bbox 325 1644 558 1681; x_wconf 88' lang='lat' dir='ltr'>paternorum</span> <span class='ocrx_word' id='word_1_162' title='bbox 577 1635 667 1670; x_wconf 87' lang='lat' dir='ltr'>nihil</span> <span class='ocrx_word' id='word_1_163' title='bbox 684 1644 807 1672; x_wconf 88' lang='lat' dir='ltr'>nactus</span> <span class='ocrx_word' id='word_1_164' title='bbox 823 1650 858 1672; x_wconf 94' lang='lat' dir='ltr'>es</span> <span class='ocrx_word' id='word_1_165' title='bbox 875 1639 1069 1679; x_wconf 86' lang='lat' dir='ltr'>bonorum,</span> 
     </span>
    </p>

    <p class='ocr_par' dir='ltr' id='par_1_15' title="bbox 67 1685 1066 2404">
     <span class='ocr_line' id='line_1_32' title="bbox 483 1685 768 1722; baseline 0.004 -1"><span class='ocrx_word' id='word_1_166' title='bbox 483 1685 629 1722; x_wconf 82' lang='lat' dir='ltr'>habebis</span> <span class='ocrx_word' id='word_1_167' title='bbox 647 1695 768 1722; x_wconf 89' lang='lat' dir='ltr'>tamen</span> 
     </span>
     <span class='ocr_line' id='line_1_33' title="bbox 121 1738 823 1785; baseline 0.007 -16"><span class='ocrx_word' id='word_1_168' title='bbox 121 1738 283 1772; x_wconf 86' lang='lat' dir='ltr'>Aeneum</span> <span class='ocrx_word' id='word_1_169' title='bbox 301 1746 457 1780; x_wconf 83' lang='lat' dir='ltr'>scutum,</span> <span class='ocrx_word' id='word_1_170' title='bbox 486 1739 523 1771; x_wconf 90' lang='lat' dir='ltr'>in</span> <span class='ocrx_word' id='word_1_171' title='bbox 542 1752 613 1785; x_wconf 89' lang='lat' dir='ltr'>quo</span> <span class='ocrx_word' id='word_1_172' title='bbox 631 1740 823 1784; x_wconf 88' lang='lat' dir='ltr'>sepelieris.</span> 
     </span>
     <span class='ocr_line' id='line_1_34' title="bbox 119 1788 851 1834; baseline 0.001 -11"><span class='ocrx_word' id='word_1_173' title='bbox 119 1788 152 1822; x_wconf 93' lang='grc' dir='ltr'><strong>Ο</strong></span> <span class='ocrx_word' id='word_1_174' title='bbox 167 1788 449 1834; x_wconf 85' lang='lat' dir='ltr'>pulcherrimum</span> <span class='ocrx_word' id='word_1_175' title='bbox 465 1790 628 1824; x_wconf 85' lang='lat' dir='ltr'>Hectoris</span> <span class='ocrx_word' id='word_1_176' title='bbox 645 1789 830 1825; x_wconf 87' lang='lat' dir='ltr'>brachium</span> <span class='ocrx_word' id='word_1_177' title='bbox 842 1818 851 1832; x_wconf 90' lang='lat'>‚</span> 
     </span>
     <span class='ocr_line' id='line_1_35' title="bbox 70 1838 1066 1889; baseline 0.001 -16"><span class='ocrx_word' id='word_1_178' title='bbox 70 1838 169 1875; x_wconf 88' lang='lat'>1195</span> <span class='ocrx_word' id='word_1_179' title='bbox 197 1841 303 1887; x_wconf 84' lang='lat' dir='ltr'>Quod</span> <span class='ocrx_word' id='word_1_180' title='bbox 328 1849 366 1876; x_wconf 88' lang='lat' dir='ltr'>tu</span> <span class='ocrx_word' id='word_1_181' title='bbox 387 1843 535 1877; x_wconf 87' lang='lat' dir='ltr'>servasti</span> <span class='ocrx_word' id='word_1_182' title='bbox 546 1842 608 1889; x_wconf 59' lang='lat'>⁷4):</span> <span class='ocrx_word' id='word_1_183' title='bbox 646 1855 741 1876; x_wconf 91' lang='lat' dir='ltr'>nunc</span> <span class='ocrx_word' id='word_1_184' title='bbox 766 1842 951 1887; x_wconf 88' lang='lat' dir='ltr'>perdidisti</span> <span class='ocrx_word' id='word_1_185' title='bbox 975 1843 1066 1886; x_wconf 85' lang='lat' dir='ltr'>opti-</span> 
     </span>
     <span class='ocr_line' id='line_1_36' title="bbox 481 1896 911 1928; baseline -0.002 -1"><span class='ocrx_word' id='word_1_186' title='bbox 481 1907 581 1927; x_wconf 87' lang='lat' dir='ltr'>mum</span> <span class='ocrx_word' id='word_1_187' title='bbox 598 1900 698 1927; x_wconf 84' lang='lat' dir='ltr'>tuum</span> <span class='ocrx_word' id='word_1_188' title='bbox 716 1896 911 1928; x_wconf 88' lang='lat' dir='ltr'>custodem.</span> 
     </span>
     <span class='ocr_line' id='line_1_37' title="bbox 119 1943 956 1989; baseline 0.002 -13"><span class='ocrx_word' id='word_1_189' title='bbox 119 1943 237 1988; x_wconf 88' lang='lat' dir='ltr'>Quam</span> <span class='ocrx_word' id='word_1_190' title='bbox 254 1951 394 1988; x_wconf 86' lang='lat' dir='ltr'>gratum</span> <span class='ocrx_word' id='word_1_191' title='bbox 413 1951 464 1978; x_wconf 92' lang='lat' dir='ltr'>est</span> <span class='ocrx_word' id='word_1_192' title='bbox 482 1951 584 1979; x_wconf 86' lang='lat' dir='ltr'>tuum</span> <span class='ocrx_word' id='word_1_193' title='bbox 601 1945 788 1989; x_wconf 79' lang='lat' dir='ltr'>vestigium</span> <span class='ocrx_word' id='word_1_194' title='bbox 805 1946 841 1978; x_wconf 93' lang='lat' dir='ltr'>in</span> <span class='ocrx_word' id='word_1_195' title='bbox 858 1947 936 1979; x_wconf 94' lang='lat' dir='ltr'>loco</span> <span class='ocrx_word' id='word_1_196' title='bbox 948 1972 956 1985; x_wconf 90' lang='lat'>,</span> 
     </span>
     <span class='ocr_line' id='line_1_38' title="bbox 116 1993 750 2037; baseline 0.002 -9"><span class='ocrx_word' id='word_1_197' title='bbox 116 1993 163 2028; x_wconf 85' lang='lat' dir='ltr'>Et</span> <span class='ocrx_word' id='word_1_198' title='bbox 179 1996 289 2029; x_wconf 89' lang='lat' dir='ltr'>sudor</span> <span class='ocrx_word' id='word_1_199' title='bbox 307 2002 358 2030; x_wconf 92' lang='lat' dir='ltr'>est</span> <span class='ocrx_word' id='word_1_200' title='bbox 374 1996 411 2029; x_wconf 92' lang='lat' dir='ltr'>in</span> <span class='ocrx_word' id='word_1_201' title='bbox 431 2003 574 2030; x_wconf 88' lang='lat' dir='ltr'>tornato</span> <span class='ocrx_word' id='word_1_202' title='bbox 595 1998 731 2030; x_wconf 82' lang='lat' dir='ltr'>ambitu</span> <span class='ocrx_word' id='word_1_203' title='bbox 742 2024 750 2037; x_wconf 89' lang='lat'>‚</span> 
     </span>
     <span class='ocr_line' id='line_1_39' title="bbox 118 2046 753 2093; baseline 0.003 -13"><span class='ocrx_word' id='word_1_204' title='bbox 118 2046 235 2092; x_wconf 85' lang='lat' dir='ltr'>Quem</span> <span class='ocrx_word' id='word_1_205' title='bbox 255 2059 296 2081; x_wconf 82' lang='lat' dir='ltr'>ex</span> <span class='ocrx_word' id='word_1_206' title='bbox 308 2048 426 2081; x_wconf 88' lang='lat' dir='ltr'>fronte</span> <span class='ocrx_word' id='word_1_207' title='bbox 443 2060 549 2093; x_wconf 83' lang='lat' dir='ltr'>saepe</span> <span class='ocrx_word' id='word_1_208' title='bbox 570 2049 753 2082; x_wconf 74' lang='lat' dir='ltr'>laborans⁷</span> 
     </span>
     <span class='ocr_line' id='line_1_40' title="bbox 115 2097 804 2144; baseline 0.003 -14"><span class='ocrx_word' id='word_1_209' title='bbox 115 2097 280 2132; x_wconf 79' lang='lat' dir='ltr'>Stillabat</span> <span class='ocrx_word' id='word_1_210' title='bbox 295 2099 446 2140; x_wconf 85' lang='lat' dir='ltr'>Hector,</span> <span class='ocrx_word' id='word_1_211' title='bbox 475 2101 670 2137; x_wconf 85' lang='lat' dir='ltr'>admovens</span> <span class='ocrx_word' id='word_1_212' title='bbox 694 2099 804 2144; x_wconf 87' lang='lat' dir='ltr'>genis.</span> 
     </span>
     <span class='ocr_line' id='line_1_41' title="bbox 67 2149 1061 2195; baseline -0.002 -12"><span class='ocrx_word' id='word_1_213' title='bbox 67 2149 164 2185; x_wconf 78' lang='grc'>1200</span> <span class='ocrx_word' id='word_1_214' title='bbox 188 2149 313 2191; x_wconf 88' lang='lat' dir='ltr'>Ferte,</span> <span class='ocrx_word' id='word_1_215' title='bbox 356 2157 497 2195; x_wconf 84' lang='lat' dir='ltr'>portate</span> <span class='ocrx_word' id='word_1_216' title='bbox 528 2151 657 2185; x_wconf 88' lang='lat' dir='ltr'>misero</span> <span class='ocrx_word' id='word_1_217' title='bbox 689 2150 853 2184; x_wconf 76' lang='lat' dir='ltr'>cadaveri</span> <span class='ocrx_word' id='word_1_218' title='bbox 879 2162 982 2183; x_wconf 87' lang='lat' dir='ltr'>suum</span> <span class='ocrx_word' id='word_1_219' title='bbox 1005 2161 1061 2182; x_wconf 91' lang='lat' dir='ltr'>or-</span> 
     </span>
     <span class='ocr_line' id='line_1_42' title="bbox 474 2209 600 2236; baseline -0.008 0"><span class='ocrx_word' id='word_1_220' title='bbox 474 2209 600 2236; x_wconf 87' lang='lat' dir='ltr'>natum</span> 
     </span>
     <span class='ocr_line' id='line_1_43' title="bbox 113 2251 1060 2298; baseline 0 -13"><span class='ocrx_word' id='word_1_221' title='bbox 113 2251 185 2285; x_wconf 88' lang='lat' dir='ltr'>Pro</span> <span class='ocrx_word' id='word_1_222' title='bbox 210 2255 388 2297; x_wconf 85' lang='lat' dir='ltr'>praesenti</span> <span class='ocrx_word' id='word_1_223' title='bbox 414 2261 524 2294; x_wconf 75' lang='lat' dir='ltr'>statu3</span> <span class='ocrx_word' id='word_1_224' title='bbox 559 2267 642 2287; x_wconf 88' lang='lat' dir='ltr'>nam</span> <span class='ocrx_word' id='word_1_225' title='bbox 670 2266 744 2287; x_wconf 91' lang='lat' dir='ltr'>non</span> <span class='ocrx_word' id='word_1_226' title='bbox 768 2266 835 2298; x_wconf 92' lang='lat' dir='ltr'>pro</span> <span class='ocrx_word' id='word_1_227' title='bbox 861 2260 918 2286; x_wconf 89' lang='lat' dir='ltr'>tua</span> <span class='ocrx_word' id='word_1_228' title='bbox 946 2252 1060 2297; x_wconf 84' lang='lat' dir='ltr'>digni-</span> 
     </span>
     <span class='ocr_line' id='line_1_44' title="bbox 478 2307 748 2340; baseline -0.007 0"><span class='ocrx_word' id='word_1_229' title='bbox 478 2313 549 2340; x_wconf 90' lang='lat' dir='ltr'>tate</span> <span class='ocrx_word' id='word_1_230' title='bbox 565 2307 748 2339; x_wconf 84' lang='lat' dir='ltr'>fortunam</span> 
     </span>
     <span class='ocr_line' id='line_1_45' title="bbox 114 2354 996 2404; baseline 0.001 -16"><span class='ocrx_word' id='word_1_231' title='bbox 114 2355 185 2389; x_wconf 89' lang='lat' dir='ltr'>Dat</span> <span class='ocrx_word' id='word_1_232' title='bbox 198 2356 310 2390; x_wconf 87' lang='lat' dir='ltr'>Deus:</span> <span class='ocrx_word' id='word_1_233' title='bbox 341 2369 381 2390; x_wconf 87' lang='lat' dir='ltr'>ex</span> <span class='ocrx_word' id='word_1_234' title='bbox 397 2357 438 2392; x_wconf 83' lang='lat' dir='ltr'>iis</span> <span class='ocrx_word' id='word_1_235' title='bbox 450 2385 458 2399; x_wconf 89' lang='lat'>‚</span> <span class='ocrx_word' id='word_1_236' title='bbox 487 2370 578 2404; x_wconf 87' lang='lat' dir='ltr'>quae</span> <span class='ocrx_word' id='word_1_237' title='bbox 596 2355 711 2391; x_wconf 82' lang='lat' dir='ltr'>habeo</span> <span class='ocrx_word' id='word_1_238' title='bbox 724 2384 732 2397; x_wconf 87' lang='lat'>‚</span> <span class='ocrx_word' id='word_1_239' title='bbox 761 2354 847 2389; x_wconf 87' lang='lat' dir='ltr'>haec</span> <span class='ocrx_word' id='word_1_240' title='bbox 866 2355 996 2400; x_wconf 85' lang='lat' dir='ltr'>accipe.</span> 
     </span>
    </p>
   </div>
   <div class='ocr_carea' id='block_1_7' title="bbox 96 2489 975 2563">
    <p class='ocr_par' dir='ltr' id='par_1_16' title="bbox 96 2489 975 2563">
     <span class='ocr_line' id='line_1_46' title="bbox 96 2489 975 2522; baseline -0.003 -8"><span class='ocrx_word' id='word_1_241' title='bbox 96 2491 144 2518; x_wconf 80' lang='lat'>⁷2)</span> <span class='ocrx_word' id='word_1_242' title='bbox 164 2489 304 2518; x_wconf 81' lang='lat' dir='ltr'>fefellisti]</span> <span class='ocrx_word' id='word_1_243' title='bbox 323 2489 407 2514; x_wconf 77' lang='lat' dir='ltr'>Editt.</span> <span class='ocrx_word' id='word_1_244' title='bbox 427 2491 530 2515; x_wconf 80' lang='lat' dir='ltr'>recent.</span> <span class='ocrx_word' id='word_1_245' title='bbox 558 2490 606 2521; x_wconf 90' lang='lat'>(=</span> <span class='ocrx_word' id='word_1_246' title='bbox 621 2491 685 2515; x_wconf 86' lang='lat' dir='ltr'>text.</span> <span class='ocrx_word' id='word_1_247' title='bbox 704 2489 760 2522; x_wconf 84' lang='lat' dir='ltr'>gr.)</span> <span class='ocrx_word' id='word_1_248' title='bbox 780 2490 897 2513; x_wconf 88' lang='lat' dir='ltr'>addunt:</span> <span class='ocrx_word' id='word_1_249' title='bbox 924 2495 975 2512; x_wconf 84' lang='lat' dir='ltr'>me.</span> 
     </span>
     <span class='ocr_line' id='line_1_47' title="bbox 98 2532 937 2563; baseline -0.001 -5"><span class='ocrx_word' id='word_1_250' title='bbox 98 2534 147 2562; x_wconf 85' lang='grc'>73)</span> <span class='ocrx_word' id='word_1_251' title='bbox 165 2534 233 2558; x_wconf 81' lang='lat' dir='ltr'>dans</span> <span class='ocrx_word' id='word_1_252' title='bbox 253 2533 316 2557; x_wconf 84' lang='lat' dir='ltr'>mihi</span> <span class='ocrx_word' id='word_1_253' title='bbox 334 2534 416 2563; x_wconf 81' lang='lat' dir='ltr'>grata</span> <span class='ocrx_word' id='word_1_254' title='bbox 434 2534 543 2562; x_wconf 82' lang='lat' dir='ltr'>oscula]</span> <span class='ocrx_word' id='word_1_255' title='bbox 563 2534 602 2557; x_wconf 85' lang='lat' dir='ltr'>sic</span> <span class='ocrx_word' id='word_1_256' title='bbox 623 2533 705 2557; x_wconf 83' lang='lat' dir='ltr'>Editt.</span> <span class='ocrx_word' id='word_1_257' title='bbox 728 2533 819 2563; x_wconf 55' lang='lat'>1558„</span> <span class='ocrx_word' id='word_1_258' title='bbox 847 2532 937 2562; x_wconf 82' lang='lat'>1562.;</span> 
     </span>
    </p>
   </div>
   <div class='ocr_carea' id='block_1_8' title="bbox 99 2557 1087 2705">
    <p class='ocr_par' dir='ltr' id='par_1_17' title="bbox 133 2557 1087 2626">
     <span class='ocr_line' id='line_1_48' title="bbox 133 2557 1087 2605; baseline -0.003 -13"><span class='ocrx_word' id='word_1_259' title='bbox 133 2571 233 2593; x_wconf 82' lang='lat' dir='ltr'>recent.</span> <span class='ocrx_word' id='word_1_260' title='bbox 254 2571 300 2597; x_wconf 71' lang='grc' dir='ltr'>(Ξ</span> <span class='ocrx_word' id='word_1_261' title='bbox 320 2569 385 2592; x_wconf 84' lang='lat' dir='ltr'>text.</span> <span class='ocrx_word' id='word_1_262' title='bbox 406 2567 463 2598; x_wconf 83' lang='lat' dir='ltr'>gr.)</span> <span class='ocrx_word' id='word_1_263' title='bbox 483 2568 552 2591; x_wconf 82' lang='lat' dir='ltr'>dans</span> <span class='ocrx_word' id='word_1_264' title='bbox 571 2569 626 2592; x_wconf 79' lang='lat' dir='ltr'>tibi</span> <span class='ocrx_word' id='word_1_265' title='bbox 644 2570 724 2599; x_wconf 79' lang='lat' dir='ltr'>grata</span> <span class='ocrx_word' id='word_1_266' title='bbox 749 2569 886 2598; x_wconf 72' lang='lat' dir='ltr'>[Musgr.:</span> <span class='ocrx_word' id='word_1_267' title='bbox 919 2566 1057 2594; x_wconf 76' lang='lat' dir='ltr'>officiosa]</span> <span class='ocrx_word' id='word_1_268' title='bbox 1084 2557 1087 2605; x_wconf 44' lang='grc' dir='ltr'>ἰ</span> 
     </span>
     <span class='ocr_line' id='line_1_49' title="bbox 151 2603 1086 2626; baseline -0.009 0"><span class='ocrx_word' id='word_1_269' title='bbox 151 2604 170 2626; x_wconf 84' lang='lat'>11</span> <span class='ocrx_word' id='word_1_270' title='bbox 210 2603 263 2626; x_wconf 85' lang='lat' dir='ltr'>uia.</span> <span class='ocrx_word' id='word_1_271' title='bbox 1085 2612 1086 2618; x_wconf 40' lang='lat'>1</span> 
     </span>
    </p>

    <p class='ocr_par' dir='ltr' id='par_1_18' title="bbox 99 2609 1086 2705">
     <span class='ocr_line' id='line_1_50' title="bbox 99 2609 1086 2688; baseline -0.006 -17"><span class='ocrx_word' id='word_1_272' title='bbox 99 2609 149 2675; x_wconf 51' lang='grc' dir='ltr'>ΜΞ)ι</span> <span class='ocrx_word' id='word_1_273' title='bbox 167 2609 208 2670; x_wconf 57' lang='lat' dir='ltr'>:iq</span> <span class='ocrx_word' id='word_1_274' title='bbox 219 2647 237 2670; x_wconf 90' lang='grc'>1.</span> <span class='ocrx_word' id='word_1_275' title='bbox 256 2645 283 2669; x_wconf 82' lang='lat' dir='ltr'>in</span> <span class='ocrx_word' id='word_1_276' title='bbox 302 2644 383 2668; x_wconf 82' lang='lat' dir='ltr'>Editt.</span> <span class='ocrx_word' id='word_1_277' title='bbox 408 2644 498 2675; x_wconf 73' lang='lat'>1558.,</span> <span class='ocrx_word' id='word_1_278' title='bbox 520 2645 592 2669; x_wconf 75' lang='lat'>1562.</span> <span class='ocrx_word' id='word_1_279' title='bbox 613 2646 678 2668; x_wconf 81' lang='lat' dir='ltr'>nota</span> <span class='ocrx_word' id='word_1_280' title='bbox 696 2651 800 2676; x_wconf 67' lang='lat' dir='ltr'>marg:</span> <span class='ocrx_word' id='word_1_281' title='bbox 833 2645 872 2668; x_wconf 76' lang='lat' dir='ltr'>Ad</span> <span class='ocrx_word' id='word_1_282' title='bbox 892 2645 997 2667; x_wconf 77' lang='lat' dir='ltr'>scutum</span> <span class='ocrx_word' id='word_1_283' title='bbox 1017 2642 1058 2666; x_wconf 84' lang='lat' dir='ltr'>di·</span> <span class='ocrx_word' id='word_1_284' title='bbox 1085 2678 1086 2688; x_wconf 23' lang='grc' dir='ltr'>ἶ</span> 
     </span>
     <span class='ocr_line' id='line_1_51' title="bbox 136 2682 266 2705; baseline 0 -1"><span class='ocrx_word' id='word_1_285' title='bbox 136 2682 172 2705; x_wconf 79' lang='lat' dir='ltr'>cit</span> <span class='ocrx_word' id='word_1_286' title='bbox 190 2682 266 2705; x_wconf 79' lang='lat' dir='ltr'>haec.</span> 
     </span>
    </p>
   </div>
   <div class='ocr_carea' id='block_1_9' title="bbox 720 64 1686 110">
    <p class='ocr_par' dir='ltr' id='par_1_19' title="bbox 720 64 1686 110">
     <span class='ocr_line' id='line_1_52' title="bbox 720 64 1686 110; baseline 0.008 -9"><span class='ocrx_word' id='word_1_287' title='bbox 720 64 1118 105; x_wconf 81' lang='lat' dir='ltr'>INTERPRETATIO</span> <span class='ocrx_word' id='word_1_288' title='bbox 1155 69 1401 106; x_wconf 77' lang='lat' dir='ltr'>TROADUM</span> <span class='ocrx_word' id='word_1_289' title='bbox 1435 72 1686 110; x_wconf 83' lang='lat' dir='ltr'>EURIPIDIS.</span> 
     </span>
    </p>
   </div>
   <div class='ocr_carea' id='block_1_10' title="bbox 975 2532 1086 2555">
    <p class='ocr_par' dir='ltr' id='par_1_20' title="bbox 975 2532 1086 2555">
     <span class='ocr_line' id='line_1_53' title="bbox 975 2532 1086 2555; baseline -0.009 0"><span class='ocrx_word' id='word_1_290' title='bbox 975 2532 1057 2555; x_wconf 80' lang='lat' dir='ltr'>Editt,</span> <span class='ocrx_word' id='word_1_291' title='bbox 1085 2545 1086 2548; x_wconf 67' lang='lat'><em>=</em></span> 
     </span>
    </p>
   </div>
   <div class='ocr_carea' id='block_1_11' title="bbox 2057 88 2128 121">
    <p class='ocr_par' dir='ltr' id='par_1_21' title="bbox 2057 88 2128 121">
     <span class='ocr_line' id='line_1_54' title="bbox 2057 88 2128 121; baseline 0.028 -2"><span class='ocrx_word' id='word_1_292' title='bbox 2057 88 2128 121; x_wconf 74' lang='lat'>858</span> 
     </span>
    </p>
   </div>
   <div class='ocr_carea' id='block_1_12' title="bbox 1120 157 2129 2260">
    <p class='ocr_par' dir='ltr' id='par_1_22' title="bbox 1120 157 2129 2260">
     <span class='ocr_line' id='line_1_55' title="bbox 1188 157 2129 210; baseline 0.017 -21"><span class='ocrx_word' id='word_1_293' title='bbox 1188 157 1354 195; x_wconf 75' lang='lat' dir='ltr'>„Stultus</span> <span class='ocrx_word' id='word_1_294' title='bbox 1372 165 1422 192; x_wconf 90' lang='lat' dir='ltr'>est</span> <span class='ocrx_word' id='word_1_295' title='bbox 1438 160 1529 193; x_wconf 86' lang='lat' dir='ltr'>inter</span> <span class='ocrx_word' id='word_1_296' title='bbox 1551 158 1733 202; x_wconf 86' lang='lat' dir='ltr'>homines,</span> <span class='ocrx_word' id='word_1_297' title='bbox 1760 164 1821 209; x_wconf 91' lang='lat' dir='ltr'>qui</span> <span class='ocrx_word' id='word_1_298' title='bbox 1843 174 1972 210; x_wconf 83' lang='lat' dir='ltr'>putans</span> <span class='ocrx_word' id='word_1_299' title='bbox 1997 182 2031 203; x_wconf 85' lang='lat' dir='ltr'>se</span> <span class='ocrx_word' id='word_1_300' title='bbox 2057 184 2129 205; x_wconf 80' lang='lat' dir='ltr'>esse</span> 
     </span>
     <span class='ocr_line' id='line_1_56' title="bbox 1555 212 1720 254; baseline 0.006 -9"><span class='ocrx_word' id='word_1_301' title='bbox 1555 212 1698 246; x_wconf 85' lang='lat' dir='ltr'>beatum</span> <span class='ocrx_word' id='word_1_302' title='bbox 1711 240 1720 254; x_wconf 91' lang='lat'>‚</span> 
     </span>
     <span class='ocr_line' id='line_1_57' title="bbox 1188 258 1875 304; baseline 0.015 -13"><span class='ocrx_word' id='word_1_303' title='bbox 1188 258 1354 297; x_wconf 79' lang='lat' dir='ltr'>„Furens</span> <span class='ocrx_word' id='word_1_304' title='bbox 1375 262 1483 295; x_wconf 67' lang='lat' dir='ltr'>veluti</span> <span class='ocrx_word' id='word_1_305' title='bbox 1501 260 1630 304; x_wconf 85' lang='lat' dir='ltr'>homo,</span> <span class='ocrx_word' id='word_1_306' title='bbox 1658 262 1726 298; x_wconf 90' lang='lat' dir='ltr'>huc</span> <span class='ocrx_word' id='word_1_307' title='bbox 1744 272 1778 299; x_wconf 90' lang='lat' dir='ltr'>et</span> <span class='ocrx_word' id='word_1_308' title='bbox 1793 266 1875 301; x_wconf 89' lang='lat' dir='ltr'>illuc</span> 
     </span>
     <span class='ocr_line' id='line_1_58' title="bbox 1140 308 2128 367; baseline 0.018 -26"><span class='ocrx_word' id='word_1_309' title='bbox 1140 308 1235 344; x_wconf 72' lang='lat'>1205</span> <span class='ocrx_word' id='word_1_310' title='bbox 1265 311 1465 351; x_wconf 82' lang='lat' dir='ltr'>„Firmiter</span> <span class='ocrx_word' id='word_1_311' title='bbox 1489 315 1673 349; x_wconf 87' lang='lat' dir='ltr'>consciscit</span> <span class='ocrx_word' id='word_1_312' title='bbox 1696 318 1866 361; x_wconf 85' lang='lat' dir='ltr'>gaudium</span> <span class='ocrx_word' id='word_1_313' title='bbox 1878 320 1942 367; x_wconf 73' lang='lat'>⁷⁵);</span> <span class='ocrx_word' id='word_1_314' title='bbox 1985 324 2128 359; x_wconf 77' lang='lat' dir='ltr'>fortuna</span> 
     </span>
     <span class='ocr_line' id='line_1_59' title="bbox 1555 370 1837 411; baseline 0.021 -13"><span class='ocrx_word' id='word_1_315' title='bbox 1555 379 1649 399; x_wconf 87' lang='lat' dir='ltr'>ennn</span> <span class='ocrx_word' id='word_1_316' title='bbox 1665 380 1728 411; x_wconf 89' lang='lat' dir='ltr'>per</span> <span class='ocrx_word' id='word_1_317' title='bbox 1745 370 1837 404; x_wconf 77' lang='lat' dir='ltr'>vices</span> 
     </span>
     <span class='ocr_line' id='line_1_60' title="bbox 1184 411 2116 462; baseline 0.019 -19"><span class='ocrx_word' id='word_1_318' title='bbox 1184 411 1407 453; x_wconf 87' lang='lat' dir='ltr'>„Transilit,</span> <span class='ocrx_word' id='word_1_319' title='bbox 1436 421 1469 447; x_wconf 88' lang='lat' dir='ltr'>et</span> <span class='ocrx_word' id='word_1_320' title='bbox 1486 416 1602 451; x_wconf 87' lang='lat' dir='ltr'>nullus</span> <span class='ocrx_word' id='word_1_321' title='bbox 1618 416 1726 452; x_wconf 87' lang='lat' dir='ltr'>habet</span> <span class='ocrx_word' id='word_1_322' title='bbox 1742 422 1904 455; x_wconf 86' lang='lat' dir='ltr'>stabilem</span> <span class='ocrx_word' id='word_1_323' title='bbox 1923 424 2116 462; x_wconf 79' lang='lat' dir='ltr'>fortunam.</span> 
     </span>
     <span class='ocr_line' id='line_1_61' title="bbox 1187 464 2054 520; baseline 0.018 -25"><span class='ocrx_word' id='word_1_324' title='bbox 1187 464 1284 497; x_wconf 75' lang='lat' dir='ltr'>Char.</span> <span class='ocrx_word' id='word_1_325' title='bbox 1312 464 1428 510; x_wconf 89' lang='lat' dir='ltr'>Atque</span> <span class='ocrx_word' id='word_1_326' title='bbox 1448 465 1485 498; x_wconf 92' lang='lat' dir='ltr'>in</span> <span class='ocrx_word' id='word_1_327' title='bbox 1505 468 1669 502; x_wconf 87' lang='lat' dir='ltr'>manibus</span> <span class='ocrx_word' id='word_1_328' title='bbox 1687 470 1773 504; x_wconf 86' lang='lat' dir='ltr'>istae</span> <span class='ocrx_word' id='word_1_329' title='bbox 1789 473 1854 506; x_wconf 91' lang='lat' dir='ltr'>tibi</span> <span class='ocrx_word' id='word_1_330' title='bbox 1874 486 1915 507; x_wconf 87' lang='lat' dir='ltr'>ex</span> <span class='ocrx_word' id='word_1_331' title='bbox 1932 477 2054 520; x_wconf 88' lang='lat' dir='ltr'>spoliis</span> 
     </span>
     <span class='ocr_line' id='line_1_62' title="bbox 1185 512 1935 560; baseline 0.019 -15"><span class='ocrx_word' id='word_1_332' title='bbox 1185 512 1369 559; x_wconf 70' lang='lat' dir='ltr'>Phrygum</span> <span class='ocrx_word' id='word_1_333' title='bbox 1389 517 1555 551; x_wconf 85' lang='lat' dir='ltr'>adferunt</span> <span class='ocrx_word' id='word_1_334' title='bbox 1571 527 1738 553; x_wconf 90' lang='lat' dir='ltr'>ornatum</span> <span class='ocrx_word' id='word_1_335' title='bbox 1759 525 1935 560; x_wconf 81' lang='lat' dir='ltr'>cadaveri.</span> 
     </span>
     <span class='ocr_line' id='line_1_63' title="bbox 1184 566 1915 616; baseline 0.014 -18"><span class='ocrx_word' id='word_1_336' title='bbox 1184 567 1263 599; x_wconf 80' lang='lat' dir='ltr'>Hec.</span> <span class='ocrx_word' id='word_1_337' title='bbox 1289 566 1322 599; x_wconf 92' lang='lat' dir='ltr'>O</span> <span class='ocrx_word' id='word_1_338' title='bbox 1340 567 1407 607; x_wconf 87' lang='lat' dir='ltr'>fili,</span> <span class='ocrx_word' id='word_1_339' title='bbox 1435 580 1509 601; x_wconf 92' lang='lat' dir='ltr'>non</span> <span class='ocrx_word' id='word_1_340' title='bbox 1526 570 1625 614; x_wconf 86' lang='lat' dir='ltr'>equis</span> <span class='ocrx_word' id='word_1_341' title='bbox 1643 572 1844 607; x_wconf 85' lang='lat' dir='ltr'>vincentem</span> <span class='ocrx_word' id='word_1_342' title='bbox 1861 582 1895 608; x_wconf 93' lang='lat' dir='ltr'>te</span> <span class='ocrx_word' id='word_1_343' title='bbox 1907 603 1915 616; x_wconf 86' lang='lat'>‚</span> 
     </span>
     <span class='ocr_line' id='line_1_64' title="bbox 1136 616 2128 676; baseline 0.015 -26"><span class='ocrx_word' id='word_1_344' title='bbox 1136 616 1233 651; x_wconf 87' lang='grc'>1210</span> <span class='ocrx_word' id='word_1_345' title='bbox 1260 617 1385 663; x_wconf 89' lang='lat' dir='ltr'>Neque</span> <span class='ocrx_word' id='word_1_346' title='bbox 1402 619 1599 654; x_wconf 85' lang='lat' dir='ltr'>vincentem</span> <span class='ocrx_word' id='word_1_347' title='bbox 1619 623 1784 668; x_wconf 85' lang='lat' dir='ltr'>aequales</span> <span class='ocrx_word' id='word_1_348' title='bbox 1799 637 1896 666; x_wconf 85' lang='lat' dir='ltr'>arcu,</span> <span class='ocrx_word' id='word_1_349' title='bbox 1918 628 2005 662; x_wconf 88' lang='lat' dir='ltr'>sicut</span> <span class='ocrx_word' id='word_1_350' title='bbox 2016 629 2128 676; x_wconf 83' lang='lat' dir='ltr'>Phry-</span> 
     </span>
     <span class='ocr_line' id='line_1_65' title="bbox 1546 673 1741 716; baseline 0.021 -13"><span class='ocrx_word' id='word_1_351' title='bbox 1546 673 1647 716; x_wconf 81' lang='lat' dir='ltr'>gibus</span> <span class='ocrx_word' id='word_1_352' title='bbox 1664 687 1741 708; x_wconf 91' lang='lat' dir='ltr'>mos</span> 
     </span>
     <span class='ocr_line' id='line_1_66' title="bbox 1183 718 1952 773; baseline 0.014 -22"><span class='ocrx_word' id='word_1_353' title='bbox 1183 718 1246 753; x_wconf 86' lang='lat' dir='ltr'>Est</span> <span class='ocrx_word' id='word_1_354' title='bbox 1264 721 1497 763; x_wconf 85' lang='lat' dir='ltr'>venantibus,</span> <span class='ocrx_word' id='word_1_355' title='bbox 1524 735 1597 757; x_wconf 93' lang='lat' dir='ltr'>non</span> <span class='ocrx_word' id='word_1_356' title='bbox 1615 726 1659 757; x_wconf 87' lang='lat' dir='ltr'>ad</span> <span class='ocrx_word' id='word_1_357' title='bbox 1677 726 1875 761; x_wconf 86' lang='lat' dir='ltr'>satietatem</span> <span class='ocrx_word' id='word_1_358' title='bbox 1885 728 1930 773; x_wconf 75' lang='grc'>76)</span> <span class='ocrx_word' id='word_1_359' title='bbox 1944 757 1952 768; x_wconf 81' lang='lat'>,</span> 
     </span>
     <span class='ocr_line' id='line_1_67' title="bbox 1183 770 1864 819; baseline 0.013 -16"><span class='ocrx_word' id='word_1_360' title='bbox 1183 770 1299 804; x_wconf 85' lang='lat' dir='ltr'>Mater</span> <span class='ocrx_word' id='word_1_361' title='bbox 1316 773 1428 816; x_wconf 86' lang='lat' dir='ltr'>patris</span> <span class='ocrx_word' id='word_1_362' title='bbox 1446 774 1497 807; x_wconf 88' lang='lat' dir='ltr'>tui</span> <span class='ocrx_word' id='word_1_363' title='bbox 1514 775 1617 819; x_wconf 89' lang='lat' dir='ltr'>ponit</span> <span class='ocrx_word' id='word_1_364' title='bbox 1635 786 1864 819; x_wconf 86' lang='lat' dir='ltr'>ornamenta,</span> 
     </span>
     <span class='ocr_line' id='line_1_68' title="bbox 1183 821 2127 873; baseline 0.016 -19"><span class='ocrx_word' id='word_1_365' title='bbox 1183 821 1237 855; x_wconf 79' lang='lat' dir='ltr'>Ex</span> <span class='ocrx_word' id='word_1_366' title='bbox 1251 823 1320 857; x_wconf 89' lang='lat' dir='ltr'>tuis</span> <span class='ocrx_word' id='word_1_367' title='bbox 1335 825 1581 866; x_wconf 82' lang='lat' dir='ltr'>facultatibus,</span> <span class='ocrx_word' id='word_1_368' title='bbox 1611 840 1702 873; x_wconf 84' lang='lat' dir='ltr'>quae</span> <span class='ocrx_word' id='word_1_369' title='bbox 1721 841 1816 863; x_wconf 89' lang='lat' dir='ltr'>nunc</span> <span class='ocrx_word' id='word_1_370' title='bbox 1833 830 1896 863; x_wconf 92' lang='lat' dir='ltr'>tibi</span> <span class='ocrx_word' id='word_1_371' title='bbox 1914 830 1992 866; x_wconf 85' lang='lat' dir='ltr'>Diis</span> <span class='ocrx_word' id='word_1_372' title='bbox 2015 833 2127 869; x_wconf 79' lang='lat' dir='ltr'>invisa</span> 
     </span>
     <span class='ocr_line' id='line_1_69' title="bbox 1182 874 2025 917; baseline 0.012 -11"><span class='ocrx_word' id='word_1_373' title='bbox 1182 874 1339 908; x_wconf 84' lang='lat' dir='ltr'>Abstulit</span> <span class='ocrx_word' id='word_1_374' title='bbox 1354 875 1508 916; x_wconf 85' lang='lat' dir='ltr'>Helena;</span> <span class='ocrx_word' id='word_1_375' title='bbox 1536 878 1608 911; x_wconf 91' lang='lat' dir='ltr'>imo</span> <span class='ocrx_word' id='word_1_376' title='bbox 1626 879 1732 912; x_wconf 91' lang='lat' dir='ltr'>etiam</span> <span class='ocrx_word' id='word_1_377' title='bbox 1750 887 1847 914; x_wconf 87' lang='lat' dir='ltr'>tuam</span> <span class='ocrx_word' id='word_1_378' title='bbox 1867 882 2025 917; x_wconf 88' lang='lat' dir='ltr'>animam</span> 
     </span>
     <span class='ocr_line' id='line_1_70' title="bbox 1137 924 2091 979; baseline 0.012 -20"><span class='ocrx_word' id='word_1_379' title='bbox 1137 924 1231 960; x_wconf 88' lang='grc'>1215</span> <span class='ocrx_word' id='word_1_380' title='bbox 1258 924 1456 968; x_wconf 89' lang='lat' dir='ltr'>Interfecit‚</span> <span class='ocrx_word' id='word_1_381' title='bbox 1485 935 1519 962; x_wconf 88' lang='lat' dir='ltr'>et</span> <span class='ocrx_word' id='word_1_382' title='bbox 1535 931 1737 965; x_wconf 84' lang='lat' dir='ltr'>nniversam</span> <span class='ocrx_word' id='word_1_383' title='bbox 1759 933 1906 967; x_wconf 89' lang='lat' dir='ltr'>domum</span> <span class='ocrx_word' id='word_1_384' title='bbox 1924 936 2091 979; x_wconf 88' lang='lat' dir='ltr'>perdidit.</span> 
     </span>
     <span class='ocr_line' id='line_1_71' title="bbox 1184 978 1932 1025; baseline 0.009 -14"><span class='ocrx_word' id='word_1_385' title='bbox 1184 978 1281 1011; x_wconf 73' lang='lat' dir='ltr'>Ultor.</span> <span class='ocrx_word' id='word_1_386' title='bbox 1310 978 1388 1012; x_wconf 86' lang='lat' dir='ltr'>Heu</span> <span class='ocrx_word' id='word_1_387' title='bbox 1403 980 1548 1023; x_wconf 81' lang='lat' dir='ltr'>tetigisti</span> <span class='ocrx_word' id='word_1_388' title='bbox 1564 983 1658 1025; x_wconf 87' lang='lat' dir='ltr'>ipsas</span> <span class='ocrx_word' id='word_1_389' title='bbox 1674 983 1780 1017; x_wconf 85' lang='lat' dir='ltr'>fibras</span> <span class='ocrx_word' id='word_1_390' title='bbox 1802 985 1912 1017; x_wconf 89' lang='lat' dir='ltr'>animi</span> <span class='ocrx_word' id='word_1_391' title='bbox 1924 1012 1932 1025; x_wconf 76' lang='lat'>‚</span> 
     </span>
     <span class='ocr_line' id='line_1_72' title="bbox 1182 1027 2017 1076; baseline 0.014 -16"><span class='ocrx_word' id='word_1_392' title='bbox 1182 1027 1215 1061; x_wconf 91' lang='lat' dir='ltr'>O</span> <span class='ocrx_word' id='word_1_393' title='bbox 1232 1041 1381 1072; x_wconf 83' lang='lat' dir='ltr'>magnus</span> <span class='ocrx_word' id='word_1_394' title='bbox 1397 1030 1590 1076; x_wconf 87' lang='lat' dir='ltr'>aliquando</span> <span class='ocrx_word' id='word_1_395' title='bbox 1611 1033 1761 1068; x_wconf 88' lang='lat' dir='ltr'>existens</span> <span class='ocrx_word' id='word_1_396' title='bbox 1776 1047 1837 1068; x_wconf 86' lang='lat' dir='ltr'>rex</span> <span class='ocrx_word' id='word_1_397' title='bbox 1856 1036 2017 1072; x_wconf 80' lang='lat' dir='ltr'>civitatis.</span> 
     </span>
     <span class='ocr_line' id='line_1_73' title="bbox 1181 1080 2126 1136; baseline 0.015 -25"><span class='ocrx_word' id='word_1_398' title='bbox 1181 1081 1260 1113; x_wconf 83' lang='lat' dir='ltr'>Hec.</span> <span class='ocrx_word' id='word_1_399' title='bbox 1278 1080 1379 1124; x_wconf 85' lang='lat' dir='ltr'>Quae</span> <span class='ocrx_word' id='word_1_400' title='bbox 1395 1084 1554 1126; x_wconf 85' lang='lat' dir='ltr'>oportuit</span> <span class='ocrx_word' id='word_1_401' title='bbox 1569 1090 1601 1116; x_wconf 91' lang='lat' dir='ltr'>te</span> <span class='ocrx_word' id='word_1_402' title='bbox 1616 1085 1763 1119; x_wconf 89' lang='lat' dir='ltr'>induere</span> <span class='ocrx_word' id='word_1_403' title='bbox 1776 1088 1919 1132; x_wconf 90' lang='lat' dir='ltr'>corpori</span> <span class='ocrx_word' id='word_1_404' title='bbox 1930 1088 1966 1122; x_wconf 91' lang='lat' dir='ltr'>in</span> <span class='ocrx_word' id='word_1_405' title='bbox 1982 1091 2126 1136; x_wconf 87' lang='lat' dir='ltr'>nuptiis,</span> 
     </span>
     <span class='ocr_line' id='line_1_74' title="bbox 1182 1129 1925 1179; baseline 0.015 -17"><span class='ocrx_word' id='word_1_406' title='bbox 1182 1129 1377 1165; x_wconf 87' lang='lat' dir='ltr'>Ducentem</span> <span class='ocrx_word' id='word_1_407' title='bbox 1396 1133 1655 1168; x_wconf 85' lang='lat' dir='ltr'>nobilissimam</span> <span class='ocrx_word' id='word_1_408' title='bbox 1673 1136 1925 1179; x_wconf 80' lang='lat' dir='ltr'>Asiaticarum‚</span> 
     </span>
     <span class='ocr_line' id='line_1_75' title="bbox 1133 1183 2033 1233; baseline 0.013 -19"><span class='ocrx_word' id='word_1_409' title='bbox 1133 1183 1230 1216; x_wconf 75' lang='grc'>1220</span> <span class='ocrx_word' id='word_1_410' title='bbox 1258 1183 1353 1216; x_wconf 88' lang='lat' dir='ltr'>Haec</span> <span class='ocrx_word' id='word_1_411' title='bbox 1371 1193 1580 1218; x_wconf 86' lang='lat' dir='ltr'>ornamenta</span> <span class='ocrx_word' id='word_1_412' title='bbox 1594 1186 1639 1233; x_wconf 77' lang='lat'>⁷⁷)</span> <span class='ocrx_word' id='word_1_413' title='bbox 1656 1188 1808 1222; x_wconf 78' lang='lat' dir='ltr'>vestium</span> <span class='ocrx_word' id='word_1_414' title='bbox 1826 1190 1936 1224; x_wconf 87' lang='lat' dir='ltr'>induo</span> <span class='ocrx_word' id='word_1_415' title='bbox 1957 1192 2033 1226; x_wconf 85' lang='lat' dir='ltr'>tihi.</span> 
     </span>
     <span class='ocr_line' id='line_1_76' title="bbox 1181 1233 2003 1282; baseline 0.012 -16"><span class='ocrx_word' id='word_1_416' title='bbox 1181 1233 1237 1266; x_wconf 90' lang='lat' dir='ltr'>Tu</span> <span class='ocrx_word' id='word_1_417' title='bbox 1255 1247 1360 1274; x_wconf 77' lang='lat' dir='ltr'>vero,</span> <span class='ocrx_word' id='word_1_418' title='bbox 1389 1248 1479 1280; x_wconf 89' lang='lat' dir='ltr'>quae</span> <span class='ocrx_word' id='word_1_419' title='bbox 1495 1237 1592 1271; x_wconf 87' lang='lat' dir='ltr'>fuisti</span> <span class='ocrx_word' id='word_1_420' title='bbox 1609 1239 1763 1282; x_wconf 83' lang='lat' dir='ltr'>gloriosa</span> <span class='ocrx_word' id='word_1_421' title='bbox 1782 1240 2003 1276; x_wconf 87' lang='lat' dir='ltr'>infinitarum</span> 
     </span>
     <span class='ocr_line' id='line_1_77' title="bbox 1179 1285 2086 1337; baseline 0.014 -21"><span class='ocrx_word' id='word_1_422' title='bbox 1179 1285 1421 1320; x_wconf 59' lang='lat' dir='ltr'>Victoriarum</span> <span class='ocrx_word' id='word_1_423' title='bbox 1439 1294 1573 1329; x_wconf 88' lang='lat' dir='ltr'>mater,</span> <span class='ocrx_word' id='word_1_424' title='bbox 1603 1302 1623 1322; x_wconf 92' lang='lat' dir='ltr'>o</span> <span class='ocrx_word' id='word_1_425' title='bbox 1643 1288 1748 1324; x_wconf 87' lang='lat' dir='ltr'>chare</span> <span class='ocrx_word' id='word_1_426' title='bbox 1767 1292 1888 1337; x_wconf 75' lang='lat' dir='ltr'>clypee</span> <span class='ocrx_word' id='word_1_427' title='bbox 1904 1293 2066 1330; x_wconf 88' lang='lat' dir='ltr'>Hectoris</span> <span class='ocrx_word' id='word_1_428' title='bbox 2078 1324 2086 1336; x_wconf 87' lang='lat'>‚</span> 
     </span>
     <span class='ocr_line' id='line_1_78' title="bbox 1179 1337 2123 1389; baseline 0.015 -21"><span class='ocrx_word' id='word_1_429' title='bbox 1179 1337 1388 1375; x_wconf 83' lang='lat' dir='ltr'>Coroneris;</span> <span class='ocrx_word' id='word_1_430' title='bbox 1430 1340 1595 1373; x_wconf 89' lang='lat' dir='ltr'>morieris</span> <span class='ocrx_word' id='word_1_431' title='bbox 1617 1353 1712 1375; x_wconf 91' lang='lat' dir='ltr'>nunc</span> <span class='ocrx_word' id='word_1_432' title='bbox 1736 1355 1814 1376; x_wconf 89' lang='lat' dir='ltr'>cum</span> <span class='ocrx_word' id='word_1_433' title='bbox 1845 1342 1912 1378; x_wconf 91' lang='lat' dir='ltr'>hoc</span> <span class='ocrx_word' id='word_1_434' title='bbox 1939 1347 2123 1389; x_wconf 86' lang='lat' dir='ltr'>cadavere,</span> 
     </span>
     <span class='ocr_line' id='line_1_79' title="bbox 1542 1404 2052 1439; baseline 0.02 -16"><span class='ocrx_word' id='word_1_435' title='bbox 1542 1404 1760 1438; x_wconf 85' lang='lat' dir='ltr'>quamquam</span> <span class='ocrx_word' id='word_1_436' title='bbox 1780 1407 1854 1428; x_wconf 90' lang='lat' dir='ltr'>non</span> <span class='ocrx_word' id='word_1_437' title='bbox 1871 1404 2052 1439; x_wconf 88' lang='lat' dir='ltr'>mortuus,</span> 
     </span>
     <span class='ocr_line' id='line_1_80' title="bbox 1178 1438 1743 1488; baseline 0.014 -18"><span class='ocrx_word' id='word_1_438' title='bbox 1178 1438 1269 1482; x_wconf 87' lang='lat' dir='ltr'>Quia</span> <span class='ocrx_word' id='word_1_439' title='bbox 1288 1440 1400 1473; x_wconf 90' lang='lat' dir='ltr'>multo</span> <span class='ocrx_word' id='word_1_440' title='bbox 1417 1442 1529 1485; x_wconf 87' lang='lat' dir='ltr'>magis</span> <span class='ocrx_word' id='word_1_441' title='bbox 1548 1456 1655 1488; x_wconf 85' lang='lat' dir='ltr'>quam</span> <span class='ocrx_word' id='word_1_442' title='bbox 1675 1445 1743 1477; x_wconf 84' lang='lat' dir='ltr'>cati</span> 
     </span>
     <span class='ocr_line' id='line_1_81' title="bbox 1129 1488 2120 1541; baseline 0.013 -18"><span class='ocrx_word' id='word_1_443' title='bbox 1129 1488 1225 1524; x_wconf 88' lang='grc'>1225</span> <span class='ocrx_word' id='word_1_444' title='bbox 1252 1489 1297 1523; x_wconf 83' lang='lat' dir='ltr'>Et</span> <span class='ocrx_word' id='word_1_445' title='bbox 1322 1491 1408 1524; x_wconf 87' lang='lat' dir='ltr'>mali</span> <span class='ocrx_word' id='word_1_446' title='bbox 1436 1492 1571 1538; x_wconf 89' lang='lat' dir='ltr'>Ulyssis</span> <span class='ocrx_word' id='word_1_447' title='bbox 1593 1507 1712 1536; x_wconf 86' lang='lat' dir='ltr'>arma,</span> <span class='ocrx_word' id='word_1_448' title='bbox 1748 1496 1894 1541; x_wconf 84' lang='lat' dir='ltr'>dignum</span> <span class='ocrx_word' id='word_1_449' title='bbox 1922 1507 1973 1534; x_wconf 87' lang='lat' dir='ltr'>est</span> <span class='ocrx_word' id='word_1_450' title='bbox 1999 1507 2032 1534; x_wconf 87' lang='lat' dir='ltr'>te</span> <span class='ocrx_word' id='word_1_451' title='bbox 2058 1500 2120 1535; x_wconf 88' lang='lat' dir='ltr'>ho-</span> 
     </span>
     <span class='ocr_line' id='line_1_82' title="bbox 1538 1548 1796 1582; baseline 0.016 -5"><span class='ocrx_word' id='word_1_452' title='bbox 1538 1557 1625 1579; x_wconf 87' lang='lat' dir='ltr'>nore</span> <span class='ocrx_word' id='word_1_453' title='bbox 1647 1548 1796 1582; x_wconf 84' lang='lat' dir='ltr'>afficere.</span> 
     </span>
     <span class='ocr_line' id='line_1_83' title="bbox 1176 1593 1379 1628; baseline 0.005 -1"><span class='ocrx_word' id='word_1_454' title='bbox 1176 1594 1273 1627; x_wconf 70' lang='lat' dir='ltr'>(Vror.</span> <span class='ocrx_word' id='word_1_455' title='bbox 1302 1593 1379 1628; x_wconf 90' lang='lat' dir='ltr'>Heu</span> 
     </span>
     <span class='ocr_line' id='line_1_84' title="bbox 1174 1646 1921 1691; baseline 0.013 -15"><span class='ocrx_word' id='word_1_456' title='bbox 1174 1646 1206 1677; x_wconf 79' lang='grc' dir='ltr'><strong>Ο</strong></span> <span class='ocrx_word' id='word_1_457' title='bbox 1222 1646 1269 1677; x_wconf 84' lang='lat' dir='ltr'>tili</span> <span class='ocrx_word' id='word_1_458' title='bbox 1281 1671 1289 1685; x_wconf 85' lang='lat'>‚</span> <span class='ocrx_word' id='word_1_459' title='bbox 1319 1658 1425 1691; x_wconf 90' lang='lat' dir='ltr'>quam</span> <span class='ocrx_word' id='word_1_460' title='bbox 1444 1648 1536 1681; x_wconf 87' lang='lat' dir='ltr'>tristi</span> <span class='ocrx_word' id='word_1_461' title='bbox 1551 1649 1808 1685; x_wconf 80' lang='lat' dir='ltr'>lamentatione</span> <span class='ocrx_word' id='word_1_462' title='bbox 1827 1659 1921 1686; x_wconf 84' lang='lat' dir='ltr'>terra</span> 
     </span>
     <span class='ocr_line' id='line_1_85' title="bbox 1177 1695 1843 1741; baseline 0.015 -14"><span class='ocrx_word' id='word_1_463' title='bbox 1177 1695 1335 1741; x_wconf 76' lang='lat' dir='ltr'>Excipiet</span> <span class='ocrx_word' id='word_1_464' title='bbox 1351 1704 1383 1730; x_wconf 87' lang='lat' dir='ltr'>te</span> <span class='ocrx_word' id='word_1_465' title='bbox 1396 1725 1404 1738; x_wconf 96' lang='lat'>‚</span> <span class='ocrx_word' id='word_1_466' title='bbox 1432 1699 1629 1734; x_wconf 88' lang='lat' dir='ltr'>lamentare</span> <span class='ocrx_word' id='word_1_467' title='bbox 1641 1728 1649 1741; x_wconf 93' lang='lat'>,</span> <span class='ocrx_word' id='word_1_468' title='bbox 1679 1714 1698 1734; x_wconf 95' lang='lat' dir='ltr'>o</span> <span class='ocrx_word' id='word_1_469' title='bbox 1716 1709 1843 1737; x_wconf 79' lang='lat' dir='ltr'>mater.</span> 
     </span>
     <span class='ocr_line' id='line_1_86' title="bbox 1172 1748 2116 1793; baseline 0.014 -13"><span class='ocrx_word' id='word_1_470' title='bbox 1172 1750 1253 1781; x_wconf 82' lang='lat' dir='ltr'>Hec.</span> <span class='ocrx_word' id='word_1_471' title='bbox 1281 1748 1371 1782; x_wconf 93' lang='lat' dir='ltr'>Heu.</span> <span class='ocrx_word' id='word_1_472' title='bbox 1432 1751 1530 1785; x_wconf 80' lang='lat' dir='ltr'>Chor.</span> <span class='ocrx_word' id='word_1_473' title='bbox 1559 1749 1787 1787; x_wconf 88' lang='lat' dir='ltr'>Mortuorum</span> <span class='ocrx_word' id='word_1_474' title='bbox 1810 1755 2116 1793; x_wconf 85' lang='lat' dir='ltr'>lamentationem.</span> 
     </span>
     <span class='ocr_line' id='line_1_87' title="bbox 1123 1798 1551 1837; baseline 0.012 -6"><span class='ocrx_word' id='word_1_475' title='bbox 1123 1798 1220 1832; x_wconf 76' lang='lat'>1230</span> <span class='ocrx_word' id='word_1_476' title='bbox 1245 1802 1326 1833; x_wconf 81' lang='lat' dir='ltr'>Hec.</span> <span class='ocrx_word' id='word_1_477' title='bbox 1353 1800 1433 1834; x_wconf 92' lang='lat' dir='ltr'>Heu</span> <span class='ocrx_word' id='word_1_478' title='bbox 1450 1800 1551 1837; x_wconf 85' lang='lat' dir='ltr'>mihi.</span> 
     </span>
     <span class='ocr_line' id='line_1_88' title="bbox 1171 1851 1833 1890; baseline 0.006 -5"><span class='ocrx_word' id='word_1_479' title='bbox 1171 1852 1268 1885; x_wconf 80' lang='lat' dir='ltr'>Ghor.</span> <span class='ocrx_word' id='word_1_480' title='bbox 1297 1851 1375 1885; x_wconf 87' lang='lat' dir='ltr'>Heu</span> <span class='ocrx_word' id='word_1_481' title='bbox 1391 1858 1451 1886; x_wconf 85' lang='lat' dir='ltr'>tua</span> <span class='ocrx_word' id='word_1_482' title='bbox 1468 1853 1707 1888; x_wconf 84' lang='lat' dir='ltr'>intolerabilia</span> <span class='ocrx_word' id='word_1_483' title='bbox 1727 1855 1833 1890; x_wconf 87' lang='lat' dir='ltr'>mala.</span> 
     </span>
     <span class='ocr_line' id='line_1_89' title="bbox 1167 1902 1771 1951; baseline 0.008 -16"><span class='ocrx_word' id='word_1_484' title='bbox 1167 1903 1247 1936; x_wconf 83' lang='lat' dir='ltr'>Hee.</span> <span class='ocrx_word' id='word_1_485' title='bbox 1279 1902 1384 1937; x_wconf 89' lang='lat' dir='ltr'>Loris</span> <span class='ocrx_word' id='word_1_486' title='bbox 1401 1905 1551 1938; x_wconf 79' lang='lat' dir='ltr'>vulnera</span> <span class='ocrx_word' id='word_1_487' title='bbox 1570 1906 1771 1951; x_wconf 77' lang='lat' dir='ltr'>abstergam</span> 
     </span>
     <span class='ocr_line' id='line_1_90' title="bbox 1170 1952 2018 1999; baseline 0.011 -14"><span class='ocrx_word' id='word_1_488' title='bbox 1170 1952 1292 1987; x_wconf 86' lang='lat' dir='ltr'>Infelix</span> <span class='ocrx_word' id='word_1_489' title='bbox 1306 1955 1483 1996; x_wconf 74' lang='lat' dir='ltr'>medicus,</span> <span class='ocrx_word' id='word_1_490' title='bbox 1511 1969 1644 1990; x_wconf 88' lang='lat' dir='ltr'>nomen</span> <span class='ocrx_word' id='word_1_491' title='bbox 1663 1956 1814 1999; x_wconf 82' lang='lat' dir='ltr'>habens,</span> <span class='ocrx_word' id='word_1_492' title='bbox 1842 1972 1915 1993; x_wconf 92' lang='lat' dir='ltr'>non</span> <span class='ocrx_word' id='word_1_493' title='bbox 1931 1973 2018 1995; x_wconf 84' lang='lat' dir='ltr'>rem.</span> 
     </span>
     <span class='ocr_line' id='line_1_91' title="bbox 1169 2004 1992 2054; baseline 0.01 -17"><span class='ocrx_word' id='word_1_494' title='bbox 1169 2004 1316 2039; x_wconf 85' lang='lat' dir='ltr'>Caetera</span> <span class='ocrx_word' id='word_1_495' title='bbox 1332 2008 1427 2051; x_wconf 85' lang='lat' dir='ltr'>apud</span> <span class='ocrx_word' id='word_1_496' title='bbox 1445 2016 1607 2043; x_wconf 89' lang='lat' dir='ltr'>mortuos</span> <span class='ocrx_word' id='word_1_497' title='bbox 1628 2011 1766 2043; x_wconf 84' lang='lat' dir='ltr'>curabit</span> <span class='ocrx_word' id='word_1_498' title='bbox 1783 2017 1884 2054; x_wconf 84' lang='lat' dir='ltr'>pater</span> <span class='ocrx_word' id='word_1_499' title='bbox 1902 2018 1992 2046; x_wconf 89' lang='lat' dir='ltr'>tuus.</span> 
     </span>
     <span class='ocr_line' id='line_1_92' title="bbox 1120 2055 1995 2107; baseline 0.009 -19"><span class='ocrx_word' id='word_1_500' title='bbox 1120 2055 1216 2091; x_wconf 76' lang='lat'>1235</span> <span class='ocrx_word' id='word_1_501' title='bbox 1243 2059 1341 2092; x_wconf 77' lang='lat' dir='ltr'>Char.</span> <span class='ocrx_word' id='word_1_502' title='bbox 1368 2058 1517 2093; x_wconf 83' lang='lat' dir='ltr'>Percute</span> <span class='ocrx_word' id='word_1_503' title='bbox 1536 2073 1645 2094; x_wconf 88' lang='lat' dir='ltr'>manu</span> <span class='ocrx_word' id='word_1_504' title='bbox 1661 2068 1786 2106; x_wconf 87' lang='lat' dir='ltr'>caput,</span> <span class='ocrx_word' id='word_1_505' title='bbox 1814 2063 1995 2107; x_wconf 84' lang='lat' dir='ltr'>planctum</span> 
     </span>
     <span class='ocr_line' id='line_1_93' title="bbox 1166 2107 1668 2151; baseline 0.01 -11"><span class='ocrx_word' id='word_1_506' title='bbox 1166 2107 1265 2142; x_wconf 84' lang='lat' dir='ltr'>Dans</span> <span class='ocrx_word' id='word_1_507' title='bbox 1281 2110 1444 2145; x_wconf 86' lang='lat' dir='ltr'>manibus</span> <span class='ocrx_word' id='word_1_508' title='bbox 1456 2138 1465 2151; x_wconf 92' lang='lat'>‚</span> <span class='ocrx_word' id='word_1_509' title='bbox 1493 2109 1550 2144; x_wconf 93' lang='lat' dir='ltr'>hei</span> <span class='ocrx_word' id='word_1_510' title='bbox 1567 2110 1668 2146; x_wconf 86' lang='lat' dir='ltr'>mihi.</span> 
     </span>
     <span class='ocr_line' id='line_1_94' title="bbox 1166 2159 1744 2197; baseline 0.007 -5"><span class='ocrx_word' id='word_1_511' title='bbox 1166 2161 1245 2193; x_wconf 80' lang='lat' dir='ltr'>Hee.</span> <span class='ocrx_word' id='word_1_512' title='bbox 1273 2160 1306 2194; x_wconf 89' lang='lat' dir='ltr'><strong>O</strong></span> <span class='ocrx_word' id='word_1_513' title='bbox 1325 2159 1552 2197; x_wconf 80' lang='lat' dir='ltr'>charissimae</span> <span class='ocrx_word' id='word_1_514' title='bbox 1567 2164 1744 2197; x_wconf 85' lang='lat' dir='ltr'>mulieres.</span> 
     </span>
     <span class='ocr_line' id='line_1_95' title="bbox 1167 2212 1828 2260; baseline 0.006 -16"><span class='ocrx_word' id='word_1_515' title='bbox 1167 2212 1265 2245; x_wconf 78' lang='lat' dir='ltr'>Chor-</span> <span class='ocrx_word' id='word_1_516' title='bbox 1292 2212 1455 2253; x_wconf 84' lang='lat' dir='ltr'>Hecuba,</span> <span class='ocrx_word' id='word_1_517' title='bbox 1482 2221 1560 2248; x_wconf 86' lang='lat' dir='ltr'>tuas</span> <span class='ocrx_word' id='word_1_518' title='bbox 1578 2215 1759 2260; x_wconf 78' lang='lat' dir='ltr'>alloquere</span> <span class='ocrx_word' id='word_1_519' title='bbox 1772 2214 1828 2258; x_wconf 66' lang='grc' dir='ltr'>τε).</span> 
     </span>
    </p>
   </div>
   <div class='ocr_carea' id='block_1_13' title="bbox 1146 2345 2108 2493">
    <p class='ocr_par' dir='ltr' id='par_1_23' title="bbox 1146 2345 1922 2415">
     <span class='ocr_line' id='line_1_96' title="bbox 1146 2345 1922 2380; baseline 0.009 -12"><span class='ocrx_word' id='word_1_520' title='bbox 1146 2345 1193 2372; x_wconf 78' lang='grc'>75)</span> <span class='ocrx_word' id='word_1_521' title='bbox 1215 2345 1360 2369; x_wconf 78' lang='lat' dir='ltr'>consciscit</span> <span class='ocrx_word' id='word_1_522' title='bbox 1378 2347 1520 2377; x_wconf 77' lang='lat' dir='ltr'>gaudium]</span> <span class='ocrx_word' id='word_1_523' title='bbox 1546 2348 1586 2371; x_wconf 81' lang='lat' dir='ltr'>sic</span> <span class='ocrx_word' id='word_1_524' title='bbox 1605 2349 1687 2373; x_wconf 78' lang='lat' dir='ltr'>Editt.</span> <span class='ocrx_word' id='word_1_525' title='bbox 1714 2350 1804 2380; x_wconf 49' lang='lat'>1555,</span> <span class='ocrx_word' id='word_1_526' title='bbox 1833 2350 1922 2379; x_wconf 78' lang='lat'>1562.;</span> 
     </span>
     <span class='ocr_line' id='line_1_97' title="bbox 1182 2381 1794 2415; baseline 0.011 -13"><span class='ocrx_word' id='word_1_527' title='bbox 1182 2382 1268 2404; x_wconf 62' lang='lat' dir='ltr'>cenn:</span> <span class='ocrx_word' id='word_1_528' title='bbox 1295 2381 1418 2410; x_wconf 63' lang='lat' dir='ltr'>indulget</span> <span class='ocrx_word' id='word_1_529' title='bbox 1437 2383 1535 2412; x_wconf 71' lang='lat' dir='ltr'>gaudio</span> <span class='ocrx_word' id='word_1_530' title='bbox 1553 2384 1661 2413; x_wconf 72' lang='lat' dir='ltr'>[Eurip.</span> <span class='ocrx_word' id='word_1_531' title='bbox 1679 2385 1794 2415; x_wconf 72' lang='grc' dir='ltr'>χαίρει).</span> 
     </span>
    </p>

    <p class='ocr_par' dir='ltr' id='par_1_24' title="bbox 1146 2421 2108 2493">
     <span class='ocr_line' id='line_1_98' title="bbox 1146 2421 2108 2456; baseline 0.011 -13"><span class='ocrx_word' id='word_1_532' title='bbox 1146 2421 1192 2451; x_wconf 76' lang='grc'>76)</span> <span class='ocrx_word' id='word_1_533' title='bbox 1214 2422 1284 2444; x_wconf 83' lang='lat' dir='ltr'>sicut</span> <span class='ocrx_word' id='word_1_534' title='bbox 1303 2422 1458 2453; x_wconf 58' lang='lat' dir='ltr'>Phrygibus</span> <span class='ocrx_word' id='word_1_535' title='bbox 1478 2437 1511 2441; x_wconf 86' lang='lat'><strong>—</strong></span> <span class='ocrx_word' id='word_1_536' title='bbox 1530 2425 1719 2456; x_wconf 72' lang='lat' dir='ltr'>satietatem,]</span> <span class='ocrx_word' id='word_1_537' title='bbox 1739 2427 1778 2450; x_wconf 72' lang='lat' dir='ltr'>sic·</span> <span class='ocrx_word' id='word_1_538' title='bbox 1796 2427 1878 2451; x_wconf 75' lang='lat' dir='ltr'>Editt.</span> <span class='ocrx_word' id='word_1_539' title='bbox 1899 2428 1989 2456; x_wconf 62' lang='lat'>1558,</span> <span class='ocrx_word' id='word_1_540' title='bbox 2017 2430 2108 2455; x_wconf 79' lang='lat'>1562.;</span> 
     </span>
     <span class='ocr_line' id='line_1_99' title="bbox 1182 2456 2105 2493; baseline 0.009 -15"><span class='ocrx_word' id='word_1_541' title='bbox 1182 2456 1239 2480; x_wconf 72' lang='lat' dir='ltr'>Fix.</span> <span class='ocrx_word' id='word_1_542' title='bbox 1260 2457 1354 2479; x_wconf 66' lang='lat' dir='ltr'>eadem</span> <span class='ocrx_word' id='word_1_543' title='bbox 1375 2459 1461 2481; x_wconf 77' lang='lat' dir='ltr'>verba.</span> <span class='ocrx_word' id='word_1_544' title='bbox 1478 2465 1520 2488; x_wconf 70' lang='lat' dir='ltr'>gr.</span> <span class='ocrx_word' id='word_1_545' title='bbox 1541 2459 1580 2482; x_wconf 85' lang='lat' dir='ltr'>sic</span> <span class='ocrx_word' id='word_1_546' title='bbox 1598 2461 1696 2484; x_wconf 78' lang='lat' dir='ltr'>vertit:</span> <span class='ocrx_word' id='word_1_547' title='bbox 1718 2467 1785 2490; x_wconf 81' lang='lat' dir='ltr'>quos</span> <span class='ocrx_word' id='word_1_548' title='bbox 1799 2467 1892 2485; x_wconf 83' lang='lat' dir='ltr'>mores</span> <span class='ocrx_word' id='word_1_549' title='bbox 1908 2462 2035 2493; x_wconf 66' lang='lat' dir='ltr'>Phryges</span> <span class='ocrx_word' id='word_1_550' title='bbox 2051 2464 2105 2488; x_wconf 87' lang='lat' dir='ltr'>Cu-</span> 
     </span>
    </p>
   </div>
   <div class='ocr_carea' id='block_1_14' title="bbox 1961 2353 2107 2376">
    <p class='ocr_par' dir='ltr' id='par_1_25' title="bbox 1961 2353 2107 2376">
     <span class='ocr_line' id='line_1_100' title="bbox 1961 2353 2107 2376; baseline 0.007 -1"><span class='ocrx_word' id='word_1_551' title='bbox 1961 2353 2040 2375; x_wconf 77' lang='lat' dir='ltr'>Editt.</span> <span class='ocrx_word' id='word_1_552' title='bbox 2061 2359 2107 2376; x_wconf 84' lang='lat' dir='ltr'>re-</span> 
     </span>
    </p>
   </div>
   <div class='ocr_carea' id='block_1_15' title="bbox 1144 2491 2106 2597">
    <p class='ocr_par' dir='ltr' id='par_1_26' title="bbox 1144 2491 2106 2597">
     <span class='ocr_line' id='line_1_101' title="bbox 1181 2491 1839 2521; baseline 0.011 -9"><span class='ocrx_word' id='word_1_553' title='bbox 1181 2491 1255 2517; x_wconf 71' lang='lat' dir='ltr'>tunt,</span> <span class='ocrx_word' id='word_1_554' title='bbox 1283 2497 1334 2514; x_wconf 87' lang='lat' dir='ltr'>non</span> <span class='ocrx_word' id='word_1_555' title='bbox 1358 2492 1467 2516; x_wconf 80' lang='lat' dir='ltr'>nimium</span> <span class='ocrx_word' id='word_1_556' title='bbox 1487 2494 1532 2517; x_wconf 64' lang='lat' dir='ltr'>lais</span> <span class='ocrx_word' id='word_1_557' title='bbox 1552 2495 1650 2517; x_wconf 83' lang='lat' dir='ltr'>studiis</span> <span class='ocrx_word' id='word_1_558' title='bbox 1672 2501 1703 2518; x_wconf 89' lang='lat' dir='ltr'>se</span> <span class='ocrx_word' id='word_1_559' title='bbox 1722 2496 1819 2518; x_wconf 78' lang='lat' dir='ltr'>dantes</span> <span class='ocrx_word' id='word_1_560' title='bbox 1832 2513 1839 2521; x_wconf 83' lang='grc'>,</span> 
     </span>
     <span class='ocr_line' id='line_1_102' title="bbox 1144 2533 2106 2570; baseline 0.009 -15"><span class='ocrx_word' id='word_1_561' title='bbox 1144 2533 1191 2563; x_wconf 86' lang='grc'>77)</span> <span class='ocrx_word' id='word_1_562' title='bbox 1212 2533 1287 2556; x_wconf 82' lang='lat' dir='ltr'>Haec</span> <span class='ocrx_word' id='word_1_563' title='bbox 1306 2537 1480 2565; x_wconf 77' lang='lat' dir='ltr'>ornamenta]</span> <span class='ocrx_word' id='word_1_564' title='bbox 1506 2537 1547 2559; x_wconf 77' lang='lat' dir='ltr'>sic</span> <span class='ocrx_word' id='word_1_565' title='bbox 1566 2537 1649 2560; x_wconf 77' lang='lat' dir='ltr'>Editt.</span> <span class='ocrx_word' id='word_1_566' title='bbox 1667 2538 1757 2569; x_wconf 55' lang='lat'>1558„</span> <span class='ocrx_word' id='word_1_567' title='bbox 1783 2539 1882 2568; x_wconf 62' lang='lat' dir='ltr'>Bai-n..</span> <span class='ocrx_word' id='word_1_568' title='bbox 1907 2540 2027 2570; x_wconf 76' lang='lat' dir='ltr'>Musgr.;</span> <span class='ocrx_word' id='word_1_569' title='bbox 2058 2541 2106 2564; x_wconf 73' lang='lat' dir='ltr'>Ed.</span> 
     </span>
     <span class='ocr_line' id='line_1_103' title="bbox 1184 2567 1657 2597; baseline 0.013 -7"><span class='ocrx_word' id='word_1_570' title='bbox 1184 2567 1258 2593; x_wconf 76' lang='lat'>1562.</span> <span class='ocrx_word' id='word_1_571' title='bbox 1277 2569 1362 2592; x_wconf 78' lang='lat' dir='ltr'>male:</span> <span class='ocrx_word' id='word_1_572' title='bbox 1394 2571 1460 2595; x_wconf 79' lang='lat' dir='ltr'>Hec.</span> <span class='ocrx_word' id='word_1_573' title='bbox 1481 2571 1657 2597; x_wconf 82' lang='lat' dir='ltr'>ornamenta.</span> 
     </span>
    </p>
   </div>
   <div class='ocr_carea' id='block_1_16' title="bbox 1146 2610 2106 2709">
    <p class='ocr_par' dir='ltr' id='par_1_27' title="bbox 1146 2610 2106 2709">
     <span class='ocr_line' id='line_1_104' title="bbox 1146 2610 2106 2645; baseline 0.009 -13"><span class='ocrx_word' id='word_1_574' title='bbox 1146 2610 1194 2637; x_wconf 74' lang='lat'>78)</span> <span class='ocrx_word' id='word_1_575' title='bbox 1212 2611 1274 2633; x_wconf 87' lang='lat' dir='ltr'>tuas</span> <span class='ocrx_word' id='word_1_576' title='bbox 1299 2611 1466 2643; x_wconf 71' lang='lat' dir='ltr'>alloquere]</span> <span class='ocrx_word' id='word_1_577' title='bbox 1491 2613 1557 2636; x_wconf 83' lang='lat' dir='ltr'>haec</span> <span class='ocrx_word' id='word_1_578' title='bbox 1582 2613 1609 2636; x_wconf 89' lang='lat' dir='ltr'>in</span> <span class='ocrx_word' id='word_1_579' title='bbox 1634 2620 1720 2645; x_wconf 83' lang='lat' dir='ltr'>marg.</span> <span class='ocrx_word' id='word_1_580' title='bbox 1747 2615 1939 2640; x_wconf 70' lang='lat' dir='ltr'>Editt.155ss..</span> <span class='ocrx_word' id='word_1_581' title='bbox 1968 2617 2039 2640; x_wconf 78' lang='lat'>1562.</span> <span class='ocrx_word' id='word_1_582' title='bbox 2065 2618 2106 2641; x_wconf 79' lang='lat' dir='ltr'>sic</span> 
     </span>
     <span class='ocr_line' id='line_1_105' title="bbox 1182 2645 2104 2684; baseline 0.009 -17"><span class='ocrx_word' id='word_1_583' title='bbox 1182 2645 1364 2684; x_wconf 78' lang='lat' dir='ltr'>explicantur:</span> <span class='ocrx_word' id='word_1_584' title='bbox 1402 2647 1429 2670; x_wconf 85' lang='lat' dir='ltr'>ld</span> <span class='ocrx_word' id='word_1_585' title='bbox 1450 2648 1508 2677; x_wconf 80' lang='lat' dir='ltr'>est,</span> <span class='ocrx_word' id='word_1_586' title='bbox 1548 2649 1663 2676; x_wconf 79' lang='lat' dir='ltr'>manda,</span> <span class='ocrx_word' id='word_1_587' title='bbox 1701 2649 1805 2679; x_wconf 87' lang='lat' dir='ltr'>impera</span> <span class='ocrx_word' id='word_1_588' title='bbox 1830 2653 1956 2680; x_wconf 72' lang='lat' dir='ltr'>tanquam</span> <span class='ocrx_word' id='word_1_589' title='bbox 1982 2651 2036 2674; x_wconf 83' lang='lat' dir='ltr'>tuis</span> <span class='ocrx_word' id='word_1_590' title='bbox 2063 2658 2104 2679; x_wconf 76' lang='lat' dir='ltr'>ea.</span> 
     </span>
     <span class='ocr_line' id='line_1_106' title="bbox 1183 2685 1319 2709; baseline 0.007 -7"><span class='ocrx_word' id='word_1_591' title='bbox 1183 2685 1250 2709; x_wconf 79' lang='lat' dir='ltr'>quae</span> <span class='ocrx_word' id='word_1_592' title='bbox 1268 2686 1319 2703; x_wconf 75' lang='lat' dir='ltr'>vts.</span> 
     </span>
    </p>
   </div>
   <div class='ocr_carea' id='block_1_17' title="bbox 1442 2715 1525 2751">
    <p class='ocr_par' dir='ltr' id='par_1_28' title="bbox 1442 2715 1525 2751">
     <span class='ocr_line' id='line_1_107' title="bbox 1442 2715 1525 2751; baseline 0.012 -1"><span class='ocrx_word' id='word_1_593' title='bbox 1442 2715 1525 2751; x_wconf 64' lang='lat'>53*</span> 
     </span>
    </p>
   </div>
  </div>
 </body>
</html>
