2373 2980
172 627 241 684 Ab
266 656 323 684 illis
347 656 459 684 solutae
483 658 619 686 orationis
641 658 828 696 scriptoribus
853 661 964 697 graecis
991 666 1020 688 et
1044 661 1139 689 latinis
1164 671 1240 690 nunc
1264 662 1419 690 transimus
1441 661 1478 690 ad

168 748 342 788 PBH..
394 748 911 791 MELANTHONIS
966 750 1692 794 INTERPRETATIONES
1747 754 2063 796 LATINAS
2118 753 2206 797 AC

457 821 1017 864 ENARRATIONES
1054 824 1437 867 POETARUM
1474 824 1918 870 GRAECORUM.

294 966 403 995 Poetae
432 968 550 1005 graeci,
581 977 704 1004 quorum
726 969 861 1000 {carmina
883 975 933 996 aut
959 969 1073 1007 integra
1102 975 1151 997 aut
1172 970 1302 1007 singulos
1332 978 1432 998 eorum
1464 971 1542 999 locos
1571 971 1739 1000 Melanthon
1770 973 1818 1000 vel
1841 973 2052 1010 interpretatus
2083 978 2129 1002 est
2156 973 2206 1002 vel

169 1009 332 1045 enarravit,
354 1009 426 1036 varii
448 1010 564 1046 generis
587 1015 655 1037 sunt
669 1008 720 1049 *):

251 1070 284 1096 A.
322 1068 413 1106 epici:
451 1067 479 1097 1.
503 1069 702 1106 Homerus,
737 1068 991 1099 2Hesiodus.

254 1126 289 1155 B.
326 1127 491 1155 dramatici:

300 1195 327 1213 a.
361 1187 575 1224 tragoediarum
599 1188 772 1225 scriptores:
803 1186 832 1216 1.
855 1188 1085 1225 Sophocles,
1113 1185 1144 1216 2.
1169 1183 1396 1223 Euripides3

297 1244 325 1273 b.
358 1245 572 1274 comoediarum
594 1247 767 1284 scriptores:
802 1246 831 1277 1.
855 1247 1155 1286 Aristophanes,
1193 1246 1224 1276 2.
1246 1244 1475 1280 Menander-3

295 1312 321 1332 c.
353 1304 515 1332 bucolicus:
543 1303 790 1341 Theocritus,

251 1362 284 1392 C.
310 1364 432 1400 elegici:
472 1361 501 1391 1.
525 1364 738 1400 Tyrtaeus‚
773 1361 803 1392 2.
827 1362 961 1402 Solon,
989 1361 1021 1392 3.
1047 1363 1304 1400 Phocylides,
1342 1361 1373 1391 4.
1395 1361 1605 1399 Theognis,
1641 1358 1673 1390 5.
1696 1359 1973 1396 Callimachus,
2008 1360 2110 1397 quibus
2132 1360 2208 1388 Eu-

319 1406 434 1434 clidis
464 1414 580 1434 carmen
609 1412 639 1434 et
671 1405 795 1433 duorum
816 1405 995 1434 Platonis
1024 1406 1152 1434 locorum
1175 1406 1324 1444 poeticam
1347 1404 1536 1442 paraphrasin
1559 1402 1756 1431 Melanthonis
1779 1407 1916 1440 tanquam
1937 1401 2131 1440 appendicem
2153 1401 2208 1430 ad-

317 1456 483 1486 iungemus,

255 1508 295 1537 D.
316 1508 431 1536 melici:
461 1506 491 1537 1.
513 1506 728 1535 Simonides
752 1507 844 1544 Ceus,
872 1505 903 1537 2.
926 1507 1133 1546 Pindarus,
1161 1506 1194 1538 3.
1218 1505 1487 1543 Bacchylides.

255 1567 290 1596 E.
314 1566 464 1595 didactici:
498 1564 526 1595 1.
549 1566 823 1605 Empedocles»,
852 1565 883 1595 2.
905 1567 1063 1604 Aratus,
1093 1566 1126 1597 3.
1149 1566 1362 1606 Oppianus.

254 1627 289 1656 F.
310 1627 390 1655 varia
412 1626 554 1662 carmina,
583 1636 705 1664 quorum
729 1632 862 1655 auctores
885 1627 975 1665 ignoti
998 1632 1076 1657 sunt.

208 1784 239 1816 *)
275 1785 305 1808 ln
336 1786 385 1808 hac
410 1787 552 1815 poetarum
583 1784 730 1814 partitione
760 1783 899 1814 sequimur
929 1784 1102 1814 Bernhardyi
1128 1783 1247 1807 librum:
1277 1780 1428 1806 Grundriss
1462 1779 1510 1803 der
1536 1776 1728 1803 Griechischen
1753 1776 1906 1801 Litteratur
1939 1775 2009 1799 Pars
2028 1775 2061 1801 11.
2108 1774 2206 1804 (ualle

243 1827 316 1851 1845.
353 1826 403 1858 8.),
