2373 2980
144 79 222 118 757
452 78 578 117 LXIV.

171 168 362 218 [Thea-5,
392 169 577 210 chorus,
605 171 863 215 Ῑρὴὶρεηία,
895 174 1112 214 Nuntius,

524 221 769 271 Minerva]

197 290 279 323 Tho.
302 286 375 321 Ubi
390 294 443 322 est
454 295 577 324 custos
593 287 724 325 harum
740 291 883 326 aedium
895 318 904 332 ,
927 291 1057 325 mulier

192 340 329 373 Graeca
341 365 352 380 ,
379 352 472 386 quae
490 341 647 375 initiavit
664 340 822 388 hospites
836 343 853 378 '5'

144 387 241 425 1155
266 391 362 425 Num
378 392 416 425 in
436 393 541 428 castis
557 394 673 439 adytis
695 407 849 440 corpora
868 395 997 428 ardent
1015 394 1114 439 igni?

193 444 292 478 Cher.
316 442 414 477 Haec
430 450 500 485 est,
526 456 618 491 quae
636 445 703 478 tibi
723 454 850 481 cuncta
866 447 960 480 clare
977 446 1081 482 dicet.

194 495 276 528 Tho.
299 494 375 539 Age
387 522 396 535 ‚
423 507 486 529 cur
503 497 673 530 transfers
692 510 735 531 ex
750 511 813 533 sua
831 499 913 533 sede

191 545 356 579 Statuam
373 545 472 580 Deae
490 545 658 582 brachiis.

191 599 265 641 Ipsa.
288 597 384 638 Rex,
410 598 460 631 ibi
478 600 576 634 adsta
590 627 599 640 ,
622 600 685 634 uhi
704 613 751 635 es.

144 648 241 682 1160
273 650 354 684 Tho.
379 649 477 695 Quid
493 651 578 685 novi
596 651 674 685 est?

189 702 262 744 Iplz.
291 701 514 742 Abominor;
539 715 604 748 ego
630 701 748 737 adhuc
773 703 961 748 impolluta
978 701 1047 738 hoc
1072 704 1138 737 tibi

551 756 767 800 respondeo.

191 804 272 837 Tho.
303 804 401 849 Quid
417 805 505 839 dicis
521 806 633 840 novi?
658 807 714 840 dic
732 807 838 841 clare.

185 855 260 898 Ιρῆ.
289 855 374 889 Non
397 858 550 892 mundas
566 856 630 892 has
646 855 783 892 hostias
801 858 923 892 venati
941 859 1034 893 estis.

190 907 271 940 Tho.
306 906 388 952 Qua
422 921 462 942 re
492 909 530 942 id
550 909 782 944 intellexisti?
822 923 869 944 an
893 910 980 945 dicis
992 937 1001 951 ‚
1038 912 1137 957 quod

548 961 723 1006 opinere?

138 1007 235 1043 1165
263 1010 388 1044 Statua
404 1011 503 1046 Deae
519 1014 650 1047 avertit
662 1026 699 1048 se
715 1026 733 1046 a
754 1026 818 1047 sua
833 1014 927 1048 sede.

187 1062 270 1095 Tho.
292 1062 350 1095 An
367 1063 462 1097 ultro
474 1091 484 1105 ‚
510 1077 557 1098 an
573 1065 681 1099 vertit
699 1078 777 1099 eam
796 1071 914 1098 terrae
929 1064 1074 1099 motus?

184 1114 259 1156 Iph.
286 1113 392 1148 Ultro
405 1142 414 1156 ,
438 1122 473 1149 et
489 1117 617 1151 clausit
635 1118 769 1151 oculos.

189 1166 270 1198 Tho.
297 1165 400 1209 Quae
418 1173 470 1200 est
486 1168 615 1202 causa?
642 1181 687 1201 an
704 1168 856 1213 pollutio
872 1165 1056 1212 hospitum
1067 1166 1083 1199 ?

186 1217 260 1258 Iph.
303 1216 400 1250 Haec
436 1225 508 1260 est,
552 1225 587 1252 et
610 1221 710 1253 nulla
739 1221 828 1259 alia3
872 1219 1007 1252 atrocia
1038 1219 1134 1252 enirn

548 1272 723 1306 fecerunt.

138 1317 234 1351 1170
262 1320 344 1353 Tho.
368 1319 464 1355 Num
481 1322 593 1368 aliqui
611 1324 807 1356 barbarum
825 1322 1081 1356 interfecerunt
1096 1322 1134 1355 in

551 1373 698 1407 littore?

182 1422 256 1464 Iph.
298 1420 486 1458 Venerunt
516 1422 587 1458 huc
627 1425 862 1459 domesticam
893 1426 1038 1459 caedem
1070 1424 1134 1460 ha-

550 1478 687 1513 bentes.

186 1525 268 1558 Tho.
294 1525 474 1570 Qualem?
498 1529 587 1563 scire
604 1530 700 1563 enim
720 1529 838 1574 cupio.

182 1576 257 1618 ka.
282 1575 544 1614 Interfecerunt
560 1588 714 1615 matrem
735 1582 852 1615 iuncta
873 1592 952 1625 ope.

187 1628 269 1660 Tho.
298 1628 408 1664 Proh.
461 1631 578 1666 Nemo
595 1631 664 1666 boc
682 1634 774 1667 inter
789 1633 964 1666 barbaros
983 1633 1132 1666 auderet

550 1685 680 1718 facere.

136 1726 235 1762 1175
272 1732 346 1773 Iph.
381 1731 483 1767 Pulsi
506 1742 589 1768 sunt
612 1748 654 1769 ex
681 1735 833 1769 Graecia
859 1735 1026 1770 omnibus
1051 1747 1132 1780 per-

548 1788 779 1833 sequentibus
796 1800 855 1820 eos
863 1785 923 1833 72).

167 1916 214 1947 72)
236 1918 304 1943 Tho.
324 1919 373 1942 Ubi
392 1932 425 1936 —
445 1926 502 1945 eos,
523 1922 580 1949 (vs.
599 1920 820 1953 1153—1175.)]
842 1921 881 1945 sic
900 1921 948 1945 Ed.
970 1921 1061 1952 1562.;
1081 1923 1130 1946 Ed.

203 1953 293 1976 1558.:

238 1987 307 2011 Tho.
326 1987 377 2011 Ubi
397 1990 440 2011 est
459 1991 555 2013 custos
575 1991 670 2014 harum
689 1992 813 2018 aedium,
835 1991 932 2015 mulier

236 2020 430 2045 Graecanica?
450 2029 484 2046 au
505 2024 557 2047 iam
576 2026 699 2054 hospites
719 2023 859 2049 initiavit?

234 2056 335 2085 Adytis
355 2057 381 2079 iu
402 2058 509 2081 sanctis
530 2065 646 2088 corpora
666 2060 812 2089 splendent
831 2057 910 2089 igni?

237 2090 323 2116 Ultor.
344 2092 484 2116 Haeccine
497 2095 550 2122 est,
571 2100 640 2123 quae
654 2094 702 2117 tihi
723 2095 823 2125 omnia,
841 2102 855 2118 o
871 2102 930 2125 rex,
950 2096 1022 2119 dicet
1043 2096 1129 2122 clare.

235 2125 303 2150 Tho.
323 2126 407 2156 Hem,
426 2133 475 2150 cur
494 2128 544 2151 hoc
565 2129 623 2151 fers
644 2136 678 2152 ex
700 2130 819 2152 immotis
841 2130 963 2160 sedibus,

234 2160 256 2184 0
276 2162 493 2190 Agamemnonis
512 2162 584 2192 filia,
607 2164 679 2187 Deae
699 2164 894 2187 simulachrum
915 2165 940 2187 iu
962 2162 1105 2188 manibus?

233 2194 296 2224 Iph.
323 2195 344 2219 Ο
364 2202 431 2224 rex,
452 2197 562 2220 contine
582 2198 643 2221 istic
663 2199 755 2227 pedem
775 2201 851 2222 tuum
871 2199 898 2222 in
919 2200 976 2229 ipso
996 2200 1092 2230 gradu.

236 2229 303 2253 Tho.
325 2231 393 2259 Quid
415 2233 474 2259 est,
495 2238 510 2255 o
532 2232 688 2263 Iphigenia,
709 2234 771 2256 novi
793 2234 818 2256 in
839 2231 952 2258 animo?

234 2264 297 2293 ΙμΙι.
316 2266 484 2295 Al›ominor;
503 2268 601 2290 sancta
621 2268 689 2291 enim
710 2270 860 2298 proloquor
880 2271 994 2292 verbum
1014 2270 1073 2294 hoc,

235 2299 303 2322 Tho.
339 2300 409 2328 Quid
441 2307 489 2329 per
514 2302 655 2330 prooemia
684 2303 807 2333 loqueris
836 2301 959 2327 novum?
996 2305 1126 2334 eloquere

544 2336 629 2360 clare.

233 2365 295 2397 Iph.
316 2368 375 2390 Non
395 2374 478 2397 puras
500 2370 564 2393 mihi
584 2371 709 2394 victimas
729 2372 822 2395 venati
842 2373 927 2403 estis,
947 2380 962 2397 o
981 2380 1038 2397 rex.

234 2401 303 2426 Tho.
325 2402 395 2431 Quid
408 2403 458 2427 hoc
470 2406 529 2434 est,
550 2406 619 2434 quod
635 2407 661 2429 te
679 2407 746 2430 illud
760 2406 872 2432 docuit?
891 2413 926 2431 au
946 2415 980 2431 ex
999 2408 1125 2437 opinione

547 2437 637 2464 dicis?

233 2470 294 2502 ΙρΙι.
321 2471 520 2496 simulachrum
539 2474 590 2497 hoc
609 2475 681 2497 Deae
705 2476 781 2499 retro
807 2476 888 2499 sedes
906 2483 973 2501 suas
992 2480 1125 2502 aversata

552 2510 604 2532 est.

235 2540 304 2565 Tho.
325 2541 422 2572 Ultro,
441 2543 489 2566 aut
507 2542 595 2572 ipsum
614 2544 708 2567 terrae
727 2545 817 2567 motus
836 2543 962 2570 avertit?

232 2575 295 2605 Iph.
319 2576 415 2607 Ultro;
436 2577 516 2600 ictum
537 2584 603 2601 vero
623 2580 763 2602 oculorum
783 2581 932 2609 coaptavit.

232 2610 300 2634 leo.
322 2611 462 2639 Quaenam
480 2609 589 2636 causa?
609 2618 644 2636 au
665 2619 698 2636 ne
718 2614 812 2637 horum
832 2615 968 2645 hospitum
988 2613 1099 2639 odium?

231 2644 295 2675 lym.
316 2645 392 2668 Haec
410 2646 485 2675 ipsa,
503 2647 568 2670 nihil
587 2647 680 2675 auud;
699 2648 760 2671 dira
775 2649 845 2672 enim
865 2652 1018 2679 patrarunt.

233 2679 300 2703 ΤΙιο.
321 2680 389 2703 Num
409 2681 528 2711 aliquem
546 2682 706 2705 occiderunt
726 2689 758 2705 ex
779 2685 904 2707 hai-haris
925 2685 951 2708 iu
971 2683 1088 2710 littore?

231 2713 294 2745 ΙρΙι.
314 2713 489 2739 Peculiarem
508 2718 645 2740 venerunt
663 2717 776 2741 caedem
793 2719 934 2742 hahentes.

631 81 1031 119 INTERPRETATIO
1055 83 1298 122 EURIPIDIS
1321 85 1599 124 IPHIGENIAE
1623 87 1675 126 IN
1701 88 1891 129 TAURIS.
2119 94 2196 133 ⁷58

1251 176 1331 209 Tho.
1358 174 1415 208 An
1434 183 1625 221 propterea
1644 184 1767 222 portas
1783 185 1937 214 statuam
1958 182 2079 217 foras?

1250 228 1323 269 ΙρΙι.
1359 226 1431 260 Sub
1449 235 1611 262 sanctum
1630 228 1812 264 aetherem
1824 258 1833 272 ‚
1848 239 1888 266 ut
1905 246 2092 268 amoveam
2111 248 2194 269 con-

1607 281 1788 325 tagionem
1809 285 1938 320 caedis.

1252 330 1332 362 Tho.
1375 329 1569 374 Quomodo
1603 332 1871 377 deprehendisti
1899 338 1988 371 illud
2010 338 2193 382 piaculum

1611 381 1822 429 hospitum?

1243 432 1319 474 ka.
1350 429 1602 476 Deprehendi,
1630 443 1821 482 postquam
1845 438 1945 472 Deae
1967 445 2084 474 statua
2109 453 2194 474 con-

1607 497 1708 520 versa
1726 494 1789 523 est.

1198 533 1296 567 1180
1330 535 1410 568 Tho.
1433 534 1583 580 Sapiens
1602 543 1684 570 nata
1703 551 1756 579 es,
1781 542 1878 586 quod
1904 548 2025 576 tamen
2040 544 2192 578 scienter

1614 588 1793 634 intelligis.

1244 638 1317 680 Iph.
1342 636 1389 670 Et
1411 650 1507 672 nunc
1535 640 1698 674 animum
1714 654 1834 675 meum
1851 644 2092 680 deliniverunt
2117 648 2191 681 ille-

1614 693 1716 725 cebra
1734 694 1848 728 suavi.

1249 741 1330 773 le.
1354 740 1569 777 Nuntiantes
1585 743 1722 789 aliquid
1737 758 1847 779 suave
1864 758 1904 779 ex
1919 747 2050 792 Argis?

1245 793 1317 835 [ph.
1359 792 1543 835 Orestem,
1581 808 1701 829 meum
1728 797 1876 831 fratrem
1902 799 2070 840 unicum,
2100 800 2190 835 bene

1607 848 1737 883 valere.

1248 896 1329 928 leo.
1356 895 1532 930 Videlicet
1547 905 1586 931 ut
1604 912 1664 933 eos
1680 912 1840 934 servares
1859 907 2008 946 propter
2026 903 2190 948 volupta-

1609 957 1679 983 tem
1699 953 1791 995 grati
1811 952 1941 987 nuntii.

1194 995 1291 1030 1185
1315 1000 1387 1041 lpk.
1403 998 1450 1033 Et
1468 1007 1606 1044 patrem
1624 1016 1745 1037 meum
1763 1003 1883 1038 vivere
1899 1011 1933 1038 et
1949 1005 2040 1039 bene
2057 1006 2189 1040 valere.

1245 1050 1326 1083 Tho.
1373 1050 1431 1085 Tu
1462 1064 1548 1085 vero
1580 1060 1674 1087 recte
1707 1056 1893 1100 respexisti
1916 1057 1961 1090 ad
1992 1058 2189 1095 curandam

1602 1105 1730 1141 Deam.

1240 1153 1315 1196 Iph.
1362 1153 1412 1187 Ut
1449 1167 1541 1201 quae
1576 1158 1714 1191 oderim
1751 1160 1958 1196 universam
1987 1164 2188 1207 Graeciam,

1610 1222 1701 1256 quae
1718 1223 1775 1245 me
1792 1214 1961 1258 perdidit.

1245 1258 1325 1290 Tho.
1353 1257 1449 1303 Quid
1467 1260 1639 1296 faciemus
1656 1275 1735 1296 cum
1754 1262 1979 1310 hospitibus?

1239 1310 1314 1351 Iph.
1341 1309 1496 1354 Oportet
1515 1325 1581 1348 nos
1598 1315 1715 1348 colere
1732 1316 1844 1361 legem
1864 1318 2101 1364 propositam.

1193 1359 1290 1393 1190
1325 1363 1406 1396 Tho.
1437 1363 1558 1408 Quare
1584 1379 1668 1411 ergo
1687 1380 1761 1402 non
1775 1376 1858 1403 sunt
1882 1371 1919 1404 in
1936 1379 2108 1417 promptu
2136 1373 2187 1406 la-

1610 1432 1715 1453 vacra
1741 1428 1774 1454 et
1789 1422 1880 1457 ensis
1898 1423 2004 1457 tuus?

1238 1465 1311 1507 Iph.
1347 1465 1452 1501 Prius
1479 1468 1561 1502 volo
1595 1484 1655 1505 eos
1681 1472 1803 1507 lavare
1827 1475 2077 1519 purificatione
2105 1476 2187 1510 reli-

1606 1523 1717 1567 giosa.

1242 1568 1323 1601 Tho.
1347 1568 1404 1602 An
1420 1571 1523 1617 aquis
1540 1574 1698 1610 fontanis
1715 1578 1770 1611 vel
1788 1578 1964 1614 marinis?

1237 1620 1311 1661 Iph.
1337 1620 1438 1656 Mare
1455 1624 1560 1659 diluit
1579 1628 1742 1662 omnium
1764 1628 1953 1666 hominum
1974 1632 2080 1667 mala.

1242 1673 1323 1705 Tho.
1349 1673 1512 1709 Sanctius
1529 1677 1649 1724 itaque
1665 1687 1788 1724 postea
1806 1683 1957 1717 interfici
1975 1684 2149 1730 possunt?

1191 1721 1288 1755 1195
1312 1725 1386 1768 [pk.
1416 1725 1463 1760 Et
1481 1726 1570 1762 mihi
1588 1728 1655 1764 hoc
1671 1733 1801 1768 rectius
1822 1741 1884 1769 est.

1241 1775 1322 1808 ΤΙιο.
1363 1777 1493 1812 Nonne
1528 1782 1574 1813 ad
1608 1783 1723 1825 ipsum
1754 1787 1926 1831 templum
1957 1788 2084 1822 fluctus
2108 1788 2184 1821 alli-

1598 1833 1720 1868 ditur?

1236 1879 1310 1920 ΙρΙε.
1337 1877 1508 1925 Εείἷορυε
1525 1884 1736 1926 solitudine;
1760 1900 1844 1921 nam
1862 1895 1897 1922 et
1915 1890 1983 1923 alia
2000 1891 2182 1927 faciemus.

1240 1931 1321 1963 Tho.
1350 1930 1501 1975 Ducito,
1533 1948 1604 1980 quo
1632 1950 1721 1982 opus
1745 1946 1814 1977 est;
1845 1952 1921 1974 non
1945 1943 2027 1976 volo
2050 1955 2180 1977 arcana

1602 1988 1735 2024 videre.

1233 2034 1307 2076 lph.
1331 2034 1559 2071 Purificanda
1577 2046 1628 2073 est
1644 2048 1677 2074 et
1693 2041 1790 2075 Deae
1806 2049 1935 2078 statua.

1188 2084 1284 2119 1200
1321 2087 1401 2120 Tho.
1427 2088 1465 2121 Si
1489 2090 1634 2135 quidem
1660 2095 1798 2127 macula
1823 2096 2033 2129 matricidae
2051 2097 2180 2141 polluit

1606 2156 1696 2178 eam.

1233 2188 1306 2229 lph.
1333 2188 1528 2236 Nunquam
1547 2200 1630 2228 ante
1645 2196 1852 2230 sustulimus
1869 2210 1911 2230 ex
1926 2210 1986 2232 sua
2005 2200 2099 2234 sede.

1234 2240 1314 2272 Tho.
1335 2239 1429 2275 Iusta
1448 2255 1503 2277 res
1522 2251 1572 2278 est
1589 2246 1703 2291 pietas
1722 2254 1755 2280 et
1771 2247 1954 2292 diligentia
1964 2249 2022 2297 ⁷³).

1285 2395 1355 2420 ΤΙιο.
1375 2393 1482 2428 Quamg?
1505 2397 1538 2420 ad
1558 2403 1681 2421 amorem
1700 2398 1771 2422 enim
1792 2401 1978 2430 cognoscendi
1996 2401 2145 2428 incidimus.

1284 2430 1346 2460 ΙμΙι.
1366 2431 1482 2454 Matrem
1502 2431 1704 2456 interfecerunt
1723 2434 1858 2457 communi
1877 2436 1969 2460 caede.

1286 2465 1350 2489 leo.
1384 2465 1405 2489 O
1431 2466 1547 2496 Apollo,
1580 2472 1668 2496 neque
1697 2469 1767 2498 apud
1795 2470 1929 2494 barbaros
1955 2471 2005 2494 hoc
2033 2471 2177 2503 quisquam

1594 2506 1679 2525 ausus
1699 2503 1805 2527 fuisset.

1283 2533 1345 2564 lph.
1366 2534 1462 2557 Totius
1482 2536 1738 2565 persequutionibus
1758 2538 1850 2561 abacti
1869 2540 1935 2563 sunt
1953 2540 2096 2566 Graeciae.

1212 2581 1268 2623 7¹3)¹
1282 2584 1348 2624 Tho.
1369 2585 1410 2607 Au
1427 2597 1459 2601 —-
1475 2585 1627 2616 diligentia.
1647 2584 1701 2618 (vs,
1718 2587 1938 2622 1176-1202.)]
1958 2591 1999 2614 sic
2020 2592 2070 2617 Ed.
2085 2594 2175 2624 1562.;

1248 2618 1414 2677 ΜΤΙΞΞῨἏΙ
1435 2655 1547 2684 propter
1566 2655 1634 2678 haec
1653 2655 1746 2686 itaque
1765 2657 1959 2682 simuiachrum
1978 2658 2084 2685 effers?

1282 2687 1344 2717 ΙμΙι.
1365 2688 1466 2712 Pur-um
1486 2691 1537 2713 sub
1556 2695 1666 2718 aerem,
1687 2693 1715 2714 ut
1734 2693 1840 2721 expiem
1859 2699 1876 2716 a
1894 2694 1988 2719 caede.

1283 2722 1350 2747 Tho.
1372 2723 1512 2747 Piaculum
1532 2730 1598 2748 vero
1619 2726 1776 2755 cognovisti
1796 2727 1933 2756 hospitum
1949 2728 2105 2759 quomodo?

1570 2755 1654 2793 48*
