2373 2980
111 85 188 120 577
601 81 695 117 LVI.

163 170 331 204 Strictum
350 166 481 201 habere
503 169 547 201 ad
566 168 682 212 ipsum
700 181 828 214 corpus
846 169 1011 213 virginis:

116 219 215 258 1195
242 220 277 254 Si
295 226 327 252 te
347 221 517 259 servarit,
546 226 688 264 petens,
716 233 759 253 ne
779 221 1013 254 interficiatur
1027 221 1111 261 filia,

164 272 348 316 Menelaus
361 297 370 310 ,
398 271 522 304 videns
538 283 666 315 corpus
684 271 834 306 Helenes
853 272 890 304 in
906 273 1099 317 sanguine,

164 324 247 358 Sine
265 328 403 366 patrem
426 323 606 366 possidere
623 323 761 367 puellae
780 336 927 367 corpus;

163 374 198 407 Si
216 380 335 407 autem
355 373 534 418 impotens
550 371 770 408 vehementis
794 374 907 408 animi

162 425 269 458 Volet
287 432 320 457 te
338 426 548 464 interficere,
574 432 607 457 et
625 431 662 458 tu
681 426 785 459 ferito
803 427 933 459 collum
951 424 1111 468 virginis.

114 476 213 512 1200
239 475 286 509 Et
302 476 416 521 ipsum
437 475 619 515 existimo,
650 477 790 511 etiamsi
815 478 974 522 primum
997 476 1113 509 aderit

525 524 738 568 vehemens,

163 577 302 611 Deinde
322 578 544 610 molliturum
566 578 746 617 animum;
772 591 845 611 non
864 578 960 611 enim
979 579 1090 611 durus

162 628 287 674 Neque
304 629 406 662 sortis
425 635 487 663 est.
540 629 617 662 Hoc
636 627 751 663 habeo
771 630 874 663 nobis

161 680 479 724 Propugnaculum
500 681 643 719 salutis;
672 681 763 713 dicta
790 688 841 714 est
867 680 996 714 oratio.

166 733 226 766 Or.
254 731 287 764 O
304 729 438 764 habens
453 731 593 764 virilem
613 731 773 764 animum
785 758 795 772 ‚

113 780 214 818 1205
241 782 287 815 Et
306 795 434 826 corpus
453 783 547 814 inter
564 782 730 816 mulieres
751 784 941 822 decorum,

162 834 281 878 Quam
299 833 403 877 digna
422 845 457 866 es
476 833 587 876 magis
606 833 725 867 vivere
745 846 852 879 quam
871 832 976 867 mori.

161 885 334 929 Pylades,
361 884 590 917 frustraberis
606 885 713 917 miser
731 886 793 917 tali

161 935 334 976 Muliere‚
375 948 455 969 cum
495 948 564 981 qua
599 935 722 970 vivens
746 934 895 969 haberes
920 935 1003 968 felix
1030 945 1114 966 con-

525 999 675 1030 iugnnn.

163 1039 240 1082 Pyt.
275 1037 424 1070 Utinam
451 1038 530 1078 fiat,
573 1044 607 1070 et
639 1039 759 1072 veniat
792 1040 837 1071 ad
868 1039 995 1072 urbem
1018 1034 1114 1070 Pho-

525 1100 665 1121 censem

112 1139 211 1177 1210
238 1139 350 1174 Nacta
376 1139 492 1173 felices
514 1139 670 1183 nuptias.

164 1193 224 1226 Or.
253 1191 410 1235 Quando
428 1190 547 1222 veniet
566 1192 712 1223 domum
733 1189 957 1223 Hermione?

161 1242 255 1286 Quia
275 1241 411 1286 reliqua
431 1241 568 1280 dixisti,
596 1241 631 1274 ‘si
653 1240 719 1273 lioc
734 1241 958 1280 successerit,

161 1292 330 1337 Optima,
358 1291 578 1336 capientibus
594 1292 749 1325 catulum
769 1292 869 1336 impii
887 1292 1010 1337 patris.

163 1346 254 1378 Elec.
279 1344 372 1376 Puto
389 1355 466 1376 eam
485 1355 558 1376 esse
576 1356 689 1387 prope
712 1344 873 1377 domum.

113 1393 213 1430 1215
240 1394 383 1427 Etenim
404 1394 577 1438 temporis
594 1395 781 1438 longitudo
801 1407 843 1427 eo
862 1394 1027 1439 quadrat.

163 1448 220 1481 Or.
247 1445 379 1485 Recte,
411 1451 448 1478 tu
466 1445 610 1490 quidem
631 1457 735 1479 soror
750 1445 892 1478 Electra

159 1498 254 1531 Ante
271 1497 419 1530 domum
436 1509 585 1530 manens
597 1523 606 1536 ,
634 1497 782 1530 observa
803 1498 928 1541 pedem
947 1494 1115 1538 virginis,

161 1548 208 1582 Et
227 1549 397 1588 observa,
422 1548 451 1581 si
470 1547 568 1593 quis,
597 1548 805 1593 priusquam
824 1550 885 1581 fiat
905 1548 1049 1586 caedes,

161 1601 235 1633 Aut
253 1599 388 1638 socius,
417 1606 478 1632 aut
492 1600 603 1631 frater
620 1600 750 1643 patris,

113 1652 212 1686 1220
238 1652 450 1684 Antevertat
472 1649 618 1683 veniens
641 1650 676 1682 in
703 1651 870 1689 domum,
909 1648 1051 1682 clamita
1077 1649 1115 1681 in

530 1702 700 1740 domum,

165 1753 239 1787 Aut
271 1752 394 1786 valvas
428 1752 594 1796 pulsans,
639 1759 701 1786 aut
733 1751 878 1784 mittens
911 1763 1114 1785 sermonem

525 1803 634 1837 inu-o.

164 1855 238 1889 Nos
258 1854 432 1887 intrantes
445 1880 454 1893 ‚
481 1855 524 1886 ad
544 1861 766 1898 postremum

165 1906 357 1938 Certamen
376 1905 596 1939 armabimus
617 1918 763 1938 manum
785 1916 887 1943 ense,

163 1957 334 2000 Pylades3
364 1962 401 1988 tu
419 1955 512 1988 enim
534 1957 634 1990 iuvas
652 1968 709 1988 me
728 1957 764 1987 in
785 1954 979 1987 laboribus.

115 2006 215 2043 1225
243 2007 275 2040 O
292 2012 393 2051 pater
408 2004 575 2040 habitans
593 2008 740 2040 domum
762 2012 861 2039 atrae
880 2005 1015 2044 noctis,

162 2058 310 2092 Invocat
326 2059 368 2091 de
387 2058 530 2092 Orestes
552 2058 644 2092 filius
672 2065 772 2098 tuus,
808 2064 848 2091 ut
868 2056 992 2090 venias
1017 2055 1114 2089 auxi-

527 2109 636 2142 Iiator

163 2161 410 2195 Precantibus.
442 2160 534 2194 Nam
554 2167 702 2205 propter
721 2166 754 2192 te
772 2160 837 2193 ista
857 2159 976 2204 patior
996 2159 1112 2192 miser.

163 2212 296 2246 Iniuste
318 2211 482 2256 proditus
499 2225 577 2246 sum
602 2224 620 2244 a
640 2218 701 2244 tuo
720 2212 849 2251 fratre,

162 2264 251 2297 Cum
270 2270 364 2297 recte
379 2263 521 2296 fecerim
535 2290 545 2303 ,
573 2263 672 2296 cuius
688 2263 770 2295 volo
786 2274 933 2295 uxorem
953 2268 1092 2305 captam

117 2316 214 2350 1230
240 2314 461 2353 Interficere3
494 2321 532 2347 tu
551 2321 625 2348 esto
646 2314 789 2347 adiutor
805 2313 909 2346 nobis
927 2314 963 2345 in
980 2311 1046 2345 hac
1063 2325 1112 2346 re,

167 2367 255 2400 Elec.
282 2366 314 2400 O
330 2372 431 2410 pater
447 2366 550 2405 veni,
577 2367 605 2399 si
624 2365 768 2411 quidem
785 2365 885 2398 audis
902 2365 966 2398 sub
983 2371 1079 2397 terra

167 2416 341 2450 Vocantes
358 2417 489 2450 liberos
501 2443 510 2455 ,
539 2417 601 2461 qui
619 2423 677 2450 tua
695 2429 798 2450 causa
817 2416 1034 2450 moriuntur.

167 2469 243 2511 Pyl.
271 2468 303 2501 O
320 2474 468 2512 cognate
485 2467 556 2500 mei
573 2467 704 2512 patris,
730 2468 836 2501 etiam
855 2480 952 2502 meas
968 2480 1090 2512 preces

165 2518 412 2559 Agamemnon
427 2518 574 2559 exaudi,
601 2531 700 2553 serva
720 2520 864 2553 liberos.
1074 2522 1077 2525 ’

118 2567 216 2605 1235
246 2572 302 2604 Or.
330 2570 493 2604 lnterseci
518 2576 684 2605 matrem.
745 2572 822 2615 Pyt.
849 2569 898 2603 Et
923 2582 988 2614 ego
1011 2569 1112 2612 attigi

524 2621 695 2665 gladium.

167 2673 256 2706 Elec.
282 2671 359 2717 Ego
375 2672 527 2706 instruxi
544 2672 691 2707 insidias
703 2670 736 2713 ,”’
747 2679 782 2706 et
796 2671 984 2718 liberavissa
1002 2677 1112 2704 metu.

746 81 1149 120 INTERPRETATIO
1184 86 1384 122 ORESTIS
1417 87 1670 124 EURIPIDIS.

2089 99 2164 135 378

1220 176 1279 208 Or.
1315 174 1368 207 Te
1393 182 1496 219 pater
1518 175 1703 209 ulciscens.
1771 177 1860 212 Elec.
1895 178 2019 227 Neque
2045 196 2110 229 ego
2132 193 2166 220 te

1608 227 1737 261 rodidi.

1217 276 1295 318 Pyl.
1324 274 1420 320 Ergo
1441 240 1646 325 audiensPQ)
1667 279 1774 312 libera
1791 286 1908 316 natos.

1219 327 1278 359 Or.
1306 325 1395 359 Libo
1416 328 1478 360 tibi
1498 327 1702 373 lachrymis.

1168 375 1268 411 1240
1296 378 1383 410 Elec.
1412 377 1457 410 Et
1478 392 1542 422 ego
1560 381 1878 416 lamentationibus
1889 382 1948 430 ⁸³).

1218 428 1295 471 Pyl.
1324 429 1503 469 Desinite,
1532 437 1565 462 et
1582 443 1772 474 pergamus
1793 435 1838 465 ad
1856 447 1957 478 opus.

1217 479 1252 512 Si
1270 480 1412 524 quidem
1431 481 1496 513 sub
1513 487 1643 513 terrain
1664 494 1784 525 preces
1802 489 2064 534 penetrantffi),

1216 531 1339 565 Audit.
1394 531 1472 572 Tu,
1501 545 1521 565 o
1538 531 1692 576 Iupiter,
1719 546 1872 578 proave,
1900 545 1934 571 et
1958 552 2093 575 numen
2115 543 2168 577 iu-

1582 584 1719 624 stitiae,

1217 633 1309 666 Date
1326 646 1522 667 successum
1541 634 1576 666 in
1595 633 1659 667 hac
1676 647 1713 668 re
1732 635 1808 676 isti,
1837 636 1981 685 miliiffi)
2000 649 2033 675 et
2049 641 2144 678 huic.

1169 683 1268 720 1245
1296 685 1428 719 Tribus
1452 685 1546 718 enim
1558 685 1605 732 ⁸⁰)
1630 687 1753 720 amicis
1778 693 1828 721 est
1850 702 1962 723 unum
1990 700 2169 729 certamen

1587 744 1620 770 et
1644 750 1714 770 una
1734 738 1911 781 vindicta,

1218 787 1359 821 Debent
1375 793 1436 820 aut
1453 800 1578 821 omnes
1597 789 1717 822 vivere
1729 816 1738 829 ,
1767 797 1829 824 aut
1846 793 1951 827 mori.

1514 854 1732 903 [Stropke
1761 857 1822 906 1.]

1220 916 1309 949 Elec.
1337 915 1371 949 Ο
1388 913 1517 948 charae
1536 916 1743 961 Mycenides
1755 944 1764 957 ‚

1219 967 1322 1011 Quae
1340 967 1421 1001 estis
1439 967 1631 1011 primariae
1645 968 1681 1000 in
1692 969 1840 1013 Pelasgo
1854 970 1930 1003 solo
1939 972 2170 1016 Argivorum.

1219 1020 1317 1052 Ghor.
1346 1018 1462 1063 Quam
1482 1031 1604 1051 vocem
1623 1031 1741 1059 sonas,
1760 1032 1779 1052 0
1793 1023 2022 1056 veneranda?
2049 1033 2170 1060 manet

1170 1068 1269 1105 1250
1296 1069 1439 1102 Etenim
1457 1076 1490 1103 te
1508 1068 1574 1102 lioc
1592 1070 1629 1103 in
1645 1071 1733 1104 urbe
1752 1071 1956 1107 Danaidum
1968 1074 2028 1122 ⁸⁷).

1506 1135 1738 1184 [systema
1772 1137 1833 1186 1.]

1220 1198 1309 1231 Elec.
1334 1197 1431 1230 State
1449 1197 1540 1230 aliae
1561 1205 1717 1231 vestrum
1735 1198 1771 1230 in
1789 1198 1882 1231 viam
1903 1200 2082 1244 publicam
2095 1229 2105 1243 ,

1218 1249 1319 1281 Aliae
1337 1246 1405 1281 huc
1422 1249 1458 1281 in
1478 1249 1584 1281 aliani
1601 1249 1696 1281 viam
1715 1251 1758 1282 ad
1776 1252 1993 1293 praesidium
2013 1254 2152 1289 domus.

1517 1315 1732 1364 [strophe
1758 1316 1821 1365 2.]

1221 1378 1318 1412 Clwr.
1346 1370 1501 1421 Propter
1519 1390 1626 1422 quam
1646 1389 1788 1411 causam
1807 1377 1874 1412 lioc
1892 1392 1948 1413 me
1964 1379 2088 1415 iubes?

1220 1429 1285 1460 Dic
1305 1426 1409 1466 inihi,
1439 1441 1458 1460 o
1481 1426 1601 1461 chara.

1172 1478 1270 1515 1255
1300 1480 1390 1513 Elec.
1419 1479 1562 1518 Metuo,
1590 1491 1635 1511 ne
1653 1479 1731 1523 quis
1749 1481 1794 1513 ad
1814 1481 1962 1515 domurn

1220 1532 1324 1564 Stans
1343 1537 1489 1575 propter
1506 1531 1648 1563 caedem
1663 1556 1671 1570 ‚

1220 1581 1382 1615 Inveniat
1400 1582 1491 1615 mala
1512 1582 1548 1614 in
1565 1579 1620 1615 liis
1639 1581 1753 1616 malis.

1508 1647 1737 1696 [systema
1764 1647 1829 1696 2.]

1215 1710 1363 1744 Semich.
1390 1708 1544 1749 Eamus,
1571 1709 1797 1749 festinemus,
1822 1722 1885 1754 ego
1902 1710 2064 1744 semitam

1222 1761 1321 1793 Hanc
1340 1761 1558 1800 observabo,
1587 1761 1631 1792 ad
1652 1761 1735 1794 solis
1754 1768 1885 1794 ortum.

1171 1812 1269 1848 1260
1297 1814 1444 1847 Semich.
1463 1812 1508 1844 Et
1526 1824 1590 1855 ego
1609 1811 1725 1852 istam,
1743 1825 1834 1857 quae
1850 1813 1919 1846 sert
1932 1814 1976 1846 ad
1993 1825 2170 1849 occasum.

1516 1879 1726 1928 [strophe
1753 1878 1818 1928 3.]

1220 1933 1310 1965 Elec.
1339 1931 1494 1977 Oblique
1515 1945 1609 1965 nunc
1629 1933 1782 1977 pupillas
1799 1933 1984 1966 oculorum
2003 1932 2126 1974 differ,

1216 1982 1368 2022 Istliinc,
1397 1981 1484 2023 linc,
1512 1984 1640 2016 deinde
1659 1985 1702 2016 ad
1721 1984 1827 2016 aliam
1846 1985 2024 2029 speculam
2034 1983 2093 2032 ss⁴).

1169 2032 1267 2069 1265
1298 2036 1394 2069 Chor.
1422 2035 1607 2075 Facimus,
1635 2042 1675 2068 ut
1698 2035 1809 2069 iubes.

1201 2153 1249 2178 82)
1268 2153 1398 2181 audiens]
1418 2153 1458 2176 sie
1479 2153 1560 2178 Editt,
1583 2153 1676 2180 155s.,
1698 2153 1790 2179 1562.;
1828 2153 1926 2180 Barn.,
1951 2154 2078 2183 Musgia,
2102 2154 2162 2178 Fix,

1237 2188 1397 2244 ι(Ῐῐῃξυι-ἰμ.
1424 2185 1515 2217 ὀνείδη
1535 2186 1597 2210 τάδε
1618 2185 1721 2217 κλύων)
1749 2187 1978 2216 exprobrationes
2002 2188 2086 2212 hasce
2111 2194 2164 2212 au-

1201 2263 1249 2294 83)
1271 2266 1318 2288 vr.
1344 2264 1411 2286 Libo
1432 2276 1463 2280 —
1484 2261 1748 2293 tamentationitms]
1782 2262 1807 2285 hi
1833 2262 1850 2285 2
1868 2268 1925 2288 vss.
1952 2263 1978 2286 in
2004 2264 2056 2290 Ed,
2081 2265 2163 2289 Barn.

1235 2299 1372 2322 coniuncti
1390 2301 1455 2321 sunt
1474 2299 1499 2321 in
1519 2305 1609 2321 unuin.

1200 2340 1248 2371 84)
1271 2342 1430 2370 penetrant]
1451 2341 1491 2363 sic
1511 2341 1594 2364 Editt.
1612 2340 1705 2367 15⁶2,
1726 2340 1823 2367 Banu,
1850 2341 1971 2371 Musgr.‚
1998 2341 2077 2372 Fix.;
2114 2343 2164 2367 Ed.

1239 2377 1313 2399 1555.
1335 2376 1490 2398 iaculantur
1510 2375 1618 2403 (Eun-ip.
1639 2371 1840 2405 ἀκοντίζους’).

1200 2418 1246 2448 85)
1267 2418 1331 2448 isti,
1351 2418 1429 2446 mini]
1450 2418 1491 2441 sic
1511 2418 1594 2442 Editt.
1617 2417 1710 2448 1562„
1729 2418 1833 2449 Barth,
1855 2419 1978 2450 Musgr.‚
1999 2419 2077 2450 Fix.;
2113 2421 2163 2445 Ed.

1237 2454 1312 2476 1555.
1332 2452 1405 2476 mini.

1200 2496 1248 2523 86)
1269 2496 1354 2524 enini]
1373 2496 1413 2518 sic
1433 2493 1479 2526 (z
1500 2495 1593 2525 Eurip.
1613 2493 1682 2527 yolo)
1699 2496 1783 2521 Editt.
1805 2496 1895 2528 1562„
1921 2496 2019 2527 Barn.‚
2045 2498 2165 2528 Musgr„

1238 2531 1318 2559 Fix.;
1345 2531 1369 2552 in
1391 2530 1438 2552 Ed<
1462 2530 1535 2554 1555.
1556 2531 1643 2555 ‹tc-cst.

1199 2573 1248 2600 87]
1270 2574 1354 2596 Ultor.
1377 2573 1462 2601 Quam
1480 2585 1514 2589 —
1535 2573 1710 2603 Danaidum]
1730 2574 1755 2597 hi
1774 2574 1790 2597 2
1806 2580 1867 2598 VSS.
1887 2573 1913 2597 in
1932 2574 1982 2599 Ed.
2002 2575 2084 2600 Bai-n.
2104 2574 2159 2597 ‹as-

1237 2608 1320 2630 inncti
1340 2610 1404 2629 sunt
1425 2607 1450 2629 in
1471 2608 1539 2632 tres.

1201 2650 1247 2680 88)
1272 2650 1348 2674 Elec.
1369 2649 1483 2679 oblique
1501 2663 1535 2666 —
1555 2649 1717 2682 speculam]
1736 2651 1762 2674 hi
1779 2651 1796 2675 2
1815 2657 1871 2675 vss.
1889 2651 1916 2674 in
1934 2652 1983 2674 Ed.
2003 2652 2084 2677 Bai-n.
2103 2651 2163 2674 dis-

1236 2684 1320 2708 iuncti
1338 2686 1402 2707 suut
1420 2684 1447 2707 iu
1467 2687 1591 2714 quatuor.
