2373 2980
180 96 253 132 569
647 92 720 127 LX.
772 81 1172 131 INTERPRETATIO
1197 96 1472 133 ALCESTIDIS
1498 94 1745 132 EURIPIDIS.
2146 95 2218 130 570

307 181 515 226 umerus,
541 180 774 221 Hercules,
800 179 1043 229 Admetus]

235 251 330 286 Char.
339 246 371 294 ⁵)
397 246 527 293 Atqui,
554 253 593 281 ut
608 247 769 288 videtur,
795 247 987 283 Alcmenae
1004 250 1096 285 filius

185 302 280 338 1010
302 298 508 346 Accedit5a)
524 299 569 332 ad
585 305 683 333 tuam
699 299 860 334 domum.

230 353 330 386 Herc.
359 350 443 391 „Ad
460 349 614 384 amicum
631 350 740 384 libere
756 350 946 385 dicendum
962 357 1032 391 est,

230 401 300 442 „Et
313 414 388 435 non
404 401 612 436 retinendae
628 399 957 448 reprehensionesss)
974 403 1011 436 in
1027 408 1171 447 pectore
1197 422 1199 449 3,

229 479 251 493 „
262 453 403 487 Tacite:
433 465 498 498 ego
515 453 552 486 in
568 453 638 487 tuis
654 453 758 487 malis

226 503 304 538 Huc
321 505 490 539 accedens
506 504 670 538 volebam
687 504 867 549 explorari
884 505 1030 540 amicus.

180 554 276 592 1015
304 556 361 590 Tu
379 563 497 590 autem
512 567 588 589 non
604 555 724 590 dixisti
739 555 964 601 propositum
982 557 1133 590 cadaver

227 607 328 641 Tuae
344 607 523 652 coniugis,
550 608 612 641 sed
630 619 687 641 me
707 607 874 652 excepisti
890 605 1046 653 hospitio
1058 636 1067 649 ‚

227 658 420 704 Tanquam
436 670 558 692 curam
573 656 709 693 habens
725 658 834 692 alieni
852 658 950 693 mali.

224 708 271 742 Et
288 721 353 754 ego
372 709 544 744 coronavi
560 716 685 755 caput,
713 715 747 743 et
758 708 869 743 libavi
883 708 962 743 Diis

224 759 432 796 Libationes
448 761 486 794 in
503 762 612 795 domo
627 760 721 794 tristi
736 760 801 794 tali
813 765 988 805 tempore.

177 813 275 848 1020
302 811 518 857 Expostulo,
544 818 735 858 postquam
750 809 820 845 hoc
837 809 928 845 mihi
942 809 1082 845 accidit.

224 863 308 897 Non
324 869 445 897 tamen
460 869 494 896 te
512 864 595 896 volo
613 862 818 897 contristari
833 863 870 896 in
888 863 1001 897 malis.

225 913 335 949 Cuius
350 914 403 948 rei
421 925 525 949 causa
541 913 645 948 venio
662 912 752 955 huc,
778 926 941 949 reversus
955 915 1073 948 denuo

222 964 362 1001 Dicam.
413 965 516 999 Hanc
530 965 719 999 mulierem
734 977 852 1000 serves
866 963 957 999 mihi
968 992 978 1006 ,

222 1016 347 1050 Donec
363 1017 542 1051 adducens
558 1014 736 1051 Thracios
755 1029 866 1063 equos

175 1066 273 1104 1025
300 1068 378 1102 Huc
393 1068 548 1109 rediero,
572 1068 759 1102 interfecto
776 1074 932 1114 tyranno
941 1065 1170 1113 Thracum7).

222 1119 260 1154 Si
275 1125 394 1154 autem
413 1120 461 1154 sic
475 1132 615 1153 mecum
625 1118 656 1166 S)
673 1125 797 1164 agetur
807 1146 818 1160 ‚
850 1126 890 1154 ut
903 1120 1017 1153 nolim
1035 1118 1169 1166 (cogito

589 1170 685 1203 enim
702 1170 855 1215 redire):

222 1220 280 1254 Do
298 1219 392 1255 hanc
410 1221 576 1254 ancillam
591 1227 674 1255 tuae
689 1221 859 1255 familiae.

223 1271 332 1305 Venit
346 1274 384 1305 in
401 1284 498 1306 meas
514 1284 641 1306 manus
656 1285 736 1306 cum
752 1284 883 1317 magno
902 1271 1107 1306 certamine.

222 1321 371 1356 Invenio
389 1323 528 1369 aliquos
545 1323 726 1367 publicum
744 1330 926 1357 certamen

174 1373 273 1408 1030
298 1374 478 1407 Ponentes
493 1372 653 1414 athletis,
681 1374 828 1418 dignum
847 1375 987 1408 labore:

224 1424 326 1457 Unde
342 1424 479 1457 abduco
497 1422 566 1457 hoc
581 1425 782 1468 praemium
799 1425 982 1459 victoriae.

219 1474 491 1522 Vincentibusf')
508 1476 544 1508 in
561 1476 688 1509 leviori
707 1476 901 1510 certamine

219 1525 313 1572 Equi
330 1532 433 1560 erant
449 1526 629 1571 praemia;
657 1527 719 1573 qui
735 1534 853 1562 autem
878 1528 915 1561 in
937 1527 1067 1560 maiori
1092 1540 1163 1560 cer-

586 1578 721 1612 tamine

217 1627 439 1669 Vineebant,
467 1628 504 1662 in
520 1629 695 1674 pugillatu
714 1635 774 1663 aut
791 1630 884 1663 lucta
896 1656 905 1671 ,
933 1637 1107 1664 armenta.

170 1677 267 1713 1035
297 1679 413 1724 Supra
431 1677 518 1713 haec
533 1681 663 1714 mulier
678 1681 912 1726 sequebatur,
938 1687 1043 1714 nacto
1064 1694 1141 1714 eam

218 1729 341 1775 Turpe
359 1737 434 1764 erat
451 1732 651 1773 dimittere,
684 1730 775 1765 mihi
798 1730 867 1765 hoc
891 1732 1085 1777 gloriosum
1113 1734 1161 1766 lu-

581 1795 680 1817 crum
705 1790 767 1817 est.

215 1831 347 1866 Verum
379 1839 418 1867 ut
449 1834 543 1875 dixi,
584 1835 649 1868 tihi
675 1841 818 1880 oportet
843 1846 948 1868 curae
973 1846 1045 1868 esse
1070 1832 1162 1880 hanc

579 1886 780 1920 mulierem.

214 1933 355 1969 Habeas
381 1947 478 1969 eam:
515 1949 590 1970 non
615 1938 807 1977 furtivam,
849 1937 910 1970 sed
936 1933 1087 1970 honesto
1112 1937 1160 1969 la-

572 1989 659 2022 bore
682 1995 821 2034 partam

213 2036 380 2076 Adduc0;
423 2050 502 2072 cum
536 2045 698 2084 tempore
733 2039 894 2074 laudabis
920 2051 974 2072 me
1001 2051 1065 2083 pro
1093 2039 1158 2071 isto

572 2103 732 2125 munere.

191 2178 221 2211 5)
242 2180 341 2209 Chora]
361 2181 425 2205 haec
444 2188 497 2205 vox
517 2182 543 2205 iu
563 2182 632 2205 solis
650 2183 733 2207 Editt.
756 2183 834 2206 Barn.
856 2184 883 2205 et
902 2183 1008 2207 Musur.
1030 2182 1051 2203 Ιι.
1069 2182 1082 2204 1.
1106 2182 1157 2204 ite-

226 2221 285 2238 rum
310 2215 434 2244 praefixa
458 2219 515 2247 est;
549 2217 574 2239 in
601 2217 684 2241 mitt.
711 2218 801 2247 1558„
832 2217 904 2241 1562.
932 2219 959 2239 et
986 2216 1042 2238 Fax.
1068 2216 1155 2243 deest,

225 2250 354 2279 quoniam
374 2251 573 2279 praecedentes
591 2251 672 2274 etiam
694 2258 794 2275 versus
816 2251 904 2275 Ultori
924 2254 996 2274 sunt.

189 2291 241 2321 5³)
261 2292 387 2321 Accedit]
407 2293 448 2317 sic
465 2294 551 2319 Editt.
568 2294 660 2323 1558.,
683 2295 775 2323 1562.;
801 2295 884 2318 Editt.
900 2297 1002 2317 recent.
1025 2293 1070 2325 (Ξ
1088 2297 1153 2317 text.

223 2327 279 2356 gr.)
299 2326 427 2358 Admete,
448 2344 454 2350 .
474 2345 480 2351 .
499 2328 603 2352 accedit
623 2329 736 2359 [Barn.‚
756 2330 877 2360 Musgt·.:
899 2328 997 2357 venitj.

188 2365 218 2396 6)
238 2368 486 2398 reprehensiones]
503 2369 565 2393 huic
583 2370 644 2394 voci
662 2370 689 2394 in
703 2371 786 2396 Editt.
802 2371 894 2401 1558.‚
919 2370 993 2394 1562.
1013 2371 1153 2399 adscripta

223 2402 264 2424 est
291 2403 357 2426 nota
382 2407 483 2433 marg.:
516 2404 626 2435 „Legit
650 2403 779 2437 μομφιὶς.
805 2405 853 2429 alii
878 2403 992 2436 μορφάς
1020 2406 1153 2428 toi-inuias

222 2433 362 2459 dicendi.¹’
380 2437 489 2475 (parm,
507 2438 622 2469 Musgr„
640 2439 702 2465 Fix.
720 2441 821 2464 habent
835 2440 949 2464 eandem
965 2439 1038 2463 inam
1053 2439 1151 2463 iectio-

223 2475 282 2493 nem
300 2478 419 2502 μομφας
437 2483 471 2488 -
490 2474 746 2503 reprehensiones).

185 2510 215 2542 7)
235 2513 383 2541 Thracum]
404 2512 446 2536 sic
465 2513 547 2537 Editt.
564 2515 655 2546 1558„
677 2517 769 2546 1562.;
797 2514 879 2540 Editt,
901 2518 1004 2541 recent.
1024 2519 1070 2545 (ετ
1091 2517 1147 2540 Eu-

218 2546 270 2576 rip.
290 2544 447 2577 Βιστόνων)
466 2548 618 2574 Bistonum.

183 2588 214 2616 8)
234 2589 351 2618 mecum]
371 2589 412 2613 sic
429 2589 480 2615 Ed.
498 2590 590 2621 1562.;
617 2591 667 2617 Ed.
681 2592 756 2616 1558.
778 2600 873 2617 meum.

182 2629 212 2661 9)
233 2630 428 2663 Vincentibus]
448 2633 488 2656 sic
507 2633 590 2656 Editt.
608 2635 698 2663 1562,
728 2636 785 2661 Fix.
805 2637 852 2666 (=
873 2636 962 2664 Eun-ip.
984 2636 1040 2661 τοῖς
1060 2635 1142 2658 νικοῖ-
1170 2640 1173 2666 ς

216 2672 275 2693 mm
304 2667 399 2696 Barim,
418 2667 539 2697 Musgm
566 2668 610 2698 qui
626 2669 801 2699 vincebant):
822 2671 869 2695 Ed.
890 2670 961 2694 1538.
982 2672 1067 2694 maie.-
1089 2670 1140 2693 Vi·
1170 2678 1172 2708 ,²

214 2700 348 2724 ventibus.

1227 185 1327 219 1040
1355 187 1455 220 Adm.
1479 183 1562 219 Non
1583 190 1622 217 ut
1647 190 1679 216 te
1704 181 1916 216 contumelia
1934 181 2132 221 afficerem,
2159 194 2218 214 ne-

1518 248 1586 282 que
1602 235 1699 281 quod
1714 241 1747 267 te
1762 232 1949 277 indignum
1967 233 2219 267 existimarem.

1272 288 1370 321 Meas
1387 287 1546 321 miserias
1563 287 1627 320 tibi
1643 298 1717 319 non
1735 283 2014 319 communicavi;

1274 339 1340 371 Sed
1360 339 1481 372 fuisset
1497 337 1584 371 mihi
1602 339 1706 371 dolor
1724 337 1864 371 additus
1884 336 2013 369 dolori.

1275 391 1311 423 Si
1330 390 1451 423 ivisses
1467 391 1512 422 ad
1530 389 1638 422 alium
1658 387 1847 433 hospitem.

1273 441 1365 474 Satis
1383 438 1472 473 mihi
1486 440 1553 474 suit
1569 438 1636 473 hoc
1654 452 1771 472 meum
1788 440 1975 484 deplorare
1985 438 2030 484 ¹⁰)
2046 438 2192 471 malum.

1225 491 1323 527 1045
1351 492 1538 525 Mulierem
1555 491 1582 525 si
1603 503 1709 537 quam
1729 489 1857 530 habes,
1886 496 1988 535 peto,

1276 544 1324 577 Ut
1339 543 1462 583 alteri,
1490 543 1550 590 qui
1568 554 1642 576 non
1656 548 1708 575 est
1724 553 1867 586 passus,
1895 541 2011 586 qualia
2031 554 2095 585 ego
2106 567 2115 579 ‚

1272 596 1412 628 Tradas
1432 595 1642 629 servandam
1658 607 1665 632 ;
1693 592 1795 626 multi
1813 598 1893 626 sunt
1910 591 1973 624 tibi

1274 646 1370 680 Inter
1392 644 1572 680 Pheraeos
1595 644 1772 689 hospites:
1818 656 1860 677 ue
1893 643 2032 687 redigas
2064 640 2153 675 mihi
2182 641 2218 673 in

1636 695 1850 730 memoriam
1865 706 1946 728 mea
1962 693 2070 728 mala.

1275 749 1357 783 Non
1374 762 1512 794 possem
1525 776 1534 789 ‚
1561 748 1684 782 videns
1701 746 1793 781 hanc
1809 747 1846 780 in
1864 748 1992 786 domo,

1225 800 1323 835 1050
1351 801 1434 834 Sine
1459 799 1649 846 lachrymis
1682 812 1771 836 essm
1817 811 1859 831 ne
1884 796 2016 831 dolenti
2045 792 2132 827 mihi
2158 795 2214 824 ‹io-

1639 853 1751 884 iorem

1273 905 1394 938 Addas
1407 930 1416 943 ‚
1443 903 1527 938 satis
1545 909 1710 948 gravatus
1726 915 1801 936 sum
1824 912 1900 932 mea
1916 899 2129 932 calamitate.

1274 955 1312 989 ln
1333 968 1402 1002 qua
1422 961 1522 1001 parte
1539 955 1680 988 aedium
1700 952 1908 988 educabitur
1925 947 2136 985 iuvencula?

1274 1007 1424 1051 (Similis
1459 1007 1553 1040 enim
1590 1005 1798 1040 iuvenculae
1837 1010 1906 1042 est,
1959 1009 1999 1035 ut
2033 1008 2128 1034 veste
2165 1011 2220 1032 or—

1633 1063 1716 1091 nata
1745 1057 1812 1102 est)

1273 1111 1330 1144 An
1347 1111 1415 1144 erit
1431 1110 1468 1144 in
1485 1110 1646 1144 virorum
1664 1106 1911 1142 habitatione?

1226 1161 1324 1197 1055
1350 1162 1396 1196 Et
1412 1163 1595 1208 quomodo
1611 1172 1700 1206 pura
1713 1187 1722 1200 ,
1758 1169 1902 1193 versans
1920 1156 2014 1189 inter
2031 1155 2193 1191 iuvenes,

1272 1214 1377 1248 Erit?
1404 1226 1479 1246 non
1496 1219 1547 1248 est
1560 1212 1663 1246 facile
1680 1212 1825 1246 iuvenes

1272 1267 1421 1303 Arce1·e;
1448 1278 1513 1309 ego
1531 1277 1615 1298 vero
1634 1263 1699 1297 tibi
1718 1262 1918 1296 consultum
1936 1258 2063 1295 velim;

1271 1319 1327 1350 An
1347 1318 1439 1350 alam
1459 1329 1556 1356 eam,
1583 1316 1716 1349 abdens
1732 1314 1768 1347 in
1787 1312 1985 1346 thalamum
2002 1308 2190 1343 mortuae?

1272 1369 1315 1402 Et
1334 1370 1517 1414 quomodo
1535 1368 1685 1400 inferam
1703 1366 1739 1399 in
1755 1366 1886 1399 lectum
1905 1361 2023 1396 illius?

1222 1421 1320 1455 1060
1347 1419 1533 1464 Duplicem
1553 1425 1673 1452 metuo
1688 1414 2021 1462 reprehensionem:
2047 1424 2065 1445 a
2082 1410 2216 1444 civibus

1270 1473 1321 1506 Ne
1341 1483 1396 1504 me
1413 1471 1542 1517 aliquis
1557 1468 1816 1515 reprehendat,
1851 1473 1891 1501 ut
1914 1465 1974 1511 qui
2000 1476 2117 1497 meam
2145 1473 2215 1495 ser-

1632 1520 1801 1554 vatricem

1269 1574 1426 1607 Prodam
1446 1574 1562 1607 iacens
1579 1572 1615 1606 in
1633 1579 1713 1606 toro
1731 1570 1875 1604 alterius
1892 1568 2119 1603 iuvenculam

1266 1626 1314 1659 Et
1336 1624 1441 1659 huius
1468 1631 1631 1659 mortuae
1654 1624 1777 1669 (digna
1805 1622 1900 1655 enim
1927 1627 1997 1660 est,
2040 1629 2131 1664 quae
2159 1628 2216 1649 co-

1626 1676 1719 1709 latur

1267 1728 1421 1773 Oportet
1447 1741 1503 1762 me
1528 1726 1660 1762 habere
1683 1673 1874 1760 ruiionem.
1934 1723 1992 1756 Tu
2017 1728 2157 1757 autem,
2194 1732 2213 1750 o

1628 1778 1775 1817 mulier,

1218 1829 1315 1865 1065
1343 1831 1587 1876 Quaecunque
1604 1831 1748 1863 tandem
1769 1840 1824 1868 es,
1849 1825 2000 1861 similem
2024 1822 2155 1857 hahere
2182 1828 2213 1853 te

1623 1879 1791 1914 Alcestidi

1265 1933 1418 1966 Formae
1437 1933 1583 1966 modum
1601 1932 1707 1973 scito,
1736 1938 1769 1965 et
1785 1944 1819 1964 es
1836 1927 1960 1963 similis
1977 1939 2138 1971 corpore.

1264 1985 1343 2018 Heu
1361 1986 1461 2018 auser
1476 1996 1540 2028 per
1558 1982 1653 2018 Deos
1671 1996 1689 2017 a
1710 1983 1797 2016 meis
1815 1980 1926 2015 oculis

1263 2036 1369 2070 Istam
1389 2035 1595 2074 mulierem,
1622 2047 1666 2081 ne
1684 2047 1740 2068 me
1758 2033 1896 2067 occidas
1913 2031 2106 2076 perditum.

1263 2088 1397 2121 Videor
1414 2088 1507 2121 enim
1527 2086 1640 2130 ipsam
1659 2088 1799 2119 intuens
1819 2085 2006 2127 coniugem
2024 2080 2153 2114 intueri

1213 2139 1311 2174 1070
1341 2139 1479 2176 Meam3
1508 2139 1673 2171 turbatur
1692 2150 1809 2171 meum
1831 2148 1911 2173 cor,
1939 2141 1973 2167 et
1988 2146 2029 2166 ex
2047 2131 2157 2165 oculis

1261 2188 1483 2235 Lachrymae
1505 2196 1714 2233 erumpunt3
1749 2200 1769 2221 o
1788 2200 1845 2221 me
1863 2186 2053 2220 miserum.

1261 2241 1377 2286 Quam
1397 2242 1562 2274 acerbum
1580 2242 1713 2274 luctum
1734 2245 1834 2284 gusto
1852 2236 1963 2272 hunc!

1260 2294 1358 2328 chor.
1383 2292 1460 2337 Ego
1476 2305 1549 2325 non
1566 2305 1709 2337 possum
1731 2292 1877 2324 laudare
1896 2295 1990 2322 tuam
2010 2290 2204 2320 fortunam.

1258 2344 1436 2389 „Oportet
1451 2350 1569 2377 autem
1587 2342 1895 2388 unumquemlibet
1907 2339 2092 2374 sustinere,
2109 2341 2202 2382 quoi!

1621 2394 1715 2427 Deus
1733 2395 1805 2426 dat.

1207 2444 1303 2481 1075
1331 2448 1431 2480 Herc.
1461 2445 1608 2479 Utinam
1625 2451 1760 2478 tantam
1781 2444 1849 2476 vim
1868 2441 2036 2476 haberem
2056 2454 2073 2473 a
2092 2439 2181 2474 Deo.

1250 2498 1300 2532 Ut
1317 2499 1359 2530 ad
1380 2498 1490 2530 vitam
1510 2497 1715 2530 reducerem
1738 2508 1778 2529 ex
1797 2495 1919 2528 inferis

1235 2667 1278 2694 10)
1299 2667 1459 2696 deplorare]
1480 2666 1520 2690 sic
1539 2666 1622 2690 Editt.
1639 2666 1729 2690 1562..
1759 2667 1854 2694 Harii..
1879 2666 2003 2697 Musgr„
2029 2665 2104 2689 Fir:
2145 2666 2181 2687 Eri

1269 2702 1342 2727 1555,
1363 2702 1480 2731 plorare
