2373 2980
235 109 311 146 307

286 195 326 230 In
346 208 466 229 crocea
485 203 578 230 veste

287 246 433 290 Iungam
453 247 570 279 currui
591 257 699 289 equos

234 298 309 332 470
335 297 373 330 lu
395 297 500 330 variis
518 296 663 340 pingens

287 348 426 381 Croceis
444 348 590 379 floribus
606 346 726 379 sericis
745 347 946 391 tapetibus?

282 398 353 431 Aut
372 398 549 443 Titani²⁵)
568 398 611 429 ad
629 398 870 441 posteritatem
885 425 894 438 ‚

283 449 400 493 Quam
419 447 551 492 [upitcr
569 448 670 491 ignea
691 449 835 482 abstulit

282 499 444 532 Flamma
465 498 677 533 Saturnius?

568 571 704 619 [Antist
709 574 806 616 rophe
829 572 884 620 2.]

231 630 306 666 475
334 632 411 665 Heu
428 630 515 664 mihi
533 632 727 665 liberorum
748 645 909 665 meorum
923 659 932 672 ‚

281 683 360 716 Heu
380 681 465 716 mihi
484 690 671 726 parentum
690 690 825 716 terrae-

282 746 350 779 que
362 760 371 773 ‚
400 746 490 778 quae
507 734 604 766 sumo
623 734 777 766 concidit

282 783 426 817 Incensa
439 811 447 822 ‚
476 784 566 816 victa
585 783 760 818 hostiliter

282 836 313 867 A
331 835 486 869 Graecis.
540 835 615 877 ‚Ego
634 848 717 868 vero
736 836 772 867 in

230 887 305 921 480
334 886 523 929 Peregrina
545 892 636 918 terra
656 886 726 918 iam
743 886 899 919 vocabor

282 937 412 975 Serva,
440 937 645 981 relinquens
660 937 781 970 Asiam

281 987 448 1030 Europae
468 987 666 1019 ministram
679 1013 688 1026 ‚

282 1038 427 1070 Mutans
445 1050 523 1070 cum
544 1037 663 1070 inseris
680 1034 857 1069 thalamos
866 1035 925 1081 ⁸²⁶).

346 1112 665 1161 [Talthybius‚
696 1114 876 1153 Chorus,
900 1110 1110 1160 Hecuba]

285 1175 396 1207 Talih.
422 1173 491 1205 Ubi
510 1173 669 1216 reginam
691 1172 775 1204 olim
795 1171 1002 1204 existentem
1018 1170 1073 1204 Ilii

229 1223 305 1258 485
334 1224 516 1257 Hecubam
535 1223 713 1256 inveniam
726 1249 735 1262 ‚
765 1235 784 1256 o
802 1222 983 1255 Troianae
999 1222 1162 1266 puellae?

284 1277 379 1310 Cher.
408 1274 468 1307 llla
489 1287 600 1319 prope
620 1281 652 1307 te
672 1281 810 1317 tergum
828 1272 961 1307 hahens
978 1273 1015 1306 in
1030 1280 1123 1307 terra
1136 1286 1152 1314 ,3

281 1326 313 1359 O
331 1324 541 1370 Talthybie,
570 1326 660 1358 iacet
676 1325 835 1357 involuta
856 1324 1023 1358 vestibus.

286 1378 394 1411 Talth.
423 1376 455 1409 O
471 1376 621 1421 Iupiter!
651 1376 735 1421 quid
753 1374 892 1408 dicam?
921 1382 1041 1409 utrum
1060 1381 1093 1408 te
1110 1371 1226 1406 homi-

640 1439 701 1460 nes
718 1425 918 1470 respicere?

280 1479 338 1511 An
356 1478 563 1522 opinionem
583 1484 715 1510 temere
730 1475 821 1509 hanc
838 1477 999 1510 obtinere
1013 1477 1143 1508 frustra
1157 1501 1167 1515 ‚

230 1528 306 1563 490
330 1529 436 1562 Falso
455 1529 693 1562 existimantes
711 1540 781 1561 esse
800 1527 960 1561 Deorum
978 1525 1112 1570 genus?

281 1579 479 1613 Fortunam
490 1580 536 1624 27)
554 1592 638 1612 vero
658 1579 779 1611 omnia
796 1579 962 1611 mortalia
982 1576 1206 1621 gubernare?

281 1631 338 1663 An
373 1643 447 1663 non
476 1629 562 1663 baec
594 1631 660 1663 suit
689 1631 811 1673 regina
843 1628 1103 1663 abundantium
1137 1639 1225 1661 auro

648 1679 830 1725 Phrygum
842 1681 857 1713 ,Ρ

281 1731 338 1764 An
356 1744 428 1763 non
446 1731 583 1764 Priami
602 1732 728 1764 eximie
746 1732 840 1764 beati
859 1729 972 1764 uxor?

282 1782 328 1815 Et
343 1794 437 1815 nuuc
453 1784 537 1816 urbs
556 1783 697 1828 quidem
718 1783 882 1816 universa
898 1793 1019 1815 eversa
1039 1787 1089 1814 est
1106 1778 1206 1813 hasta
1218 1806 1226 1818 ,

231 1831 308 1868 495
337 1832 413 1877 Ipsa
432 1846 516 1866 vero
536 1846 635 1867 serva
654 1845 760 1873 anus,
790 1835 875 1866 orba
895 1832 1015 1865 liberis
1032 1832 1069 1864 in
1085 1838 1179 1864 terra

284 1883 378 1917 Iacet
392 1885 537 1927 pulvere
555 1886 702 1917 foedans
719 1885 965 1917 calamitosum
986 1889 1103 1926 caput.

283 1933 340 1967 Ah
357 1932 417 1967 ah!
442 1936 555 1968 Senex
571 1935 712 1980 quidem
733 1948 809 1968 sum
821 1962 830 1975 ‚
854 1941 1011 1968 attamen
1029 1931 1116 1966 mibi
1134 1932 1225 1965 mori

285 1985 479 2030 Contingat
514 1987 631 2030 potius
666 1998 772 2030 quam
809 1986 906 2030 turpi
942 1985 1104 2029 implicer
1145 1996 1226 2017 casu

647 2037 780 2081 aliquo.

284 2087 415 2130 Surge,
445 2100 464 2119 o
483 2087 602 2119 infelix
614 2114 622 2125 ‚
653 2094 686 2120 et
701 2088 874 2120 elevatum

230 2137 307 2174 500
333 2137 443 2171 Latus
462 2139 579 2177 eleva,
608 2145 641 2170 et
657 2151 802 2182 prorsus
820 2149 945 2169 canum
969 2142 1084 2179 caput.

282 2191 363 2222 Hec.
391 2189 476 2233 Age.
530 2189 619 2233 Quis
638 2189 695 2221 ille
712 2201 840 2233 corpus
858 2200 975 2220 meum
994 2198 1068 2219 non
1085 2185 1167 2219 sinit

281 2238 421 2272 Iacere?
475 2240 571 2285 Quid
600 2253 722 2273 moves
758 2252 833 2279 me,
881 2237 1041 2283 quisquis
1072 2250 1127 2276 es,
1178 2236 1226 2268 af-

649 2291 779 2324 flictam
791 2290 805 2322 ἰ’

288 2342 397 2375 Tame.
425 2340 636 2386 Talthybius
655 2342 759 2375 venio
778 2339 1026 2374 Danaidarum
1046 2337 1226 2377 minister,

283 2393 551 2435 Agamemnone
568 2393 729 2426 mittente
741 2420 750 2433 ,
779 2405 799 2425 o
816 2391 962 2430 mulier,
990 2396 1071 2434 post
1088 2395 1133 2422 te.

268 2506 317 2533 25)
338 2505 405 2528 Huic
430 2504 490 2527 voci
517 2504 543 2526 in
568 2509 653 2533 mai-g.
674 2505 723 2527 Ed.
746 2505 820 2528 1562.
845 2503 972 2534 apposita
1000 2503 1043 2526 est
1068 2503 1225 2527 annotatio:

305 2539 376 2563 Vide
395 2538 504 2562 siiidam
524 2538 550 2560 in
570 2538 674 2560 Titanis
693 2540 777 2562 terra.

270 2583 318 2610 26)
338 2582 388 2605 liis
407 2580 500 2604 verbis
519 2580 546 2603 iu
561 2580 609 2603 Ed.
623 2580 696 2603 1562.
718 2581 743 2604 in
764 2586 849 2611 marg.
870 2580 1011 2610 adscripta
1030 2581 1073 2604 est
1090 2580 1158 2604 haec
1177 2587 1225 2603 ex-

304 2615 430 2645 plicatio:
471 2614 581 2644 „Quasi
605 2615 692 2638 dicat:
731 2616 788 2646 Ego
814 2621 863 2644 pro
888 2615 988 2639 marito
1013 2621 1072 2638 sum
1099 2614 1226 2638 habitura

302 2652 426 2674 mortem.
462 2650 538 2673 Mors
557 2648 620 2672 mihi
640 2649 694 2672 erit
714 2649 867 2672 convivium
885 2647 1039 2679 nuptiate.''

267 2692 316 2724 27)
336 2693 409 2716 Haec
426 2699 480 2716 vox
500 2692 525 2715 in
545 2697 630 2723 marg.
650 2692 699 2717 Ed.
721 2692 794 2716 1562.
813 2692 931 2721 repetita
950 2692 1000 2715 est.

807 110 929 145 PHIL.
965 109 1078 145 MEL.
1114 109 1316 145 SCRIPTA
1349 108 1687 144 PHILOLOGICA.

2193 114 2268 149 308

1279 193 1354 230 505
1379 198 1458 230 Hec.
1486 195 1519 227 Ο
1539 193 1763 233 charissime,
1790 205 1961 229 numnam
1987 203 2020 230 et
2043 209 2099 230 me
2125 198 2269 243 insuper

1690 250 1847 278 mactare
1864 247 1908 279 ad
1923 248 2098 282 tumulum
2109 275 2118 289 ‚

1330 295 1427 329 quta
1465 297 1645 329 decretum
1681 295 1900 330 Graecorum
1933 299 2082 333 venisti?

1694 344 1798 378 chara
1820 348 1966 381 diceres!

1335 396 1595 440 properemus,
1623 397 1836 431 laboremus.
1873 398 1950 432 Duc
1968 412 2044 439 me,
2073 412 2093 433 o
2114 412 2229 434 senex.

1336 449 1446 480 Tame.
1480 448 1596 481 Tuam
1622 448 1731 480 filiam
1762 454 1941 482 mortuam
1971 457 2010 483 ut
2040 452 2205 494 sepelias,
2249 463 2269 483 o

1702 499 1852 538 mulier,

1714 549 1862 582 Mittunt
1880 562 1965 583 vero
1981 563 2037 584 me

2150 299 2268 344 Quam

1331 547 1446 580 Venio
1466 560 1596 581 vocans
1615 554 1659 582 te.

1281 595 1355 632 510
1383 599 1526 632 Gemini
1542 600 1689 633 Atridae
1707 606 1739 632 et
1756 601 1908 644 populus
1924 600 2109 637 Achaicus.

1332 651 1412 683 Hee.
1447 651 1526 683 Heu
1548 648 1652 683 mihi!
1696 651 1781 695 quid
1811 651 1922 684 dicis?
1965 665 2038 686 non
2061 666 2146 687 sane
2171 655 2272 700 quasi

1693 702 1887 735 morituras

1331 751 1466 785 Venisti
1487 752 1531 784 ad
1550 764 1634 791 nos,
1662 752 1721 786 sed
1741 752 2001 795 significaturus
2020 754 2140 787 mala?

1308 815 1311 816 ⁷
1330 803 1493 841 Periisti‚
1524 816 1543 835 o
1562 803 1632 835 filia
1645 830 1654 843 ,
1682 815 1701 835 a
1718 810 1831 836 matre
1850 804 1989 843 avulsa;

1330 857 1404 890 Nos
1428 866 1512 887 vero
1538 854 1645 886 orbae
1671 853 1792 886 liberis
1814 854 1851 886 in
1875 861 2076 898 posterum,
2105 868 2125 889 o
2143 856 2271 890 misera

1693 904 1775 948 ego!

1280 956 1354 991 515
1383 956 1575 1001 Quomodo
1602 968 1685 988 vero
1711 956 1822 999 ipsam
1851 957 2071 992 confecistis?
2099 969 2273 990 numnam

1690 1012 1891 1039 reverentes
1903 1006 1919 1039 ἱ)

1330 1059 1387 1091 An
1403 1058 1447 1089 ad
1465 1057 1648 1090 saevitiam
1664 1057 1881 1100 processistis
1898 1064 1935 1091 ut
1951 1055 2102 1099 hostem,
2119 1071 2140 1091 o
2157 1070 2276 1098 senex,

1330 1107 1609 1141 Interficientes?
1644 1108 1719 1145 dic,
1755 1108 1916 1152 quamvis
1941 1120 2014 1141 non
2038 1110 2197 1142 dicturus
2221 1109 2275 1142 iu-

1699 1159 1826 1190 cunda.

1334 1209 1445 1244 Tame.
1474 1207 1641 1252 Duplices
1656 1219 1713 1240 me
1748 1208 1905 1251 postulas
1937 1207 2136 1254 lachrymas
2163 1210 2276 1242 effun—

1698 1259 1799 1298 dere,
1826 1270 1846 1290 ο
1863 1259 2010 1300 mulier,⁴
2240 1260 2241 1265 ¹

1331 1311 1442 1344 Filiae
1460 1317 1540 1343 tuae
1557 1309 1802 1342 miseratione:
1832 1321 1926 1342 nunc
1945 1310 2089 1354 quidem
2104 1309 2276 1344 nuntians

1689 1361 1781 1392 mala
1793 1386 1802 1398 ‚

1283 1408 1358 1445 520
1386 1410 1621 1442 Madefaciam
1644 1408 1739 1443 hunc
1765 1411 1927 1450 oculum,
1968 1418 2002 1443 et
2026 1423 2105 1444 cum
2129 1411 2274 1456 sepelie-

1695 1467 1772 1500 tur,
1802 1473 1891 1505 quae
1910 1461 2027 1504 periit.

1332 1511 1466 1544 Aderat
1484 1511 1626 1556 quidem
1645 1517 1718 1543 tota
1735 1512 1838 1544 turba
1855 1509 2000 1544 Achaici
2019 1511 2191 1545 exercitus

1331 1563 1442 1596 Plena
1479 1563 1523 1594 ad
1560 1562 1736 1595 tumulum
1756 1588 1765 1601 ,
1817 1568 1897 1595 tuae
1931 1562 2025 1594 filiae
2060 1562 2104 1594 ad
2142 1568 2276 1595 macta-

1693 1612 1826 1644 tionem
1838 1611 1899 1658 28).

1331 1662 1516 1706 Accipiens
1532 1675 1617 1695 vero
1633 1661 1779 1696 Achillis
1795 1663 1887 1696 filius
1901 1662 2121 1707 Polyxenam
2138 1675 2249 1696 manu

1331 1714 1461 1746 Statuit
1478 1714 1514 1746 in
1532 1726 1670 1747 summo
1689 1714 1845 1752 tumulo;
1874 1726 1986 1758 prope
2004 1725 2088 1746 vero
2107 1725 2171 1756 ego

1282 1763 1356 1800 525
1383 1764 1589 1809 Delectique
1608 1762 1833 1798 Achaeorum
1852 1764 2034 1808 praecipui
2052 1764 2197 1797 iuvenes

1332 1815 1467 1848 Saltum
1486 1815 1617 1848 vitulae
1636 1822 1716 1848 tuae
1737 1813 1928 1848 cohibituri
1947 1815 2112 1848 manibus

1331 1866 1596 1911 Sequebantur;
1636 1866 1781 1910 plenum
1806 1878 1891 1898 vero
1922 1866 1959 1898 in
1990 1865 2156 1898 manibus
2184 1865 2274 1898 acci-

1692 1917 1793 1960 piens
1814 1917 1981 1961 poculum

1332 1967 1466 2000 Totum
1485 1978 1630 2000 aureum
1647 1967 1818 2000 fundebat
1836 1979 1944 2000 manu
1960 1967 2051 2000 filius
2066 1963 2213 1999 Achillis

1331 2018 1537 2051 Libationes
1556 2024 1699 2050 mortuo
1719 2019 1823 2061 patri.
1862 2018 2043 2061 Significat
2058 2028 2144 2049 vero
2162 2013 2273 2056 mihi,

1281 2067 1355 2102 530
1383 2069 1568 2102 Silentium
1589 2069 1807 2102 Graecorum
1832 2069 1998 2102 universo
2022 2074 2062 2101 ut
2085 2066 2274 2100 denuntia—

1690 2132 1765 2152 rem
1787 2120 1966 2153 exercitui.

1331 2169 1378 2202 Et
1395 2182 1458 2212 ego
1478 2170 1621 2201 adstans
1640 2169 1710 2202 dixi
1732 2170 1769 2202 in
1789 2170 1906 2203 medio
1924 2169 2029 2202 haec:

1332 2221 1462 2252 Tacete
1475 2232 1536 2252 vos
1547 2220 1687 2259 Graeci,
1705 2221 1831 2254 tacitus
1847 2221 2031 2254 universus
2042 2220 2087 2253 sit
2102 2220 2273 2265 populus;

1330 2271 1412 2311 Sile,
1434 2278 1528 2308 tace;
1556 2271 1784 2316 tranquillam
1802 2278 1919 2304 autem
1937 2271 2102 2306 constitui
2119 2272 2274 2305 turbam.

1330 2321 1407 2366 Ipse
1423 2334 1507 2354 vero
1522 2322 1627 2355 dixit:
1654 2322 1687 2355 Ο
1705 2323 1752 2355 fili
1768 2322 1884 2362 Pelei,
1912 2330 2012 2366 pater
2027 2334 2110 2354 vero
2128 2334 2226 2356 meus
2237 2348 2246 2362 ‚

1281 2372 1354 2406 535
1382 2373 1511 2417 Accipe
1529 2373 1716 2407 libationes
1732 2371 1835 2407 hasce
1851 2373 2097 2418 propitiabiles

1331 2424 1494 2457 Mortuos
1511 2425 1703 2461 elicientem
1732 2425 1811 2457 veni
1831 2437 1928 2465 xero,
1956 2431 1995 2457 ut
2010 2424 2111 2457 bibas
2126 2424 2270 2467 nigrum

1330 2475 1473 2508 Puellae
1490 2488 1618 2519 purum
1639 2476 1846 2519 sanguinem
1861 2502 1869 2515 ,
1898 2488 2002 2521 quem
2021 2474 2086 2508 tibi
2105 2476 2231 2507 damus

1330 2526 1583 2572 Exercitusque
1601 2533 1634 2559 et
1651 2539 1734 2570 ego3
1761 2527 1919 2571 placatus
1938 2539 2022 2560 vero
2043 2525 2146 2558 nobis
2162 2525 2220 2558 sis.

1331 2577 1505 2626 Solveque
1523 2590 1658 2622 puppes
1677 2585 1710 2610 et
1726 2577 1919 2610 retinacula

1312 2652 1360 2684 28)
1379 2654 1412 2677 fl.
1432 2654 1450 2679 1,
1468 2654 1517 2677 Ed.
1539 2653 1614 2679 1562.
1634 2653 1741 2677 exhibet
1761 2653 1851 2677 notam
1872 2651 2002 2683 margin:
2036 2652 2138 2676 Narrat
2168 2650 2273 2675 exitum

1349 2688 1515 2717 Polyxenae.
