2373 2980
134 71 208 107 489
604 67 726 102 LVIII.

186 156 395 191 Orationem
409 181 418 195 ‚
445 154 512 188 nisi
531 153 664 199 Iupiter
682 155 805 195 sciret,
1157 163 1160 201 1

187 208 316 254 Qualia
331 206 500 239 beneficia
521 218 538 238 a
558 219 613 239 me
632 207 827 250 acceperis,
856 211 889 238 et
905 217 995 250 quae
1019 212 1057 238 tu
1081 206 1131 238 vi-
1157 204 1160 266 ί

548 257 663 291 &ssim
686 258 820 291 seceris.
1157 267 1160 321 ι

186 310 267 344 Non
292 307 463 347 debuisti,
500 315 688 354 postquam
716 308 879 354 sprevisti
904 321 1022 341 meum
1049 320 1131 341 con-

544 360 714 400 nubium,

135 408 234 446 1355
261 409 456 444 Iucundam
477 410 586 443 vitan]
606 423 727 454 agere,
754 410 929 444 insultans
948 408 1054 451 mihi,

183 463 307 508 Neque
324 462 440 507 puella
461 462 556 506 regia
570 489 578 502 ‚
611 474 726 508 neque
743 462 804 508 qui
823 461 887 495 tibi
907 474 984 494 eam
1001 462 1038 494 in
1057 474 1131 494 ma-

547 513 757 547 trimonium
785 513 991 553 collocavit,

185 565 322 604 Creon,
350 564 496 608 impune
515 577 570 597 me
591 564 716 598 eiicere
735 578 775 598 ex
793 563 859 598 hac
877 571 983 598 terra.

182 616 237 649 Ad
255 614 359 655 haec,
386 615 414 649 si
430 616 536 656 libet,
564 628 650 649 voca
670 629 726 649 me
744 617 906 649 leaenam

182 667 229 700 Et
245 667 397 712 Scyllam
409 694 419 707 ,
448 680 538 713 quae
554 667 590 699 in
609 665 798 712 Tyrrheno
819 667 893 700 solo
911 665 1098 700 hahItavst.

134 718 233 753 1360
258 718 333 762 Ego
353 719 453 762 attigi
472 725 571 752 tuum
592 731 670 758 cor,
700 726 738 752 ut
756 718 935 752 convenit.

182 773 253 804 las.
271 770 328 802 Tu
348 782 490 815 quoque
509 770 618 809 doles,
642 776 676 802 et
694 770 870 814 particeps
887 782 922 803 es
940 768 1131 802 malorum.

182 823 277 856 Med.
304 820 403 853 Bene
421 822 519 855 scito.
557 821 716 854 Solvitur
731 822 852 862 dolor,
880 821 909 854 si
928 827 964 854 tu
984 831 1041 853 me
1058 832 1131 852 non

547 871 708 906 irrideas.

183 925 252 957 las.
280 922 313 956 Ο
327 922 450 963 liberi,
479 936 585 968 quarn
604 924 735 956 malam
753 930 904 957 matrem
923 921 1111 957 habuistis!

183 976 278 1008 Med.
315 973 348 1007 O
374 974 495 1015 liberi,
531 987 637 1020 quam
666 974 819 1019 periistis
846 981 995 1020 propter
1020 974 1133 1019 patris

553 1026 800 1071 cupiditatem!

135 1075 233 1111 1365
260 1079 330 1110 Ias.
358 1076 497 1109 Tamen
515 1089 593 1110 mea
611 1090 737 1111 manus
756 1089 831 1110 non
848 1076 1004 1122 perdidit
1023 1088 1094 1110 eos.

181 1129 276 1162 Med.
305 1127 374 1161 Sed
391 1128 521 1161 inluria
539 1135 572 1161 et
588 1141 703 1162 novae
720 1136 801 1162 tuae
819 1129 978 1172 nuptiae.

181 1181 251 1212 Ias.
295 1178 352 1212 An
388 1185 426 1212 tu
456 1179 601 1212 voluisti
629 1186 777 1225 propter
808 1180 951 1224 nuptias
982 1190 1041 1211 eos
1076 1190 1134 1210 oc-

547 1230 688 1263 cidere?

185 1281 279 1314 Med.
315 1279 372 1312 An
396 1286 434 1313 tu
457 1278 525 1313 hoc
557 1281 723 1324 exiguum
756 1281 891 1314 malum
925 1292 998 1313 esse
1029 1286 1134 1324 putas

546 1332 714 1365 mulieri?

183 1384 252 1416 Ias.
281 1380 382 1426 Quae
401 1382 544 1427 quidem
563 1383 725 1416 modesta
739 1382 801 1421 sit3
830 1381 895 1415 tibi
911 1382 1032 1415 omnia
1051 1388 1133 1416 sunt

306 1442 310 1445 ”
536 1434 643 1469 mala.

134 1483 231 1518 1370
265 1485 359 1519 Med.
394 1483 463 1517 Sed
487 1483 524 1518 hi
547 1491 630 1519 sunt
653 1484 804 1523 mortui3
844 1484 904 1518 sed
932 1482 1000 1517 hoc
1017 1484 1063 1531 941)
1097 1491 1131 1518 te

545 1536 735 1570 mordebit.

182 1589 252 1622 Ias.
282 1587 351 1620 Sed
372 1592 432 1620 tuo
451 1587 558 1631 capiti
575 1588 627 1620 illi
644 1595 747 1621 erunt
766 1586 964 1631 piaculares
974 1586 1003 1605 9³
1013 1586 1058 1633 a).

182 1640 277 1673 Med.
305 1637 365 1670 Dii
384 1645 538 1679 norunt,
568 1639 646 1684 quis
663 1637 871 1683 coeperit⁹⁵)
888 1636 956 1671 hoc
971 1639 1119 1671 malum.

181 1689 327 1723 Norunt
344 1695 444 1722 tuum
465 1690 745 1723 abominabilem
763 1690 936 1724 animum.

181 1742 276 1775 Med.
303 1741 417 1775 Ardes
446 1741 548 1781 odio;
585 1742 668 1775 odio
694 1740 783 1774 mihi
808 1747 858 1774 est
880 1747 960 1774 tuus
985 1740 1132 1773 acerbus

543 1806 674 1827 sermo.

133 1841 233 1878 1375
260 1846 329 1877 Ias.
357 1843 403 1876 Et
421 1842 508 1876 mihi
530 1851 622 1879 tuus.
664 1844 792 1876 Facilis
811 1849 861 1876 est
876 1841 1132 1875 reconciliatio.

182 1896 278 1930 Med.
315 1894 534 1939 Quomodo?
576 1895 662 1941 quid
687 1893 842 1928 faciam?
884 1900 917 1926 et
940 1905 1003 1937 ego
1029 1893 1132 1926 valde

548 1959 667 1991 euplo.

184 1999 253 2031 Ias.
265 1996 428 2030 Concede
445 1995 531 2030 mihi
544 1995 608 2032 hos
617 2004 781 2031 mortuos
791 1995 940 2040 sepelire
955 2001 988 2028 et
999 1995 1130 2038 lugere.

183 2050 278 2083 Med.
305 2048 541 2094 Nequaquam
555 2076 565 2090 ‚
600 2049 683 2095 quia
707 2061 770 2093 ego
788 2047 956 2092 sepeliam
975 2059 1034 2080 eos
1050 2058 1130 2079 mea
1156 2054 1160 2086 l

544 2113 674 2142 manu,
1156 2094 1160 2131 1

182 2149 314 2184 Ferens
332 2151 366 2183 in
384 2152 500 2185 lucum
517 2151 665 2186 Iunonis
682 2151 778 2184 Deae
798 2150 833 2182 in
852 2162 950 2189 arce,
1156 2137 1160 2184 1

134 2201 231 2236 1380
257 2202 310 2236 Ne
329 2203 407 2248 quis
424 2201 580 2237 hosfium
598 2216 658 2237 eos
674 2201 888 2235 contumelia
905 2200 1054 2240 afficiat,
1156 2186 1160 2261 1

181 2253 356 2298 Aperiens
378 2253 618 2299 sepulchrum.
675 2252 717 2287 In
738 2252 804 2287 hac
828 2264 938 2297 porro
965 2258 1059 2285 terra
1079 2250 1132 2284 Si-

543 2305 648 2352 syphi

187 2353 408 2388 Constituam
426 2359 647 2401 praeclarum
667 2358 793 2390 festum
813 2362 847 2389 et
862 2354 1032 2389 sacrificia

184 2404 361 2450 Deinceps
377 2420 443 2451 pro
463 2409 528 2442 ista
548 2410 657 2454 impia
678 2410 795 2442 caede.

169 2493 216 2520 94)
235 2494 285 2516 sed
304 2494 369 2521 hoc]
389 2494 428 2517 sic
446 2494 529 2518 Editt.
551 2496 640 2528 1558„
662 2495 755 2525 1562.;
779 2494 863 2519 Editt.
880 2495 983 2519 recent.
1005 2498 1051 2524 (=
1070 2494 1128 2517 Eu·
1153 2511 1156 2528 Ξ

204 2527 255 2557 rip.
274 2528 355 2552 τοῦτο
375 2527 442 2561 γάρ)
462 2530 512 2553 hoc
531 2530 609 2553 enini.
1153 2530 1156 2568 Ι

168 2560 233 2591 94³)
255 2562 423 2592 piaculares]
439 2564 477 2587 sic
486 2564 663 2593 Editt.1559.,
680 2565 770 2593 1562.;
793 2564 875 2588 Editt.
893 2565 996 2588 recent.
1016 2562 1061 2594 (z
1071 2564 1128 2587 Eu·
1154 2581 1156 2589 .

204 2596 256 2626 rip.
275 2595 435 2629 μιάστορες)
456 2599 601 2622 daemones
622 2599 715 2622 infesti
733 2599 821 2628 [Fix.:
841 2599 942 2628 saevi}
1153 2600 1156 2629 χ’

167 2631 215 2658 95)
234 2633 370 2661 coeperit]
396 2632 436 2656 sic
461 2635 514 2661 (Ξ
536 2634 629 2663 Eurip.
657 2627 734 2664 ἦρξε)
760 2634 842 2657 Editt.
871 2634 968 2664 Barn.,
1005 2634 1128 2663 Musgr.;
1154 2641 1156 2645 ¹

203 2666 288 2690 Editt.
313 2667 404 2698 1558.‚
425 2668 498 2692 ¹562.
519 2669 630 2698 ceperit.
1154 2666 1155 2678 ³

785 67 1184 104 INTERPRETATIO
1221 70 1420 105 MEDEAE
1453 70 1703 106 EURIPIDIS.

2113 74 2187 109 490

1233 157 1310 200 Ego
1328 159 1420 191 vado
1439 158 1473 190 in
1494 165 1625 191 terram
1636 157 1682 203 96)
1704 155 1918 196 Erechthei,

1188 208 1286 242 1385
1314 209 1524 242 Habitatura
1545 222 1623 242 cum
1643 209 1786 253 Aegeo,
1820 209 1893 241 filio
1911 210 2121 244 Pandionis.

1237 261 1293 292 Tu
1311 272 1408 299 vero,
1438 262 1742 305 quemadmodum
1763 261 1941 300 convenit,
1965 262 2078 294 malus
2095 262 2186 295 male

1603 312 1789 352 morieris,

1236 361 1428 394 Percussus
1446 368 1551 405 caput
1569 369 1669 396 tuum
1690 363 1849 408 reliquiis
1868 363 1969 397 navis
1986 364 2101 408 Argo,

1236 412 1283 444 Ut
1302 412 1422 445 videas
1440 413 1608 446 miserum
1628 414 1759 446 exitum
1779 427 1940 449 mearum
1967 416 2186 460 nuptiarum.

1236 463 1362 508 las.⁹⁷)
1391 463 1458 496 Sed
1479 464 1592 497 suriae
1609 470 1642 497 te
1661 471 1776 498 morte
1795 473 1941 510 propter
1958 467 2151 500 liberorum

1188 514 1286 548 1390
1317 514 1470 547 Caedem
1492 515 1727 549 mulctabunt.

1236 567 1330 600 Med.
1359 565 1447 611 Quis
1465 566 1561 600 Deus
1582 573 1642 600 aut
1660 568 1813 600 daemon
1833 568 1971 601 audiret
1989 575 2021 601 te

1237 617 1427 650 Per-iurum
1446 624 1479 650 et
1497 619 1724 662 deceptorem
1744 616 1926 662 hospitum
1938 619 1952 651 ’ἒ

1236 672 1306 703 Ias.
1335 668 1403 701 Hei
1419 667 1475 702 hei
1492 670 1635 703 scelesta
1656 676 1689 702 et
1710 669 1927 702 interfectrix
1946 670 2155 702 liberorum!

1236 722 1330 755 Med.
1357 720 1456 753 Vade
1474 721 1642 761 domum,
1671 727 1704 754 et
1719 721 1868 766 sepelias
1885 733 2032 754 uxorem
2052 726 2161 754 tuam.

1188 771 1286 806 1395
1314 775 1384 806 Ius.
1412 772 1536 813 Vado,
1566 773 1711 806 orbatus
1729 773 1867 806 duobus
1886 772 2016 817 pueris.

1238 825 1332 858 Med.
1358 824 1528 857 Nondum
1546 822 1751 869 lachryma,
1779 831 1921 869 expecta
1940 829 2129 858 senectam.

1239 878 1308 909 Ias.
1337 874 1369 908 Ο
1388 873 1586 909 chari5simi
1604 875 1724 909 liberi!

1239 928 1334 961 Med.
1361 926 1490 967 Matri,
1517 939 1591 959 non
1612 927 1688 961 tibi.

1238 981 1305 1012 las.
1330 977 1378 1011 Et
1406 979 1588 1023 quomodo
1614 978 1798 1012 occidisses
1825 977 1964 1023 eosfflfi

1604 1030 1669 1062 thi
1686 1042 1865 1063 nocerem.

1238 1082 1308 1113 Ias.
1336 1079 1413 1113 Heu
1428 1077 1518 1120 heu,
1547 1081 1651 1124 cupio
1671 1079 1817 1114 charum
1841 1094 1879 1115 os

1189 1131 1288 1165 1400
1316 1131 1426 1164 Miser
1445 1144 1508 1176 ego
1527 1132 1649 1166 liberis
1664 1134 1871 1166 admovere.

1237 1184 1332 1216 Med.
1367 1182 1471 1216 Nunc
1493 1183 1588 1227 ipsos
1619 1184 1833 1229 alloqueris,
1877 1183 2064 1216 commode
2092 1193 2187 1215 nunc

1603 1235 1735 1269 salutas
1747 1262 1756 1276 ,

1236 1284 1339 1317 Tunc
1358 1285 1543 1329 repellens.
1595 1288 1666 1321 Ias.
1693 1286 1748 1319 Da
1765 1284 1853 1319 mihi
1871 1297 1935 1331 per
1949 1285 2064 1325 Deos,

1237 1336 1285 1368 Ut
1302 1337 1433 1380 possim
1453 1338 1627 1381 attingere
1652 1345 1813 1371 tenerum
1833 1350 1961 1382 corpus
1978 1337 2187 1370 liberorum.

1236 1389 1331 1421 Med.
1357 1388 1439 1422 Non
1455 1389 1600 1427 saciam;
1628 1390 1759 1424 frustra
1778 1396 1829 1423 est
1843 1387 1931 1423 haec
1948 1388 2076 1422 oratio.

1189 1437 1287 1472 1405
1313 1441 1382 1473 Ias.
1412 1439 1444 1473 O
1466 1439 1621 1485 Iupiter,
1656 1441 1757 1475 audis
1780 1439 1888 1481 haec,
1924 1439 2107 1487 quomodo
2133 1449 2187 1470 re-

1594 1492 1783 1536 pellimur,

1236 1540 1282 1574 Et
1298 1542 1415 1587 qualia
1435 1543 1593 1588 patimur
1609 1545 1653 1577 ab
1677 1544 1872 1577 execranda

1236 1592 1304 1626 Ista
1324 1594 1446 1627 leaena
1467 1601 1500 1627 et
1518 1594 1753 1629 interfectrice
1769 1594 1990 1629 liberorum?

1235 1644 1303 1678 Sed
1320 1653 1494 1691 quantum
1510 1647 1592 1679 licet
1611 1653 1645 1680 et
1661 1660 1804 1692 possum
1817 1673 1826 1687 ,

1238 1696 1397 1730 Tantum
1417 1699 1616 1739 lamentor,
1646 1705 1679 1732 et
1698 1699 1856 1732 concitus
1871 1698 1988 1736 feror,

1187 1747 1285 1782 1410
1313 1748 1505 1784 Obtestans
1522 1750 1636 1790 Deos,
1665 1751 1762 1795 quod
1779 1762 1837 1783 me

1237 1798 1407 1841 Liberos,
1436 1814 1525 1846 quos
1544 1802 1698 1842 necasti,
1726 1799 1896 1846 prohibes

1235 1851 1422 1896 Attingere
1440 1853 1605 1887 manibus
1623 1860 1656 1886 et
1671 1853 1820 1897 sepelite
1840 1856 2012 1885 mortuos.

1236 1902 1336 1947 Quos
1351 1903 1489 1937 utinam
1508 1917 1571 1949 ego
1588 1916 1774 1950 nunquam
1791 1903 1988 1948 genuissem
2000 1928 2010 1942 ,

1235 1953 1360 2001 Neque
1378 1955 1543 1990 vidissem
1561 1968 1578 1988 a
1599 1962 1631 1990 te
1648 1955 1824 2001 perditos!

1186 2004 1287 2040 1415
1316 2008 1413 2042 Ghor.
1439 2006 1603 2053 „Iupiter
1619 2008 1656 2040 in
1675 2007 1774 2040 coelo
1793 2007 2011 2051 gubernator
2029 2010 2080 2037 est
2093 2001 2185 2035 mul-

1602 2066 1740 2093 torum:

1237 2108 1326 2149 „Dii
1344 2110 1454 2143 multa
1474 2117 1615 2156 praeter
1634 2110 1842 2155 opinionem
1862 2107 2019 2145 faciunt,

1236 2160 1311 2199 „Et
1329 2169 1468 2205 sperata
1489 2175 1561 2195 non
1579 2163 1687 2203 fiunt,

1234 2210 1402 2251 „Eorum
1421 2226 1526 2254 vero,
1556 2226 1648 2260 quae
1665 2225 1739 2246 non
1756 2217 1964 2256 sperantur,
1994 2207 2089 2242 DeUS
2114 2205 2183 2240 ‘³¹5'

1599 2272 1673 2299 tum
1691 2264 1828 2297 invenit
1838 2261 1896 2308 ⁹⁹).

1232 2312 1283 2346 Ita
1302 2315 1420 2349 evenit
1436 2314 1523 2349 haec
1541 2329 1609 2351 res.

1218 2388 1264 2421 96)
1286 2389 1311 2413 111
1332 2391 1450 2420 terram]
1471 2391 1512 2415 sie
1531 2394 1578 2419 (=
1597 2391 1690 2420 Eurip.
1709 2390 1809 2421 γαῖαν)
1833 2389 1916 2413 Editt.
1942 2389 2062 2417 recent.;
2098 2386 2182 2410 leuitt.

1255 2425 1347 2453 1558,
1368 2426 1444 2451 1502.
1464 2426 1490 2449 111
1511 2427 1587 2449 terra
1606 2438 1639 2442 —-
1662 2427 1691 2448 111
1709 2425 1751 2448 his
1768 2425 1871 2448 duabus
1883 2423 1966 2447 Editt.
1983 2422 2123 2451 adscripta
2139 2423 2183 2444 cst

1253 2461 1318 2482 nota
1337 2466 1439 2490 marg:
1459 2461 1592 2484 Athenas

1217 2493 1266 2521 97)
1287 2495 1361 2522 Ias]
1382 2496 1421 2517 sie
1442 2495 1523 2518 Editt.
1544 2495 1648 2518 recent.
1667 2499 1754 2524 acque
1773 2499 1805 2517 ac
1815 2492 1968 2522 Eurip.Ed.
1982 2490 2065 2514 Basil.
2088 2490 2181 2519 1551.;

1252 2529 1279 2552 111
1299 2529 1384 2554 Editt.
1402 2529 1491 2560 1553„
1515 2530 1588 2553 1562.
1608 2531 1658 2552 hoc
1678 2535 1775 2552 nomen
1795 2528 1927 2551 omissum
1948 2528 1999 2550 est.

1216 2562 1264 2593 98)
1286 2564 1319 2586 Et
1338 2564 1471 2592 quomodo
1498 2564 1649 2588 occidisses
1676 2560 1760 2592 eos3]
1788 2563 1829 2586 sic
1855 2562 1940 2586 Editt.
1963 2561 2055 2591 1558„
2089 2559 2181 2588 1562.;

1251 2599 1332 2621 Barn.
1353 2599 1380 2620 et
1399 2599 1521 2628 Musgr.:
1553 2600 1588 2621 Et
1606 2600 1696 2622 tamen
1717 2605 1763 2622 eos
1783 2593 1927 2621 occidisti?
1958 2596 2031 2618 Ebc:
2063 2595 2097 2617 Et
2117 2595 2180 2617 tunc

1253 2633 1353 2663 (quum
1372 2639 1418 2656 eos
1438 2632 1529 2663 umes)
1551 2633 1682 2656 occidisti.
1709 2632 1818 2663 (ΕΜ-111,
1838 2627 1961 2654 Κᾶπειτ”
1981 2628 2095 2657 beram).

1217 2666 1264 2695 99)
1285 2667 1315 2690 fl.
1332 2668 1348 2690 Ι.
1368 2667 1395 2690 111
1410 2668 1493 2691 Editt.
1512 2668 1604 2699 1558„
1625 2667 1699 2692 1562.
1720 2668 1785 2690 nota
1804 2672 1906 2697 marg:
1925 2664 1987 2688 Fati
2006 2662 2183 2687 incertitudo.

2018 978 2111 1011 Med.
2140 975 2187 1009 Ut
