2373 2980
290 678 409 719 LVI.
468 679 640 719 PHIh.
673 677 833 718 Mun.
864 675 1448 718 INTERPRETATIO
1486 676 1787 719 ORESTIS
1828 679 2201 723 EURIPIDIS.

234 801 355 858 Huius
384 829 550 866 tragoediae
579 829 781 866 interpretatio
812 828 901 856 latina
930 828 959 855 in
982 833 1106 864 utraque
1130 827 1272 863 Xylandri
1293 827 1440 862 editione,
1474 827 1610 855 videlicet
1632 827 1687 856 Ed.
1712 827 1818 856 Basil.
1844 826 1937 858 1558.
1960 833 1990 856 et
2012 828 2068 857 Ed.
2089 827 2260 868 francof.

234 872 328 902 1562.
352 873 514 907 invenitur,
537 871 705 908 quibuscum
734 870 890 898 editionem
914 868 1077 898 Barnesiz·
1099 867 1151 908 (ex
1176 879 1232 906 qna
1255 878 1391 897 versuum
1415 878 1551 897 numeros
1573 870 1818 907 stropharumqne
1840 871 2011 907 partitiones
2034 877 2064 900 et
2088 872 2190 909 plures
2213 874 2261 900 in-

233 915 404 952 scriptiones
433 914 512 942 uncis
540 914 665 941 inclusas
694 911 850 951 adscripsi)
881 918 969 950 atque
999 912 1141 942 editiones
1167 908 1371 948 Musgravii
1398 917 1428 940 et
1458 910 1561 940 Fixit·
1589 921 1676 950 supra
1699 922 1729 950 p.
1749 911 1943 942 287—290.
1975 913 2109 942 laudatas
2139 915 2259 943 contuli.

233 957 377 993 Xylandri
400 957 541 985 editiones
564 956 591 983 in
612 955 664 983 hac
686 955 740 983 Ed.
764 955 831 982 solis
855 964 996 982 annorum
1021 954 1149 982 numeris
1173 954 1350 991 significabO.

920 1287 1242 1324 EURIPIDIS
1270 1287 1542 1325 ORESTES

778 1356 1008 1385 PHILIPPO
1037 1355 1362 1384 MELANTHONE
1392 1356 1712 1386 INTERPRETE.

1082 1432 1402 1475 Argumentum

906 1497 1005 1527 Phil.
1035 1496 1286 1525 Melantlione
1315 1497 1587 1536 interprete1).

351 1592 492 1626 Orestes
538 1604 659 1625 necem
696 1590 806 1635 patris
846 1591 1005 1629 ulturus,
1042 1589 1218 1622 interfecit

231 1641 437 1685 Aegisthum
455 1651 488 1676 et
507 1644 836 1688 Clytaemnestram.
877 1641 993 1674 Ausus
1008 1648 1125 1673 autem
1145 1653 1217 1672 ma-

232 1700 324 1726 trem
360 1694 539 1733 occidere,
587 1693 704 1727 statim
748 1704 901 1736 poenam
943 1691 1040 1724 dedit
1074 1692 1218 1724 insanus

230 1745 353 1777 factus.
407 1745 577 1790 Tyndaro
597 1751 728 1783 autem,
753 1750 853 1787 patre
874 1743 1092 1782 interfectae,
1117 1753 1216 1774 accu-

232 1801 330 1828 sante
357 1807 457 1835 eum,
491 1808 715 1828 communem
740 1793 950 1827 sententiam
977 1799 1079 1825 erant
1109 1792 1216 1825 laturi

231 1845 353 1887 Argix‘i
372 1847 413 1879 de
429 1844 508 1886 lior,
525 1846 609 1891 quid
627 1851 807 1889 oporteret
825 1844 899 1888 pati
916 1844 1077 1887 impium.
1111 1843 1216 1874 Forte

234 1903 349 1929 autem
373 1897 557 1930 Menelaus
587 1898 726 1930 rediens
755 1908 796 1928 ex
822 1907 882 1928 sua
916 1894 1217 1938 peregrinatione,

231 1954 339 1980 noctu
369 1948 511 1992 quidem
531 1948 742 1993 Helenam2)
770 1946 884 1985 misit,
916 1945 1069 1978 interdiu
1098 1951 1214 1978 autem

233 1998 306 2042 ipse
331 1999 446 2036 x‘enit;
476 2005 509 2031 et
544 1999 734 2031 advocatus
767 1998 810 2030 ab
833 1996 981 2036 Oreste,
1012 2002 1051 2029 ut
1079 1995 1215 2028 iuvaret

232 2049 368 2093 ipsum,
399 2055 620 2082 accusantem
643 2049 853 2094 Tyndarum
878 2047 989 2090 magis
1014 2053 1064 2080 cst
1087 2046 1217 2078 reveri-

233 2106 299 2133 tus.
353 2099 464 2133 Dictis
490 2106 606 2133 antem
643 2099 864 2132 orationibus
891 2098 926 2130 in
949 2104 1070 2137 coetu,
1101 2103 1217 2129 motus

234 2157 285 2184 est
325 2151 498 2195 populus,
536 2157 574 2183 ut
617 2150 791 2183 occideret
827 2150 1002 2182 Orestem.
1065 2148 1217 2192 Pylades

235 2207 351 2234 autem
379 2203 511 2235 amicus
534 2202 608 2235 eius
631 2215 709 2235 cum
735 2201 764 2234 ei
783 2201 938 2240 adesset,
962 2199 1156 2237 consuluit,
1180 2205 1219 2231 ut

234 2251 300 2295 ipsi
326 2252 479 2295 primum
505 2254 547 2285 de
571 2252 734 2285 Menelao
759 2257 940 2284 sun‘ierent
960 2263 1138 2294 poenam,
1167 2249 1218 2281 in-

236 2303 445 2336 terficientes
468 2303 659 2343 Helenam,
685 2303 750 2347 ipsi
769 2302 875 2346 igitur
894 2308 1042 2345 propter
1058 2299 1143 2333 llaec
1162 2313 1219 2332 ve-

272 2442 300 2468 1]
321 2440 365 2463 Sic
383 2440 432 2462 hoc
450 2439 587 2462 trifarium
601 2440 803 2469 argumentum,
823 2438 892 2468 quod
905 2438 1079 2461 Melanthone
1093 2444 1107 2461 e
1119 2444 1220 2467 graeco

305 2479 432 2497 sermone
451 2475 516 2502 (quo
537 2473 562 2496 iu
582 2474 674 2502 Eut-ip.
690 2473 737 2496 Ed.
753 2473 837 2498 Basil.
858 2473 931 2496 1551.
950 2473 985 2495 8⁰
1004 2472 1120 2501 legitur)
1134 2473 1159 2495 in
1180 2473 1223 2496 la-

306 2508 390 2531 tinum
407 2507 564 2535 transtulit,
584 2507 610 2529 in
624 2507 673 2532 Ed.
692 2507 765 2530 1562,
781 2509 824 2530 est
842 2507 1018 2536 inscriptum3
1043 2506 1069 2528 in
1084 2506 1132 2530 Ed.
1149 2507 1222 2530 1558.

305 2542 464 2571 inscriptum
483 2544 525 2564 est
544 2541 604 2564 sola
623 2547 705 2564 voce:
729 2543 935 2571 Argumentum.
955 2553 988 2557 —
1014 2539 1087 2563 naec
1105 2540 1159 2563 tria
1181 2546 1224 2563 ar·

307 2578 435 2605 gumenta
453 2580 552 2605 graece
571 2577 598 2597 et
616 2575 700 2598 latine
719 2575 800 2598 etiam
827 2575 854 2598 in
870 2575 918 2599 Ed.
938 2575 1052 2598 names.
1076 2575 1138 2598 hnic
1164 2576 1224 2598 tra-

305 2610 422 2640 goediae
441 2611 506 2632 sunt
524 2608 687 2639 praemissa.

273 2659 468 2718 muliflenam]
496 2660 580 2684 Editt.
601 2660 695 2690 1558.‚
722 2659 795 2684 1562.
815 2660 838 2682 Ιι.
860 2659 879 2682 l.
906 2660 933 2683 et.
958 2659 985 2682 in
1010 2659 1132 2689 proxime
1150 2666 1224 2690 seqq.

332 2701 346 2718 e
360 2701 437 2719 enen.

1271 1589 1408 1623 nientes
1432 1590 1592 1623 frustrati
1615 1596 1698 1623 sunt
1726 1601 1806 1632 spe,
1849 1600 1928 1621 cum
1950 1587 2010 1621 Dii
2035 1589 2208 1623 Helenam
2223 1590 2255 1635 ²)

1270 1640 1481 1684 rapuissent.
1535 1640 1766 1673 Hermionem
1785 1645 1903 1672 autem
1920 1641 2110 1674 ostendens
2125 1641 2256 1685 Apollo

1271 1691 1369 1723 dedit
1402 1691 1450 1725 eis
1478 1691 1515 1723 in
1537 1703 1705 1729 manum3
1738 1690 1790 1722 illi
1821 1696 1939 1722 autem
1969 1688 2062 1724 hanc
2091 1692 2260 1725 volebant

1271 1741 1440 1775 occidere.
1492 1742 1678 1786 Apparens
1705 1747 1821 1774 autem
1848 1740 2050 1782 Menelaus,
2075 1748 2109 1775 et
2135 1743 2258 1777 videns

1268 1805 1304 1825 se
1335 1792 1441 1825 simul
1475 1793 1623 1836 coniuge.
1664 1798 1698 1825 et
1729 1790 1849 1824 liberis
1884 1792 1927 1824 ab
1958 1792 2032 1826 istis
2064 1793 2258 1836 privatum,

1270 1849 1416 1876 conatus
1443 1849 1494 1876 est
1519 1855 1726 1887 oppugnare
1750 1843 1904 1885 regiam,
1936 1842 1989 1875 illi
2011 1849 2129 1876 autem
2154 1856 2257 1888 prae-

1270 1893 1452 1926 venientes
1493 1894 1723 1926 minabantur
1765 1905 1801 1926 se
1844 1893 2128 1928 inflammaturos
2172 1907 2257 1929 esse.

1269 1944 1398 1988 Apollo
1422 1950 1538 1977 autem
1563 1956 1738 1988 apparens
1753 1943 1924 1975 Helenam
1941 1944 2030 1977 dixit
2052 1957 2087 1978 se
2105 1952 2259 1979 transtu-

1270 1995 1348 2028 lisse
1375 1996 1419 2028 ad
1444 1994 1557 2033 Deos;
1586 1995 1749 2028 Orestem
1769 2000 1885 2027 autem
1912 1995 2012 2028 iussit
2026 1995 2259 2030 Hermionem

1271 2047 1397 2078 ducere
1427 2052 1460 2078 et
1483 2045 1610 2090 Pyladi
1632 2045 1808 2078 Electram
1844 2043 2066 2086 cohabitare,
2101 2054 2134 2079 et
2162 2048 2260 2091 puri-

1270 2097 1411 2129 ficatum
1430 2108 1448 2128 a
1467 2097 1589 2137 caede,
1614 2096 1728 2140 Argos
1752 2102 1883 2129 tenere.

1690 2180 1850 2214 Aliter.

1374 2239 1515 2272 Orestes
1540 2245 1687 2283 propter
1711 2238 1832 2271 matris
1855 2239 1995 2271 caedem
2021 2239 2126 2272 simul
2151 2245 2185 2272 et
2210 2240 2253 2273 ab

1273 2289 1477 2335 Erinnybus
1504 2290 1717 2332 exagitatus,
1748 2295 1782 2321 et
1806 2289 1849 2321 ab
1873 2289 2014 2333 Argivis
2041 2291 2257 2323 condemna-

1275 2349 1329 2375 tus
1360 2353 1466 2380 nece,
1506 2347 1582 2373 erat
1616 2341 1863 2373 interfecturus
1894 2340 2065 2373 Helenam
2103 2347 2137 2374 et
2166 2341 2257 2374 Her-

1276 2392 1450 2431 mionen),
1472 2397 1659 2435 propterea
1681 2392 1776 2436 quod
1794 2390 1976 2425 Menelaus
2001 2404 2166 2436 praesens
2183 2404 2258 2425 non

1275 2438 1414 2476 iuverat
1440 2454 1539 2479 eum;
1570 2439 1768 2485 prohibitus
1793 2448 1842 2474 est
1864 2449 1983 2476 autem
2011 2444 2054 2476 ab
2078 2442 2255 2487 Apolline.

1276 2494 1459 2539 Nusquam
1485 2493 1631 2536 ponitur
1655 2491 1887 2537 mythologia.

1687 2567 1854 2603 Aliter.

1381 2628 1491 2661 Scena
1515 2628 1655 2660 fabulae
1679 2628 1792 2672 posita
1817 2633 1868 2661 est
1896 2627 1933 2660 in
1956 2628 2066 2672 Argo.
2119 2627 2259 2663 Chorus

1281 2685 1398 2712 autem
1421 2685 1559 2712 constat
1582 2691 1622 2711 ex
1645 2679 1850 2712 mulieribus
1876 2679 2016 2724 Argivis
2040 2680 2260 2726 aequalibus,
