2373 2980
151 101 223 137 617
595 99 698 135 an.

177 192 200 228 5
227 187 267 222 In
290 198 359 232 qua
385 197 441 219 me
468 186 565 220 alens
593 186 629 219 in
655 187 763 220 domo
790 186 965 231 locuplete

202 237 369 274 Aethram
397 243 498 281 pater
524 238 585 270 dat
609 238 805 272 Pandionis
833 238 905 271 filio

201 292 318 334 Aegeo
338 301 486 322 uxorein
515 296 663 334 propter
689 290 873 324 oraculum
894 288 1085 334 Apollinis.

202 342 285 375 Istas
308 340 450 374 intuens
476 338 563 374 haec
585 354 663 375 sum
684 348 827 386 precata

199 394 318 432 Anus,
350 404 441 438 quae
466 392 667 438 linquentes
691 394 818 427 domos
840 392 994 436 Argivae
1020 398 1136 425 terrae

153 449 198 482 10
224 443 382 488 Supplici
407 445 532 477 fronde
555 445 796 478 advolvuntur
819 444 907 478 meis
931 443 1091 488 genibus,

200 495 339 540 Quibus
363 495 498 540 aliquid
516 495 600 528 mali
622 496 767 534 accidit;
789 508 871 529 nam
898 496 941 528 ad
964 501 1085 539 portas

201 547 327 580 Cadmi
349 546 500 580 mortuis
522 553 657 591 septem
683 547 803 581 liberis
828 546 1019 591 generosis,

201 598 322 632 Orbae
350 604 449 637 sunt,
480 610 569 643 quos
590 597 807 642 Argivorum
833 611 894 632 rex

201 651 373 683 Adrastus
396 649 515 690 duxit,
547 649 678 694 Oedipi
701 648 931 683 haereditatis

153 704 199 741 15
228 701 372 734 Partem
397 701 521 734 volens
548 713 721 745 occupare
747 702 839 734 exuli
862 699 1026 745 Polynici

201 752 364 791 Genero;
391 753 450 786 sed
477 754 649 785 cadavera
675 753 857 786 interfecta
885 752 922 784 in
943 749 1080 795 proelio

199 803 353 837 Istorum
380 810 511 838 matres
537 804 684 848 sepelire
709 804 835 837 volunt
860 804 896 836 in
922 801 1048 847 patria.

200 853 400 888 Prohibent
425 855 597 895 victores,
620 867 736 899 neque
761 854 1048 899 deportationem

199 906 295 939 Dare
314 906 459 947 volunt,
487 907 701 940 contumelia
719 907 911 940 afficientes
936 905 1028 948 leges
1045 903 1139 936 Deo-

564 970 657 992 rum.

150 1010 200 1045 20
231 1008 310 1042 Una
336 1015 453 1043 autem
478 1021 557 1042 cum
582 1006 636 1043 his
663 1009 825 1042 frondem
856 1014 967 1051 gestat
990 1006 1059 1040 mei
1089 1005 1139 1038 in-

567 1060 689 1104 digens

202 1112 375 1145 Adrastus
397 1112 479 1151 iste,
509 1112 731 1157 irrigansque
756 1111 876 1144 oculos
899 1109 1090 1156 lachrymis

202 1161 314 1203 Iacet,
343 1163 475 1196 bellum
499 1170 532 1196 et
551 1163 725 1196 infelicem

203 1214 358 1248 Gemens
385 1215 668 1259 expeditionem,
697 1227 802 1259 quam
829 1215 937 1246 domo
962 1213 1069 1247 misit.

203 1266 275 1310 Qui
305 1278 360 1298 me
385 1264 549 1299 hortatur
566 1278 684 1298 meum
703 1265 813 1299 filium
833 1266 1045 1309 persuadere
1064 1276 1142 1309 pre-

569 1316 678 1356 cibus,

152 1365 201 1402 25
235 1366 284 1400 Ut
306 1368 519 1400 cadaverum
547 1374 776 1411 recuperator
800 1373 861 1400 aut
880 1367 1141 1411 persuadendo,

564 1424 625 1451 aut
652 1417 771 1451 hastae

201 1468 346 1501 Robore
373 1469 492 1508 fieret,
520 1475 554 1501 et
581 1476 686 1502 autor
710 1469 931 1513 sepulturae:

201 1519 275 1552 Soli
298 1532 378 1553 meo
403 1519 476 1553 filio
501 1519 689 1564 imponens
715 1518 808 1553 hanc
831 1532 906 1552 rem

200 1570 246 1603 Et
267 1570 402 1604 civitati
426 1569 648 1605 Atheniensi.
702 1571 771 1605 Sed
797 1583 861 1615 pro
886 1577 1001 1604 terrae

200 1621 373 1655 Aratione
396 1622 573 1662 sacrifico,
600 1635 736 1667 egressa
766 1635 806 1655 ex
831 1623 977 1655 aedibus
1001 1620 1088 1654 meis

150 1674 199 1708 30
226 1674 281 1706 Α(1
306 1671 374 1706 hoc
397 1674 590 1718 templum,
617 1673 677 1707 ubi
700 1674 855 1718 primum
882 1674 1023 1705 videtur

198 1724 326 1768 Rigida
351 1737 458 1769 super
483 1732 614 1758 terram
637 1725 732 1769 spica
757 1725 950 1758 fructifera.

200 1775 342 1810 Tenens
361 1783 478 1810 autem
497 1776 722 1821 manipulum
741 1776 943 1821 graminum
962 1787 1036 1808 non
1062 1775 1137 1806 vin-

560 1834 670 1867 ctum,

199 1877 403 1922 Expectabo
429 1880 474 1912 ad
503 1885 617 1913 castos
643 1880 741 1913 focos
766 1879 918 1911 duarum
942 1877 1099 1911 Dearum

201 1928 340 1963 Cereris
367 1936 401 1962 et
421 1930 531 1963 filiae:
559 1931 704 1964 miserta
730 1930 874 1975 quidem

150 1978 198 2014 55
228 1979 344 2014 Canas
369 1980 453 2014 istas
477 1988 608 2015 matres
632 1982 775 2015 orbatas
801 1981 931 2017 liberis,

202 2030 382 2065 Reverens
409 2044 547 2066 sacrum
573 2040 836 2067 ornamentum.
890 2031 975 2063 Abit
1001 2027 1087 2062 mihi

198 2081 253 2114 Ad
276 2083 401 2116 urbem
425 2096 574 2128 praec0,
605 2096 735 2118 vocans
758 2082 826 2118 huc
851 2081 1003 2120 Thesea,

198 2134 247 2166 Ut
264 2140 325 2167 aut
343 2135 480 2168 auferat
497 2135 598 2169 istam
621 2133 749 2169 harum
767 2135 947 2169 miseriam
967 2146 1007 2166 ex
1031 2138 1135 2171 terra,

196 2186 268 2218 Aut
289 2186 354 2219 ista
381 2186 525 2233 iura5a)
548 2187 747 2231 supplicum
775 2187 909 2225 solvat,
935 2197 1016 2229 erga
1040 2183 1134 2216 Deos

143 2235 193 2271 40
208 2236 297 2270 Rem
312 2237 406 2281 piam
424 2238 566 2272 faciens.
596 2238 752 2279 „Omnia
773 2239 865 2272 enim
884 2249 947 2282 per
960 2236 1133 2269 masculos

195 2288 437 2327 „Mulieribus
468 2290 635 2323 convenit
667 2303 790 2334 agere,
834 2302 925 2336 quae
950 2294 1033 2322 sunt
1058 2301 1132 2320 mo-

550 2341 721 2387 destae⁶).

190 2392 289 2425 Ghor.
320 2392 489 2437 Supplico
513 2393 596 2434 tibi,
626 2405 735 2434 anus,
762 2405 803 2426 ex
826 2392 1032 2425 venerando
1058 2402 1132 2431 ore,

190 2442 367 2476 Advoluta
392 2444 541 2488 genibus
562 2444 643 2485 tuis,

189 2493 238 2526 Ut
261 2494 415 2529 redimas
437 2493 524 2528 inihi
553 2496 643 2530 filios

1155 2479 1158 2506 1

1155 2507 1157 2529 ι

1154 2539 1157 2576 Ξ

1154 2581 1156 2602 ι

170 2612 218 2640 5a)
240 2611 293 2635 ista
312 2612 386 2640 iura]
407 2612 447 2636 sie
467 2613 549 2637 Editt.
571 2612 662 2638 ¹558„
691 2613 778 2640 1562:
799 2612 882 2637 Editt.
904 2614 1019 2636 recent:
1047 2613 1127 2635 istam
1153 2606 1155 2638 f

207 2646 408 2670 necessitatem.
1152 2645 1155 2657 ⁷

169 2680 198 2707 6)
227 2681 257 2704 11.
287 2681 303 2703 Ι.
334 2681 358 2704 In
389 2681 472 2704 [editt.

501 2681 593 2709 1558..
629 2681 703 2706 ¹562.
736 2683 800 2705 nota
832 2687 936 2712 marg.:
971 2681 1045 2705 Viris
1080 2669 1153 2715 rcsj

204 2715 336 2745 agendae.
495 2722 517 2732 *2

1149 2722 1152 2746 1

751 99 1148 136 INTERPRETATIO
1175 99 1448 135 SUPPLICUM
1473 98 1722 134 EURIPIDIS.

2107 100 2179 133 618

1192 186 1240 222 45
1268 187 1453 227 Mortuos,
1477 186 1539 233 qui
1564 186 1773 232 relinquunt
1798 185 1966 231 corpus⁷)

1242 238 1359 271 Morte
1385 239 1542 272 solvente
1565 239 1739 279 membra,

1241 289 1370 324 Bestiis
1398 289 1579 323 montanis
1604 302 1737 324 escam:

1241 339 1385 374 Intuens
1409 341 1627 375 miserabiles
1653 341 1839 374 oculorum

1239 390 1460 437 Lachrymas
1485 392 1577 425 circa
1602 392 1791 436 palpebras

1189 440 1239 477 50
1263 442 1309 476 Et
1332 455 1479 488 rugosas
1503 455 1626 477 carnes
1651 455 1768 484 canas,

1242 494 1473 540 Gestamenss)
1498 506 1691 532 manuum;
1722 495 1806 539 quid
1830 494 1945 532 enim,
1970 504 2062 537 quae

1243 546 1406 580 Mortuos
1428 546 1519 579 filios
1543 558 1641 579 meos
1667 558 1783 591 neque
1811 545 1909 578 domi

1242 597 1370 637 Posui,
1399 609 1514 643 neque
1538 594 1809 641 sepulchrorum

1241 649 1417 682 Tumulos
1442 655 1558 681 terrae
1586 648 1701 682 video.

1191 696 1240 734 55
1265 700 1493 745 Generasti9)
1520 706 1557 733 tu
1583 712 1745 745 quoque,
1771 696 1993 734 veneranda,
2023 694 2145 734 filium,

1242 751 1389 785 Faciens
1410 758 1550 795 gratum
1577 749 1773 784 thalamum
1798 756 1860 783 tuo
1885 747 2028 785 maritO,

1242 802 1428 847 lmpertias
1450 801 1540 836 mihi
1564 815 1658 835 nnnc
1679 809 1777 836 tuam
1806 805 1975 837 mentem,

1242 854 1446 899 Impertias,
1478 861 1651 901 quantum
1676 855 1780 887 ‹loleo
1803 852 1931 886 misera

1245 906 1298 939 De
1324 906 1497 947 mortuis,
1529 919 1618 951 quos
1642 905 1775 950 peperi.
1828 903 1977 936 Persua-

1193 957 1242 991 60
1270 959 1312 991 de
1330 964 1451 997 tuum,
1475 957 1530 991 cui
1545 970 1667 991 sumus
1690 956 1878 1002 suppfices,
1905 953 2027 986 venire

1243 1009 1374 1043 Filium
1399 1010 1443 1042 ad
1475 1008 1673 1049 Ismenum,
1702 1015 1741 1042 ut
1769 1008 1806 1040 in
1832 1018 1948 1040 meam
1982 1015 2127 1038 manum
2139 1000 2183 1046 ¹⁰)

1604 1066 1716 1104 ponat

1245 1111 1457 1146 Iuvenilium
1490 1111 1702 1145 cadaverum
1740 1121 1893 1155 corpora
1923 1108 1967 1141 ad
2004 1106 2184 1150 lapideum

1607 1160 1835 1207 sepulchrum

1244 1215 1390 1252 Sancte;
1417 1226 1489 1247 non
1517 1221 1634 1248 autem
1661 1227 1724 1258 per
1751 1214 1821 1246 vim
1846 1212 1939 1245 inci-

1245 1268 1343 1305 dens,
1360 1273 1481 1310 petens
1498 1266 1602 1298 venio
1614 1267 1655 1299 ad
1669 1265 1878 1310 recipientes
1894 1264 2011 1308 ignem
2023 1261 2182 1294 Deorum

1194 1317 1243 1353 65
1271 1318 1381 1357 Aras,
1410 1324 1443 1350 et
1466 1315 1638 1351 habemus
1667 1318 1736 1355 ius;
1765 1324 1800 1350 at
1825 1316 1889 1349 tibi

1245 1370 1355 1403 Adest
1378 1369 1545 1409 facultas,
1576 1375 1613 1402 ut
1636 1369 1802 1402 felicitate
1829 1367 1878 1401 tui
1904 1365 1965 1399 filii

1244 1421 1395 1454 Auseras
1412 1421 1652 1453 infelicitatem
1674 1433 1803 1454 meam.

1243 1472 1308 1504 Fio
1334 1472 1502 1516 supplex,
1532 1485 1610 1505 cum
1637 1472 1754 1515 patiar
1779 1467 2009 1506 miserabilia,

1247 1523 1293 1555 Ut
1318 1535 1429 1566 ponas
1457 1521 1546 1556 mihi
1572 1523 1681 1556 fllium
1710 1523 1743 1555 in
1768 1522 1895 1556 misera
1922 1530 2043 1556 manu,

1195 1575 1242 1609 70
1285 1574 1330 1607 Ut
1365 1574 1582 1608 circumdem
1605 1574 1733 1608 misera
1761 1574 1920 1608 membra
1945 1576 2085 1604 mortua
2113 1565 2181 1598 mci

1602 1626 1677 1660 filii.

1573 1708 1672 1758 [Str
1682 1712 1756 1754 oph
1765 1708 1814 1758 e.]

1243 1777 1351 1810 Venit
1374 1778 1442 1811 alia
1467 1778 1611 1812 miseria
1635 1779 1795 1812 luctuum

1244 1829 1468 1876 Sequens¹¹),
1493 1830 1615 1863 dolent
1638 1830 1886 1864 ministrorum
1914 1839 2052 1861 manus.

1241 1879 1311 1921 Ite,
1339 1893 1359 1913 o
1384 1881 1505 1926 pueri,
1534 1882 1618 1914 mali
1644 1882 1728 1915 socii
1754 1880 1866 1921 chori,

1242 1931 1311 1972 Ite,
1344 1945 1365 1965 o
1392 1946 1462 1966 una
1488 1934 1662 1973 dolentes,

1192 1982 1239 2018 75
1266 1984 1323 2018 Ad
1350 1982 1520 2025 chorum,
1548 1997 1653 2030 quem
1682 1985 1767 2018 colit
1791 1984 1910 2018 Pluto.

1242 2035 1445 2070 Candidum
1471 2048 1626 2080 unguem
1650 2036 1686 2069 in
1710 2037 1808 2081 genis

1241 2087 1453 2127 Cruentate,
1482 2094 1516 2121 et
1542 2100 1692 2132 corpora
1717 2085 1930 2131 mortuam).

1222 2220 1252 2253 7)
1273 2223 1388 2252 corpus]
1408 2220 1450 2245 sic
1468 2220 1553 2246 Editt.
1575 2222 1662 2249 1553„
1684 2221 1775 2251 1562.;
1795 2220 1878 2245 Editt,
1899 2220 2001 2243 recent.
2022 2219 2071 2246 (z
2086 2214 2181 2243 Eurip-

1254 2255 1338 2287 μέλη)
1357 2257 1444 2282 artus.

1219 2298 1249 2331 8)
1270 2298 1433 2331 Gestamen]
1453 2299 1494 2323 sic
1512 2298 1596 2323 Editt.
1621 2299 1711 2327 1553,
1734 2299 1825 2324 1562.;
1847 2297 1928 2320 Eunt.
1951 2296 2069 2319 recent.:
2092 2294 2179 2317 hace—

1255 2335 1378 2358 rationes
1398 2340 1525 2358 manuum
1544 2335 1573 2358 vi
1589 2333 1688 2364 factas
1709 2333 1816 2364 (Eur-ip.
1836 2328 2063 2362 merrcdpniflartc).

1218 2376 1248 2408 9)
1269 2376 1429 2409 Generasti]
1449 2378 1491 2401 stc
1511 2376 1707 2406 Editt.'1558.,
1728 2376 1822 2403 1562:
1849 2375 1931 2399 Editt.
1953 2373 2071 2397 recent.:
2092 2371 2179 2400 Pepe-

1253 2413 1318 2436 risti
1340 2413 1446 2444 (Eurip.
1468 2410 1578 2442 ἔτεκες).

1219 2454 1264 2485 10)
1284 2455 1312 2479 in
1330 2461 1417 2479 meam
1437 2455 1560 2482 inanum]
1582 2453 1622 2477 sic
1639 2453 1722 2477 Editt.
1744 2453 1827 2484 1558„
1849 2453 1938 2480 1562.;
1959 2451 2042 2475 Editt.
2056 2451 2178 2474 receut.:

1254 2497 1282 2514 m
1302 2496 1362 2513 mea
1381 2496 1469 2513 manu.

1219 2531 1264 2564 11)
1286 2533 1369 2556 Venit
1383 2545 1412 2550 —
1431 2532 1584 2561 ›Sequensd
1602 2532 1642 2555 sie
1657 2531 1739 2555 Flditt.
1756 2531 1841 2556 1558..
1860 2530 1952 2558 1562.;
1967 2530 2179 2557 Bai-n.(:t‹=xt.

1252 2569 1328 2598 gr.):
1354 2567 1501 2591 Certamen
1520 2567 1571 2589 hoc
1591 2566 1665 2590 aliud
1685 2567 1759 2590 venit
1780 2567 1915 2594 luctuum,
1940 2564 2057 2588 luctibus
2077 2569 2177 2593 perpe-

1250 2604 1301 2626 tuo
1322 2602 1484 2626 succedens

1217 2644 1260 2676 ¹2)
1282 2648 1307 2668 et
1327 2650 1446 2673 corpora
1464 2646 1596 2673 mortua]
1623 2644 1663 2667 sie
1683 2644 1762 2668 Editt.
1787 2645 1878 2668 1555..
1902 2643 1993 2671 15623
2022 2640 2104 2664 Editt.
2129 2647 2174 2662 ro-

1247 2680 1327 2704 cent.:
1337 2685 1492 2709 corpusque
1503 2679 1622 2704 lacerum
1634 2678 1759 2711 [Musgm
1769 2674 2021 2709 sanguinolentum]
2032 2674 2173 2706 (=Eurip.

1250 2711 1346 2746 χρῶτά
1362 2720 1390 2738 τε
1409 2710 1538 2746 φόνιον).
