2373 2980
212 102 284 137 475

214 189 288 223 830
310 187 440 220 Aerem
464 184 618 218 molliter
642 183 711 221 itis,

263 239 332 273 Ubi
358 236 550 282 aliquando
577 240 687 267 castas
1221 211 1227 268 1

265 291 403 325 Novem
423 286 582 320 Pierides

265 342 383 374 Musas
407 338 529 371 dicunt

265 390 434 424 (lenuisse
461 389 590 421 flavam
616 385 867 427 Harmoniam,

506 471 816 520 [Antistrophe
850 469 904 518 1.]

214 546 287 581 835
311 543 355 577 Et
381 543 425 575 ad
448 542 579 575 fluenta
607 537 749 584 Cephisi

264 595 440 628 Venerem
467 594 647 625 invocasse
678 588 945 624 exhaurientem
971 603 1010 623 ex
1033 589 1197 635 Cephiso,

266 647 312 679 Ut
336 645 487 689 spiraret
511 655 574 687 per
600 641 782 685 regionem

265 696 462 729 Mediocres
484 700 685 732 ventorum,

264 748 375 781 Dulce
398 747 572 791 spirantes
595 755 711 783 auras,

213 801 286 839 840
310 799 360 831 Ac
386 808 525 842 semper
551 797 752 839 imponeret

264 850 383 884 Comis
404 850 565 891 fragrans
588 858 682 879 rose-

263 914 365 934 ornm
389 905 522 933 sertum
550 898 696 930 florum:

262 952 306 985 lit
328 951 514 984 incitantes
537 949 581 981 ad
603 946 827 991 sapientiam,

260 1003 410 1035 Amores
437 1000 604 1037 mitteret,

209 1053 281 1090 845
306 1051 519 1095 Multiplices
541 1048 681 1081 virtutis
697 1046 888 1079 adiutores.

570 1131 769 1176 [Strophe
802 1126 853 1175 2]

260 1203 453 1250 Quomodo
485 1200 592 1245 igitur
619 1208 802 1232 sacrorum
823 1195 1013 1229 fluviorum

258 1258 330 1289 Aut
356 1254 438 1287 urbs
465 1258 526 1285 aut
552 1250 750 1283 amicorum

259 1306 370 1349 Regio
400 1311 432 1337 te
456 1302 614 1346 recipiet,

257 1355 531 1391 interfectricem
558 1359 703 1385 tuorum
730 1348 938 1387 liberorum,

208 1409 282 1444 850
306 1408 406 1453 Quae
433 1417 507 1439 non
534 1416 570 1437 es
592 1400 739 1436 sancta?
763 1412 842 1432 cnm
868 1399 945 1433 aliis

259 1458 453 1492 Considera
477 1456 672 1488 liberorum
698 1452 852 1496 plagam,

259 1510 446 1547 Delibera,
470 1505 574 1552 quale
600 1502 833 1548 parricidium
860 1500 1040 1544 suscipias.

259 1562 361 1600 Non,
383 1570 446 1603 per
469 1568 583 1601 genua
608 1561 642 1587 te
669 1565 791 1586 omnes

261 1610 442 1655 Supplices
465 1605 693 1641 vehementer
717 1615 873 1641 oramus,

211 1662 284 1697 855
308 1662 390 1696 Non
415 1658 604 1692 interficias
629 1663 709 1689 tuos
735 1655 877 1687 liberos.

501 1739 813 1790 [Antisti-ephe
844 1733 901 1782 2]

263 1813 454 1859 Quomodo
484 1809 734 1844 confidentiam
759 1807 795 1839 in
822 1805 926 1839 corde
948 1803 1002 1836 vel

262 1865 394 1903 Manu,
417 1864 458 1895 de
484 1861 553 1894 tuis
576 1860 694 1893 liberis

264 1916 309 1950 Et
336 1914 456 1947 animo
480 1923 608 1950 sumes,

263 1967 423 2000 Afferens
447 1964 639 1995 immanem
664 1955 875 1991 audaciam?

214 2020 287 2054 860
314 2015 505 2061 Quomodo
529 2012 650 2046 oculos
675 2010 868 2042 admovens

264 2067 402 2101 Liberis
426 2066 499 2099 sine
523 2060 713 2107 lachrymis

265 2115 497 2153 Continebis?
525 2126 599 2147 non
627 2109 760 2157 poteris
788 2109 825 2140 in
848 2108 964 2147 caede,

264 2169 389 2203 Pueris
414 2165 630 2211 supplicibus
655 2159 872 2198 cadentibus,

266 2220 488 2254 Madefacere
508 2227 656 2249 manum
682 2212 786 2246 caede
812 2215 994 2243 cruentam

219 2270 291 2306 865
317 2270 355 2303 In
379 2269 509 2302 misero
533 2266 666 2300 animo.

244 2358 403 2401 [lasom
436 2353 605 2390 Medea,
647 2349 836 2386 Chorus,
867 2343 1172 2392 Paedayoqus]

271 2426 338 2457 Ias.
363 2418 478 2452 Venio
504 2423 670 2453 vocatus3
698 2420 732 2447 et
749 2425 967 2459 quamquam
986 2424 1020 2446 es
1037 2412 1175 2453 infesta,

269 2474 410 2506 Tamen
433 2481 508 2502 non
533 2465 760 2501 frustraberis
784 2462 850 2497 hac
875 2476 932 2504 re,
955 2464 1014 2498 sed
1032 2464 1188 2505 audiam,

272 2522 369 2569 Quid
393 2520 479 2553 novi
504 2531 545 2552 ex
569 2530 626 2551 me
647 2517 732 2550 velis
753 2515 892 2549 mulier.

271 2575 364 2609 Med.
387 2570 510 2610 Iason,
532 2580 620 2613 rogo
645 2574 698 2607 te,
728 2573 767 2600 ut
795 2578 835 2599 ea
858 2563 967 2605 mihi,
996 2567 1200 2610 quaejdicta

631 2624 724 2657 sunt,

224 2678 298 2712 870
323 2674 532 2711 Condones,
554 2676 588 2704 et
615 2680 730 2702 meam
753 2667 974 2700 iracundiam
999 2667 1139 2703 toleres.

787 95 909 132 PHIL.
944 95 1056 132 MEL.
1091 95 1291 132 SCRIPTA
1324 98 1659 134 PHILOLOGICA.

2161 101 2234 137 476

1301 184 1431 219 Merito
1447 185 1483 218 id
1498 185 1582 219 facis
1593 211 1602 225 ‚
1621 183 1703 230 quia
1720 190 1803 217 sunt
1819 186 1930 219 multa
1945 186 2114 220 beneficia
2132 199 2226 231 prae-

1661 234 1741 268 stita
1767 235 1860 269 inter
1883 249 1949 271 nos
1967 244 2105 273 mutuo.

1301 287 1376 331 Ego
1402 299 1487 320 vero
1512 298 1651 319 mecum
1674 287 1907 330 expostulavi,

1299 339 1345 371 Et
1375 336 1571 371 conviciata
1595 336 1730 383 sum⁶⁹)
1754 335 1861 371 mihi:
1894 339 2043 378 misera,
2074 339 2158 384 quid
2180 339 2234 372 in-

1662 387 1775 428 sanio,

1300 438 1346 471 Et
1369 440 1502 474 irascor
1528 438 1614 480 illis,
1643 439 1704 484 qui
1728 436 1816 471 mihi
1837 438 1928 471 bene
1951 440 2166 473 consulunt?

1251 488 1324 526 875
1349 490 1420 523 Odi
1445 490 1630 523 dominum
1658 488 1762 524 huius
1785 496 1913 530 terrae,

1299 540 1345 574 Et
1368 542 1556 581 maritum,
1581 541 1643 586 qui
1663 547 1767 585 parat
1788 538 1877 574 mihi
1900 539 2101 582 utilissima,

1301 592 1442 626 Ducens
1466 592 1619 637 puellam
1645 592 1799 635 regiam,
1823 598 1857 625 et
1880 592 2006 625 fratres
2028 591 2149 626 liberis

1300 643 1389 677 Meis
1412 641 1582 687 gignens?
1612 654 1657 675 an
1682 654 1757 675 non
1778 643 1935 676 desinam
1963 643 2105 676 tandem

1302 693 1430 728 Irasci?
1456 694 1542 740 quid
1567 694 1691 733 doleo,
1716 706 1794 726 cum
1819 693 1881 726 Dii
1903 694 1988 726 dent
2009 694 2129 727 bona?

1251 746 1324 780 880
1349 746 1477 780 Nonne
1501 751 1583 779 sunt
1603 743 1691 777 mihi
1716 744 1843 778 liberi?
1867 744 1939 778 scio
1966 757 1983 777 e
2005 751 2098 779 terra

1300 797 1491 840 Fugitnros
1513 809 1597 836 nos,
1620 802 1654 828 et
1676 795 1848 829 carituros
1870 795 2003 829 amicis.

1300 848 1394 881 Haec
1419 847 1576 891 cogitans
1597 847 1689 880 sensi
1713 859 1769 880 me
1793 846 1990 880 inconsulte

1300 900 1503 933 Admodum
1524 898 1663 938 fecisse,
1692 904 1725 930 et
1746 898 1876 931 frustra
1900 897 2027 931 iratam
2054 910 2138 932 esse.

1300 950 1402 984 Nunc
1420 949 1526 993 igitur
1535 950 1642 983 laudo
1659 955 1704 988 te,
1715 955 1747 981 et
1763 947 1989 982 mihivideris
1997 955 2090 982 recte
2106 950 2232 991 facere,

1251 999 1324 1035 885
1348 1001 1419 1045 Qui
1437 1000 1666 1044 assumpseris
1681 999 1784 1033 nobis
1800 998 1893 1033 hanc
1909 1000 2137 1040 asfinitatem;
2167 1014 2230 1046 ego

1662 1051 1781 1091 stulta,

1302 1102 1419 1146 Quam
1444 1103 1633 1146 oportebat
1652 1102 1782 1136 sociam
1807 1114 1879 1135 esse
1902 1099 2007 1135 huius
2031 1102 2182 1143 consilii,

1300 1153 1345 1185 Et
1369 1153 1536 1186 adiuvare
1559 1166 1617 1193 ea,
1642 1160 1676 1186 et
1699 1153 1853 1186 assidere
1879 1152 1981 1191 lecto,

1298 1203 1344 1236 Et
1370 1204 1542 1247 gaudere,
1567 1205 1662 1249 quod
1687 1215 1816 1247 sponsa
1844 1209 1878 1235 te
1901 1208 2010 1236 curet.

1301 1254 1400 1295 „Sed
1431 1267 1553 1288 sumus
1583 1255 1671 1294 tale,
1705 1254 1809 1298 quale
1839 1265 1980 1293 sumus,
2013 1265 2087 1286 non
2116 1253 2229 1287 dicam

1658 1305 1806 1345 malum,

1251 1356 1325 1390 890
1356 1355 1575 1397 „Mulieres3
1613 1362 1646 1388 te
1674 1368 1749 1388 non
1781 1360 1922 1399 oportet
1953 1354 2087 1388 imitari
2118 1356 2231 1389 malos

1660 1417 1776 1439 mores
1800 1411 1953 1445 nostros,

1299 1456 1453 1502 „Neque
1477 1456 1624 1489 reddere
1649 1456 1752 1490 stulta
1776 1468 1842 1500 pro
1866 1455 1993 1488 stultis.

1300 1508 1482 1551 Deprecor
1510 1513 1544 1540 et
1564 1506 1642 1540 dico
1669 1519 1726 1540 me
1748 1507 1840 1539 male
1865 1505 2010 1539 sensisse

1299 1558 1419 1596 Tunc;
1446 1570 1541 1591 nunc
1565 1558 1691 1591 melius
1714 1556 1800 1590 haec
1830 1555 2063 1589 consideravi.

1296 1609 1329 1642 O
1352 1609 1472 1649 liberi,
1494 1608 1610 1641 venite
1635 1606 1723 1649 huc,
1743 1606 1931 1651 relinquite
1955 1607 2114 1640 domum.

1249 1658 1323 1699 895
1347 1660 1468 1699 Exite,
1492 1659 1641 1692 salutate
1668 1665 1703 1692 et
1728 1658 1936 1701 compellate

1299 1711 1443 1744 Patrem
1467 1710 1671 1750 nobiscum,
1694 1716 1728 1742 et
1748 1709 1853 1743 simul
1873 1708 2154 1741 reconciliamini

1299 1762 1354 1795 Ex
1376 1761 1488 1806 priori
1513 1761 1565 1794 ira
1591 1762 1758 1794 adversus
1779 1759 1911 1792 amicos
1933 1771 2011 1793 cum
2035 1766 2160 1799 matre,

1299 1813 1439 1845 Foedus
1468 1818 1518 1845 est
1544 1812 1665 1851 nobis,
1694 1818 1727 1844 et
1750 1816 1884 1844 mutata
1910 1816 1961 1843 est
1987 1809 2052 1843 ira.

1299 1861 1514 1897 Prehendite
1539 1864 1712 1895 dextram.
1763 1861 1841 1893 Heu
1866 1857 1967 1900 mihi,

1250 1915 1324 1949 900
1350 1914 1438 1947 Cum
1462 1913 1577 1957 cogito
1604 1914 1646 1945 de
1670 1912 1845 1951 facinore,
1872 1911 1968 1955 quod
1993 1911 2142 1945 occulto.

1301 1965 1334 1999 O
1352 1964 1474 2004 liberi,
1501 1964 1549 1997 sic
1569 1976 1632 1996 vos
1656 1963 1801 2006 longum
1827 1961 2045 2007 tempus⁶⁹³)
2067 1962 2195 1996 victuri

1298 2017 1469 2049 Praebete
1494 2013 1618 2048 charas
1645 2026 1783 2046 manus.
1836 2012 1966 2046 Misera
1994 2025 2070 2057 ego,

1302 2067 1351 2100 Ut
1365 2078 1438 2099 non
1456 2078 1599 2110 possum
1616 2064 1812 2109 reprimere
1827 2062 2047 2108 lachrymas,
2073 2070 2106 2096 et
2123 2075 2230 2109 quam

1662 2128 1739 2149 sum
1766 2115 1868 2158 plena
1892 2115 2022 2148 metus!

1302 2167 1354 2201 Ex
1374 2168 1482 2211 longo
1505 2167 1693 2200 intervallo
1720 2171 1866 2209 propter
1891 2164 2153 2198 contentionem
2173 2165 2234 2198 ab-

1656 2218 1786 2250 ducens
1812 2227 1874 2248 vos
1896 2228 1913 2248 a
1937 2222 2051 2260 patre,

1253 2267 1326 2303 905
1350 2267 1483 2312 Impleo
1510 2275 1651 2301 teneros
1679 2265 1744 2300 hos
1771 2266 1891 2300 oculos
1918 2265 2120 2312 lachrymis.

1304 2321 1400 2355 Chor.
1423 2319 1470 2352 Et
1493 2317 1581 2352 mihi
1608 2323 1800 2361 erumpunt
1817 2329 1858 2350 ex
1875 2318 1984 2351 oculis
2006 2323 2162 2351 recentes
2183 2316 2234 2348 la-

1665 2366 1843 2412 chrymae.

1303 2421 1418 2466 Atque
1437 2420 1573 2454 utinam
1588 2431 1662 2453 non
1680 2419 1807 2452 evadat
1825 2418 1938 2452 maius
1955 2418 2088 2451 malum
2100 2444 2109 2458 ‚
2125 2428 2231 2463 quam

1663 2482 1757 2504 nunc
1783 2476 1844 2504 est.

1288 2580 1335 2613 69)
1363 2581 1399 2604 Et
1416 2578 1570 2603 conviciata
1588 2576 1660 2609 sum]
1688 2577 1730 2602 sic
1748 2578 1794 2610 (=
1812 2577 1905 2607 Eurip.
1928 2572 2124 2608 κιῗλοιδόρησα)
2154 2574 2237 2599 Editt.

1325 2614 1411 2645 1562,
1430 2615 1524 2644 Barn.,
1542 2614 1659 2643 Musgr.‚
1678 2613 1754 2643 Fix.;
1780 2613 1829 2637 Ed.
1846 2612 1920 2635 1558.
1939 2612 1974 2635 Et
1992 2609 2145 2634 conviciata
2163 2611 2235 2633 sunt.

1291 2649 1357 2676 69³2)
1376 2649 1487 2679 longum
1505 2645 1622 2678 tempus]
1642 2647 1683 2671 sic
1700 2647 1785 2672 Editt.
1804 2648 1926 2676 recent.;
1951 2645 2035 2671 Editt.
2055 2643 2141 2674 ¹558,
2161 2642 2235 2667 1552.

1326 2684 1408 2714 longo
1428 2684 1559 2712 tempore.
