2373 2980
102 83 171 117 781
618 82 725 116 LXV.
783 78 1180 116 [NTERPRETATIO
1203 80 1342 115 RHESI
1369 79 1618 114 EURIPIDIS.
2066 82 2137 116 782

437 165 649 215 [Strophe
686 166 740 215 1.]
1118 210 1121 216 ¹
1303 166 1532 215 [Nuntius,
1573 169 1747 207 Hector,
1782 165 1974 214 Chorus]

153 245 251 279 Char,
277 240 527 288 Thymbraee,
550 243 672 285 Delie,
697 250 732 278 et
748 243 879 290 Lyciae
1118 264 1120 282 Ι
1197 235 1347 282 Mamm)
1382 235 1558 276 Domine,
1594 235 1720 269 talium
1752 247 1873 269 rerum
1897 236 1963 269 sim
1992 235 2138 268 nuntius

99 293 175 332 225
201 294 271 327 Per
285 295 459 339 templum
478 296 643 339 gradiens
1117 286 1121 341 l
1560 287 1716 321 dominis

150 345 300 390 Apollo,
325 358 345 379 o
366 347 529 381 divinum
546 353 672 392 caput,
697 346 819 381 venias
1118 345 1120 374 ῑ
1147 334 1222 371 265
1265 336 1385 370 Etiam
1420 338 1608 382 deinceps,
1649 338 1770 384 quales
1799 350 1893 372 nunc
1922 338 1987 372 tibi
2015 337 2137 371 adfero

149 396 377 439 Arcitenens,
400 400 521 433 adesto
541 400 577 432 in
593 397 659 432 hac
674 405 791 437 nocte,
1564 390 1838 434 cognoscendas.

151 447 234 482 Dux
256 449 421 483 salutaris
1198 440 1292 474 Hect.
1315 438 1480 473 Profecto
1499 440 1611 474 multa
1628 441 1768 475 rusticis
1787 442 1941 475 absurda
1964 441 2085 475 insunt
2102 439 2139 472 in

151 499 243 533 Huic
262 501 341 534 viro
365 501 503 534 itineris
1560 491 1694 526 animo.

98 551 173 587 230
194 551 296 592 Eas,
319 558 352 585 et
372 553 548 597 opitulare
566 550 796 591 Dardanidis,
1197 540 1341 574 Etenim
1360 543 1402 575 de
1421 542 1603 586 gregibus,
1633 543 1788 577 dominis
1805 543 1951 577 armatis

150 602 183 636 Ο
201 603 449 648 omnipotens,
474 616 494 637 ο
515 603 576 648 qui
594 603 727 636 Troiae
1198 592 1339 627 Videris
1371 594 1492 627 venire
1523 594 1753 628 nuntiaturus
1781 594 1936 640 aliquid,
1975 593 2036 627 ubi
2064 604 2139 626 non

149 655 327 700 Antiquos
342 668 465 689 muros
483 654 687 688 aedificasti.
1562 646 1673 680 decet·

1197 694 1325 729 Nonne
1345 695 1410 730 scis
1429 696 1576 730 domum
1596 710 1734 739 meam,
1758 703 1819 731 aut
1835 697 1953 731 sedem
1970 696 2094 740 patris,

1146 747 1220 781 270
1249 746 1388 792 Quibus
1422 755 1564 792 oportet
1594 749 1710 782 dicere
1742 750 1785 782 de
1816 748 1980 793 gregibus
2010 747 2138 781 floren-

399 772 713 821 [Antistroplze
741 771 795 819 1.]
1561 801 1677 835 tibus?

149 850 279 884 Veniat
297 851 341 883 ad
357 851 499 883 navalia
520 851 691 884 exercitus
1117 842 1120 864 ³
1196 852 1290 884 Xan.
1312 849 1386 884 Nos
1406 857 1565 895 pastores
1584 864 1705 886 sumus
1723 850 1854 896 inepti,
1875 851 2007 883 fateor:

149 902 361 936 Graecanici
378 902 597 946 speculator3
1197 899 1442 936 Nihilominus
1458 903 1567 936 affero
1586 904 1650 937 tibi
1665 915 1848 938 sermones
1865 902 1992 946 dignos
2009 912 2104 936 cura.

148 1004 287 1038 Domus
304 1005 460 1049 patriae;
1196 1002 1237 1036 In
1256 1005 1421 1039 manibus
1439 1006 1594 1050 gerimus
1612 1007 1748 1052 proelia
1766 1013 1800 1040 et
1815 1004 1947 1040 hastas.

148 1053 364 1090 Phthiarum
384 1067 558 1101 equarum
1145 1054 1220 1090 275
1246 1058 1339 1090 Nem.
1362 1057 1465 1090 Talia
1485 1064 1520 1090 et
1536 1070 1600 1101 ego
1618 1058 1880 1103 significaturus
1898 1057 1996 1095 veni3

148 1107 328 1141 Ascendat
343 1119 449 1152 super
469 1119 626 1146 currum,
1198 1106 1278 1139 Dux
1296 1107 1390 1140 enim
1409 1109 1532 1152 magni
1552 1110 1724 1144 exercitus

146 1160 284 1193 Graeco
302 1171 477 1204 equarum
496 1158 644 1191 domino
664 1163 848 1203 pereunte,
1197 1158 1305 1191 Venit
1320 1159 1384 1192 tibi
1400 1160 1534 1195 amicus
1551 1167 1585 1193 ct
1601 1161 1716 1195 socius
1731 1158 1837 1194 huius
1854 1166 1983 1193 terrae.

99 1209 174 1245 240
197 1210 296 1255 Quas
312 1210 488 1243 Aeacidae
506 1209 667 1243 marinus
1197 1212 1292 1244 Hect.
1316 1210 1425 1245 Cuius
1441 1212 1580 1256 patriae
1597 1219 1713 1246 terrae
1731 1212 1846 1246 solum
1863 1211 2049 1245 deserens?

149 1260 247 1295 Deus
264 1262 325 1294 dat
340 1261 460 1295 Peleo.
1199 1264 1290 1295 Νιωι.
1313 1260 1501 1297 Thraciae.
1549 1264 1751 1310 Strymonis
1768 1275 1853 1296 vero
1869 1270 2017 1296 vocatur
2035 1261 2137 1296 filius.

1146 1313 1221 1348 280
1243 1315 1338 1348 Heet.
1365 1312 1525 1349 Rhesum
1543 1316 1726 1349 advenisse
1743 1326 1869 1349 narras
1888 1315 1926 1347 in
1942 1313 2092 1347 Troiam
2101 1314 2116 1345 ἐ)

1197 1367 1291 1398 Nun.
1315 1366 1404 1404 Scis;
1431 1367 1557 1401 levasti
1573 1380 1629 1400 me
1647 1367 1801 1401 maxima
1820 1373 1921 1412 parte
1936 1365 2123 1400 sermonis.

1196 1418 1291 1450 lieet.
1306 1416 1352 1450 Et
1370 1420 1553 1463 quomodo
1570 1420 1614 1452 ad
1631 1418 1712 1452 Idae
1733 1419 1839 1453 colles
1855 1418 1923 1451 iter
1939 1417 2034 1457 facit,

1196 1467 1377 1502 Aberrans
1395 1481 1413 1501 a
1430 1470 1502 1502 lata
1522 1471 1711 1515 campestri
1729 1477 1763 1504 et
1780 1469 1995 1515 plaustraria
2013 1467 2095 1500 via?

1194 1521 1288 1553 qun.
1312 1520 1394 1553 Non
1412 1521 1501 1559 scio;
1523 1523 1583 1556 sed
1605 1522 1781 1555 coniicere
1801 1521 1893 1555 licet.

1171 1568 1218 1604 85
1242 1570 1324 1605 Non
1340 1578 1391 1605 est
1408 1573 1602 1608 absurdum
1621 1580 1730 1608 noctu
1746 1574 1875 1607 ducere
1894 1571 2085 1606 exercitum

1194 1621 1286 1656 Eum
1298 1650 1306 1663 ,
1331 1623 1393 1669 qui
1414 1625 1551 1659 audivit
1570 1637 1715 1671 campos
1733 1626 1858 1670 plenos
1877 1636 1950 1658 esse
1969 1622 2134 1656 exercitu.

1193 1673 1386 1708 Terrorem
1406 1689 1491 1710 vero
1506 1677 1666 1718 rusticis,
1690 1677 1803 1722 quiin
1820 1675 1927 1709 Idaeo
1947 1681 2069 1708 monte

1194 1725 1407 1761 Habitamus
1424 1740 1488 1772 per
1504 1729 1679 1762 silvestria
1698 1729 1776 1762 loca
1793 1735 1941 1767 terram,

1195 1775 1359 1819 incussit,
1401 1786 1510 1814 noctu
1542 1780 1710 1814 incedens
1743 1791 1807 1825 per
1835 1779 1962 1813 saltum
1988 1777 2133 1822 plenum

455 1376 657 1425 [strophe
686 1379 739 1422 2.]

148 1455 241 1500 Quia
258 1465 324 1498 pro
342 1452 508 1486 domibus

146 1505 193 1539 Et
208 1517 274 1550 pro
292 1504 408 1550 patria
424 1505 519 1538 solus
537 1504 644 1538 audet

148 1557 205 1590 Ad
233 1556 405 1590 stationes
419 1555 567 1590 navium
591 1555 642 1589 ire
661 1556 879 1601 speculator:

95 1606 171 1646 245
198 1608 347 1649 „Probo
367 1607 479 1641 animi
495 1608 623 1644 robur;
650 1614 742 1642 certe
760 1619 890 1652 magna
908 1607 1037 1642 raritas

144 1658 208 1693 Est
225 1660 404 1692 bonorum
417 1685 426 1699 ,
454 1659 598 1705 quando
617 1665 667 1692 est

144 1709 185 1743 In
200 1710 359 1755 periculo

144 1761 192 1795 Et
206 1762 355 1796 fluctuat
372 1761 507 1795 civitas.

145 1812 209 1848 Est
224 1811 409 1859 Phrygum
427 1811 555 1857 aliquis
567 1838 576 1852 ‚
595 1817 645 1845 est
659 1813 773 1847 fortis,

97 952 173 989 235
196 953 345 993 Veniat,
369 960 403 986 et
420 959 622 988 revertatur
639 965 761 988 rursus
779 953 822 985 ad
840 963 918 986 aras
1197 954 1292 987 Hect.
1318 953 1448 988 Desine
1467 955 1583 988 dicere
1604 953 1692 988 mihi
1714 955 1864 988 villanas
1880 955 2060 990 sortuuas3

1115 1567 1119 1586 i

1143 1573 1165 1605 Ν)

1609 1844 1616 1863 l
1639 1856 1648 1866 ι

92 1861 168 1899 259
202 1865 313 1898 Adest
334 1876 478 1911 quoque
509 1863 578 1897 illis
601 1865 749 1897 audacia
782 1864 816 1896 in
842 1876 960 1910 pugna
989 1866 1081 1909 ‘'Pffll
1139 1879 1214 1916 290
1231 1879 1366 1925 Magno
1383 1832 1781 1926 clangorefffl'rhsracensis
1797 1881 1970 1916 exercitus
1987 1880 2132 1915 veniens

503 1914 637 1960 MysOS,
1190 1930 1277 1966 lbat.
1331 1932 1484 1978 stupore
1500 1947 1566 1968 nos
1581 1933 1799 1968 consternati
1815 1934 1953 1978 agimus

143 1966 215 2012 Qffl
234 1966 357 2012 Mysus
377 1978 472 2000 nunc
490 1967 638 2011 neghg‘t
653 1979 773 2001 meum
796 1968 979 2003 auxlhum·
1189 1982 1322 2028 Greges
1338 1985 1376 2018 in
1394 1987 1616 2020 summitates
1637 1986 1835 2025 montium,
1862 1997 1907 2018 ne
1925 1984 2004 2031 quis
2020 1983 2131 2018 Grae-

1553 2049 1676 2071 corum
1694 2038 1876 2071 accederet

392 2084 441 2130 [A
452 2087 701 2130 nti-strophe
733 2088 785 2132 2.]
1188 2084 1364 2121 Praedam
1392 2088 1602 2129 abacturus,
1627 2096 1662 2123 et
1684 2095 1743 2123 tua
1769 2088 2051 2134 depopulaturus
2073 2097 2129 2119 ar-

1548 2148 1667 2174 menta
1682 2168 1691 2181 ,

1185 2187 1401 2236 Priusquam
1422 2204 1487 2236 per
1504 2203 1606 2226 aures
1625 2205 1748 2226 vocem
1768 2203 1843 2225 non
1858 2191 2032 2225 Graecam

1132 2237 1207 2275 295
1232 2240 1465 2287 Accepimus,
1491 2250 1526 2276 et
1543 2244 1744 2278 destitimus
1760 2256 1778 2276 a
1796 2248 1904 2276 metu.

1181 2290 1324 2327 Vadens
1340 2307 1426 2327 vero
1444 2294 1536 2338 regis
1553 2295 1648 2329 illius
1665 2301 1880 2329 scrutatores
1900 2290 2073 2327 exercitus

1180 2340 1403 2388 Interrogavi
1420 2343 1577 2379 Thracio
1594 2358 1771 2387 sermone,

1180 2393 1269 2439 Quis
1287 2396 1331 2428 sit
1348 2398 1439 2437 dux,
1465 2403 1499 2429 et
1516 2397 1610 2430 cuias
1629 2404 1787 2438 vocatus,

1178 2444 1310 2489 Pergat
1327 2449 1371 2480 ad
1390 2448 1514 2481 urbem
1531 2448 1700 2483 Troianis
1716 2448 1848 2486 socius;

1127 2495 1202 2529 300
1232 2496 1278 2530 Et
1303 2510 1383 2531 cum
1409 2500 1530 2532 omnia
1554 2500 1790 2542 audivissem,
1816 2511 1906 2545 quae
1932 2495 2117 2542 cupiebam

1536 2564 1637 2592 scu-e,

137 2158 252 2204 Quem
270 2159 389 2194 virum
407 2173 446 2194 ex
462 2159 607 2195 Achivis

135 2211 263 2244 Viator
278 2209 335 2245 hic
353 2212 581 2252 interficiens,

83 2260 159 2301 255
181 2262 394 2297 vulnerabit
411 2263 448 2296 in
465 2264 642 2304 tentoriis,

134 2314 278 2348 Habens
292 2315 531 2348 imitationem
549 2317 792 2362 quadrupedis
808 2317 844 2350 in

132 2365 230 2399 Pelle
247 2365 409 2399 belluae?
461 2367 609 2400 Utinam
629 2367 833 2402 Menelaum
853 2369 1060 2409 interficiat;

8 2445 9 2452 ,
131 2416 280 2450 Peracta
295 2430 381 2451 vero
400 2419 523 2459 caede,
545 2419 872 2464 Agamemnonium

5 2467 9 2509 ᾗ
134 2466 250 2512 Caput
267 2469 392 2502 afferat
408 2469 565 2503 Helenae

81 2518 156 2555 260
176 2517 217 2552 In
232 2531 380 2562 manus,
400 2521 534 2555 luctum
555 2522 598 2555 de
613 2522 709 2556 malo
726 2524 843 2564 affine,

132 2569 205 2616 Qui
222 2572 266 2604 ad
282 2578 438 2606 scortum
1100 2606 1101 2610 ,

127 2620 175 2655 Et
193 2622 238 2655 ad
257 2621 406 2656 Troiam
424 2623 521 2657 mine
1097 2616 1101 2675 ξ

128 2672 285 2707 Navium
304 2674 402 2708 venit
417 2672 551 2709 habens
570 2676 774 2711 exercitum.
1094 2678 1100 2725 Ι

1161 2663 1372 2725 ΙὲὶὶΝιιιηίίαε]
1392 2666 1433 2691 sic
1452 2667 1536 2692 Editt.
1558 2669 1650 2698 1558„
1672 2669 1763 2697 1562„
1789 2669 1868 2697 Fix.;
1892 2668 1992 2696 Bam„
2010 2665 2115 2694 Musgr.

1218 2706 1252 2724 as
1268 2707 1310 2724 or.
