2373 2980
221 78 294 112 899
799 73 919 108 PHIL.
959 75 1069 109 MEL.
1103 75 1302 110 sCfflPTA
1331 75 1663 112 PHILOLOGICA.
2175 83 2248 117 900

219 163 292 198 540
320 164 385 198 Sil.
412 161 457 194 Et
476 162 517 193 ad
535 166 669 193 aestum
687 159 770 193 solis
789 157 976 203 pulchrum
1000 167 1051 194 est
1067 162 1188 196 bibere
1200 189 1209 203 ,
1314 162 1350 196 Si
1366 162 1551 207 reliqueris
1568 161 1703 207 aliquid
1715 187 1724 201 ,
1753 163 1918 197 arefaciet
1937 170 1970 198 te
1986 164 2158 201 Bacchus.

271 214 467 247 Accumbas
487 210 553 244 huc
574 222 709 255 ponens
727 210 838 243 latera
857 210 892 243 in
913 218 1020 246 terra.
1316 215 1404 257 Cycl.
1432 212 1491 252 Iu,
1520 213 1575 252 iu,

273 266 360 309 syc-I.
390 264 479 296 Ecce
498 274 606 308 quare
625 268 796 294 craterem
816 268 895 305 post
912 275 967 295 me
985 263 1114 307 ponis?
1316 265 1364 297 Ut
1381 263 1549 296 inclinavi
1563 262 1640 302 vix,
1668 275 1764 295 mera
1784 270 1835 297 est
1849 266 1961 308 gratia
1973 293 1982 307 ‚

272 318 337 350 Sil.
373 315 423 349 Ne
450 326 616 358 praesens
642 313 770 357 aliquis
795 312 1052 357 apprehendat.
1125 317 1214 360 GycL
1316 315 1463 348 Coelum
1480 312 1569 347 mihi
1586 313 1734 346 mixtum
1754 314 1895 349 videtur

631 363 758 396 Bibere
780 364 887 407 igitur
1266 364 1340 399 575
1368 366 1522 406 Terrae,
1549 364 1635 398 ferri
1652 364 1745 399 lox-is
1762 363 1932 400 thronum

271 417 477 450 Clanculum
498 422 535 449 tu
553 415 620 451 vis;
649 427 761 459 ponas
779 415 895 459 ipsum
914 416 951 449 in
970 417 1137 451 medium.
1317 416 1430 449 'Video
1443 443 1452 456 ,
1479 423 1513 449 et
1530 416 1649 449 omnia
1668 416 1828 451 numina.

222 468 295 503 545
323 469 378 501 Tu
398 479 500 505 vero,
529 465 676 510 hospes,
713 465 767 499 dic
790 478 941 507 nomen,
977 470 1158 514 quomodo
1182 476 1213 500 te
1316 468 1399 502 Bon
1415 468 1519 500 velim
1539 467 1710 507 osculari,
1735 468 1763 501 si
1783 466 1943 503 Charites
1961 470 2056 514 ipsae
2075 483 2129 504 me
2157 484 2255 505 oscu-

631 523 773 561 oportet
796 518 943 551 vocari?
1675 519 1743 551 lari
1763 527 1998 559 conarentur3

277 572 382 615 t'lyss.
412 569 619 606 Neminem
648 568 783 614 aliquid
799 569 958 603 beneficii
983 570 1157 614 accipiens
1182 577 1214 603 te
1319 570 1528 615 Quiescam,
1554 576 1740 603 contentus
1757 568 1824 604 hoc
1841 571 2069 617 Ganymede,

634 619 839 654 laudavero.
1239 623 1243 664 ξ
1316 621 1523 655 Rectissime
1535 647 1544 661 ,
1572 633 1634 665 per
1647 621 1800 656 Gratias.
1852 622 2017 657 Delector
2033 629 2148 656 autem
2169 626 2259 669 quo-'

275 673 363 716 Cycl.
392 671 476 704 Post
493 682 615 704 omnes
632 671 746 705 socios
763 677 795 704 te
815 672 997 715 epulabor.
1240 665 1242 696 !
1681 673 1761 705 dam
1779 674 1887 707 modo

277 725 385 767 Ulyss.
412 721 602 766 Egregium
620 734 748 756 munus
764 720 895 766 hospiti
912 724 993 763 das,
1022 723 1182 768 Cyclops.
1239 700 1242 767 ξ
1267 721 1341 757 580
1369 723 1444 756 Hac
1459 736 1497 756 re
1515 723 1626 767 magis
1642 735 1748 768 quam
1766 725 1984 759 mulieribus.

272 776 360 818 Cycl.
387 775 479 817 Age,
507 774 592 819 quid
609 772 707 816 agis?
736 773 857 807 vinum
875 774 985 807 ebibis
1005 775 1092 807 clam
1105 774 1119 806 ’.Ρ
1240 771 1242 801 ἶ
1318 776 1384 809 Sil.
1410 774 1485 818 Ego
1507 774 1601 807 enim
1619 787 1695 808 sum
1711 773 1804 809 Iovis
1824 776 2067 821 Ganymedes,
2096 776 2255 821 Cyclops.

223 824 298 859 550
323 826 387 860 Sil.
423 825 523 864 Non,
563 825 622 858 sed
648 836 703 856 me
725 824 782 857 ille
807 825 982 859 osculatus
1008 832 1077 865 est,
1118 826 1214 871 quod
1319 827 1407 868 Cycl.
1435 824 1485 858 lta
1512 838 1574 870 per
1599 825 1739 865 Iovem,
1773 839 1877 872 quem
1907 840 1970 872 ego
1995 828 2096 871 rapio
2124 841 2141 860 a
2165 827 2256 860 Dar-

632 880 705 907 tam
722 875 898 909 formosus
916 888 1006 910 sum.
1239 893 1241 912 2
1677 878 1785 911 dano.

273 929 359 971 Cycl.
377 926 551 965 Plorabis,
569 936 692 958 amans
706 925 842 965 vinum,
859 928 955 971 quod
969 938 1043 959 non
1058 933 1155 959 amat
1169 933 1213 960 te.
1239 919 1241 953 ῗ
1317 928 1383 961 Se'l.
1411 927 1527 967 Perii,
1556 940 1575 960 o
1594 928 1676 968 filii,
1704 928 1814 972 impia
1833 929 1949 973 patiar
1966 929 2071 963 mala.

273 980 338 1013 Sil.
366 977 447 1012 Non
476 989 538 1020 per
557 975 698 1015 Iovem,
734 976 817 1021 quia
842 983 874 1009 te
899 977 985 1011 dicis
1011 990 1131 1010 amare
1157 990 1212 1011 me
1238 976 1240 1020 ξ
1317 979 1413 1012 Cleor.
1447 977 1693 1023 Reprehendis
1727 986 1942 1020 amatorem,
1985 987 2019 1013 et
2054 981 2090 1013 in
2123 981 2257 1015 deliciis

635 1024 835 1070 pulchrum.
1238 1022 1240 1068 ξ
1672 1035 1809 1074 potum.

274 1081 361 1123 Cycl.
390 1078 538 1112 infunde
556 1077 699 1122 plenum
717 1078 905 1121 poculum,
932 1080 974 1112 da
994 1085 1145 1113 tantum.
1237 1076 1240 1116 Ῑ
1265 1077 1340 1112 585
1366 1081 1431 1113 Sil.
1466 1080 1545 1113 Heu
1568 1081 1833 1114 acerbissimum
1865 1093 2030 1115 somnum
2049 1083 2095 1129 ²³)
2127 1082 2255 1116 videbo

271 1133 336 1165 Sil.
372 1131 564 1175 Quomodo
591 1135 641 1162 est
666 1135 922 1173 temperatum,
964 1130 1038 1163 sine
1063 1143 1211 1174 praegu-
1672 1131 1753 1165 cito.

634 1186 734 1213 stem.

1319 1183 1428 1224 Ulyss.
1455 1182 1558 1226 Agite
1570 1208 1579 1221 ,
1597 1181 1733 1226 Satyri,
1761 1183 1922 1226 generosi
1938 1182 2014 1221 filii,

1314 1231 1412 1266 Intus
1431 1239 1482 1266 est
1499 1233 1553 1265 vir
1572 1245 1698 1265 somno
1718 1233 1873 1273 solutus,

1315 1283 1393 1317 Cito
1414 1296 1454 1316 ex
1471 1285 1569 1318 tetris
1584 1284 1743 1317 faucibus
1761 1284 1876 1317 eiiciet
1893 1295 2034 1323 carnes,

269 1336 449 1369 Coronam
467 1334 589 1366 videro
609 1333 838 1377 accipientem
851 1359 860 1373 ‚
889 1333 1037 1377 gustabo
1057 1331 1184 1368 adhuc,
1236 1327 1239 1339 ¹
1314 1334 1359 1367 Et
1374 1335 1480 1368 torris
1498 1335 1535 1367 in
1552 1335 1630 1368 aula
1651 1336 1782 1375 fumat,

271 1387 359 1430 Gyel.
384 1386 417 1419 O
438 1385 645 1430 pincernam
664 1384 847 1418 iniustum.
1235 1344 1239 1420 i
1263 1382 1337 1419 590
1363 1385 1409 1419 Et
1423 1393 1568 1430 paratus
1586 1392 1651 1419 est:
1680 1384 1770 1418 nihil
1786 1392 1895 1419 restat
1912 1397 2019 1429 quam
2038 1384 2227 1418 incendere

267 1439 332 1472 Sil.
361 1438 443 1471 Non
457 1449 519 1482 per
535 1435 655 1469 Iovem
667 1462 676 1475 ,
702 1437 762 1469 sed
782 1436 903 1469 vinum
923 1442 973 1468 est
990 1435 1107 1474 dulce;
1234 1421 1238 1488 J
1313 1437 1475 1481 Cyclopis
1493 1437 1650 1474 oculum;
1678 1437 1737 1470 sed
1755 1436 1834 1469 vide
1846 1462 1854 1475 ,
1881 1441 1920 1468 ut
1934 1435 1988 1466 vir
2004 1435 2061 1468 sis.

1231 1618 1234 1648 l

222 1231 295 1267 555
325 1234 414 1278 Cycl.
442 1231 601 1271 Peribis,
629 1231 671 1263 da
691 1231 750 1264 sic.
802 1232 869 1265 Sil.
897 1231 979 1265 Non
999 1244 1062 1276 per
1079 1231 1210 1273 Iovem,

230 1288 231 1292 ’
627 1282 835 1327 priusquam
856 1288 889 1315 te

268 1488 489 1533 Despumare
512 1495 542 1521 te
563 1487 687 1526 debes,
714 1493 754 1519 ut
771 1486 922 1530 accipias
938 1486 1071 1519 bibere.
1313 1490 1409 1522 Gleor.
1437 1488 1518 1521 Saxi
1534 1487 1693 1520 animum
1712 1493 1746 1520 et
1765 1486 1964 1519 adamantis
1981 1483 2162 1518 habemus.

267 1541 354 1584 Cycl.
381 1539 470 1573 Ecce
487 1539 586 1572 labra
603 1543 685 1571 sunt
701 1549 790 1581 pura
806 1544 840 1570 et
854 1538 965 1570 barba
982 1535 1081 1570 mihi.
1311 1537 1498 1582 Ingredere
1515 1540 1681 1578 domum,
1708 1537 1915 1582 priusquam
1932 1543 2033 1580 pater
2051 1535 2137 1568 sciat

217 1590 290 1626 560
318 1592 383 1625 Sil.
411 1591 530 1624 Ponas
547 1588 705 1623 cubitum
722 1595 836 1628 recte,
864 1589 992 1621 deinde
1010 1588 1104 1626 bibe,
1310 1590 1575 1623 Liberationem
1588 1616 1596 1629 ,
1623 1595 1663 1622 ut
1678 1588 1743 1621 tibi
1759 1588 1853 1621 intus
1871 1587 1989 1620 omnia
2009 1591 2132 1630 parata
2148 1584 2230 1618 sint.

264 1643 361 1675 Sicut
379 1641 476 1676 vides
493 1654 548 1674 me
565 1640 745 1674 bibentem
766 1646 799 1672 et
815 1641 904 1673 sicut
925 1652 999 1672 non
1017 1639 1140 1684 mem).
1231 1654 1233 1674 1
1259 1640 1333 1675 595
1365 1642 1473 1684 t'lyss.
1501 1640 1678 1679 Vulcane,
1706 1651 1769 1672 rex
1784 1639 1960 1678 Aetnaee,
1988 1637 2105 1670 vicino
2123 1635 2220 1669 malo

265 1695 352 1737 cycl.
381 1691 438 1726 Ah
457 1691 514 1733 ah,
531 1692 616 1738 quid
632 1690 742 1723 facis?
783 1692 848 1724 Sil·
878 1691 1042 1724 Suaviter
1059 1688 1204 1723 exhausi
1229 1694 1233 1753 ,l
1308 1692 1481 1725 Lucidum
1501 1692 1574 1725 eius
1592 1691 1817 1724 inflammans
1835 1690 1975 1723 oculum
1988 1715 1997 1729 ,
2032 1688 2142 1721 libera
2162 1685 2250 1730 te30)

624 1754 696 1775 uno
712 1741 859 1785 impetu.
1666 1742 1793 1781 semel,

263 1797 352 1839 (ἶφι-1.
389 1794 593 1839 Αεείρίεῃε,
627 1790 774 1837 hospes,
811 1793 886 1837 ipse
911 1792 1079 1837 pincerna
1106 1804 1204 1825 meus
1307 1793 1353 1826 Et
1371 1801 1406 1826 tn
1419 1821 1428 1834 ,
1454 1807 1474 1826 ο
1491 1794 1614 1837 nigrae
1631 1793 1754 1828 Noctis
1769 1792 1840 1831 fili,
1867 1791 2019 1829 Somne,

626 1850 711 1877 e510·
1305 1845 1510 1879 Prosundus
1529 1845 1648 1878 venias
1669 1844 1806 1877 belluae
1823 1842 1958 1876 invisae
1973 1840 2050 1874 Deo
2062 1866 2071 1879 ,

266 1899 376 1942 Ulyss.
400 1897 552 1930 Putatur
570 1895 649 1928 vitis
668 1907 739 1928 esse
755 1895 790 1926 in
808 1906 884 1927 mea
902 1906 1023 1927 manu.
1227 1912 1231 1958 ί
1306 1896 1351 1929 Et
1367 1909 1410 1930 ne
1428 1903 1508 1940 post
1526 1903 1578 1929 tot
1595 1896 1753 1939 egregios
1770 1893 1948 1927 Troianos
1966 1893 2105 1925 labores

213 1947 286 1983 565
313 1949 402 1993 Cycl.
436 1949 510 1991 Age
532 1958 625 1979 nunc
651 1946 808 1979 infunde.
889 1947 998 1991 Ulyss.
1036 1943 1201 1984 Infunclo,
1228 1968 1229 1975 η
1256 1946 1330 1981 600
1357 1946 1474 1991 Ipsum
1494 1954 1527 1980 et
1544 1947 1657 1981 socios
1680 1946 1816 1990 perdite
1832 1945 2018 1990 Ulyssem,

618 2003 693 2029 tace
712 1998 832 2029 modo.
1226 2001 1229 2035 l
1305 2000 1374 2031 Per
1391 1997 1484 2032 hunc
1501 1998 1616 2031 virum
1630 2025 1638 2038 ,
1664 1997 1725 2042 qui
1749 2009 1813 2029 nec
1829 1996 1926 2035 Diis,
1954 2007 2016 2027 nec
2042 1991 2245 2026 hominibus

260 2052 348 2095 Gyel.
398 2050 487 2083 Rem
522 2048 699 2081 difficilem
737 2047 855 2080 dixisti
889 2046 938 2079 illi
958 2072 967 2085 ,
1018 2047 1078 2092 qui
1113 2047 1201 2079 hihit
1661 2060 1764 2081 curae
1783 2053 1844 2081 est,

1225 2051 1229 2078 l

621 2099 784 2132 multum.
1224 2084 1228 2131 i
1304 2100 1406 2140 „Ant
1424 2100 1621 2133 Fortunam
1640 2099 1752 2132 Deam
1776 2110 1848 2132 esse
1865 2095 2058 2130 existimari
2077 2105 2164 2138 opus
2180 2097 2242 2131 est,

264 2154 373 2197 Ulyss.
400 2151 488 2185 Ecce
509 2150 682 2194 accipiens
701 2150 800 2183 ebibe
813 2175 821 2189 ,
850 2154 881 2180 et
899 2145 988 2180 nihii
1007 2148 1198 2193 relinquas,
1223 2133 1228 2209 Ι
1302 2151 1371 2185 Res
1390 2152 1529 2185 divinas
1548 2163 1632 2184 vero
1649 2151 1793 2184 fortuna
1811 2148 2007 2182 inferiores,

258 2203 442 2238 Commori
458 2208 599 2247 oportet
615 2201 787 2234 iacentem
804 2212 882 2233 cum
901 2197 968 2231 hoc
985 2200 1124 2242 poculo.

259 2257 347 2300 Cycl.
375 2255 513 2299 Papae,
537 2252 676 2297 sapiens
695 2252 799 2298 est2⁸)
819 2250 953 2295 lignum
973 2250 1064 2284 vitis.

206 2304 279 2340 570
318 2307 426 2349 Ulyss.
471 2304 520 2338 Ut
552 2303 744 2347 sumpseris
785 2304 829 2336 ad
874 2301 990 2334 eibum
1032 2301 1196 2341 multum,
1302 2305 1398 2339 Ghor,
1426 2299 1714 2346 comprehendet
1732 2301 1861 2334 collum

615 2355 767 2387 multum
1220 2357 1223 2404 Ξ
1250 2353 1323 2389 605
1351 2353 1487 2387 Intente
1505 2364 1630 2386 cancer

256 2407 466 2440 Madefacies
511 2417 583 2438 non
627 2405 803 2438 sitientem
847 2409 1007 2436 ventrem
1029 2429 1037 2442 ,
1092 2409 1124 2435 et
1159 2403 1194 2435 in
1219 2416 1223 2452 f
1299 2405 1487 2450 Hospitum
1505 2402 1715 2448 epulatoris;

1219 2457 1222 2491 l

613 2468 780 2489 somnum
806 2453 988 2491 coniicies;

1611 2230 1877 2280 [Systema]

1281 2526 1327 2550 29]
1347 2524 1482 2551 somnum]
1499 2523 1539 2546 sic
1554 2524 1635 2546 Bai-n.
1648 2523 1696 2549 s:
1710 2521 1792 2546 Editt.
1809 2520 1880 2544 Basil
1904 2520 1993 2543 1551..
2014 2520 2110 2547 Barth,
2130 2519 2234 2549 Musgr.

231 2567 279 2595 27)
299 2568 325 2590 et
343 2566 414 2590 sicut
431 2571 486 2589 nou
497 2565 562 2593 me]
581 2563 621 2588 sic
635 2565 714 2588 Barn.
730 2566 775 2592 (ε
791 2563 884 2592 Eun-ip.
903 2559 935 2593 χ’
956 2559 1043 2593 ὥςπερ
1063 2556 1112 2585 οὐκ
1128 2561 1192 2593 ἐμίς
1315 2556 1434 2594 iigmor„
1457 2557 1539 2596 Editt.
1558 2558 1640 2585 1558„
1662 2556 1735 2579 1552.
1752 2557 1846 2579 mendo
1862 2558 1987 2584 typogr.:
2008 2559 2138 2583 sonnum3
2158 2553 2234 2576 Fix.:

265 2601 340 2625 Fix.:
371 2602 453 2630 utque
472 2605 514 2623 me
532 2600 591 2623 iam
615 2604 670 2622 non
694 2597 805 2628 vides);
841 2597 924 2620 Editt.
942 2597 1034 2625 1558,
1066 2597 1139 2620 ¹552.
1166 2598 1193 2619 et
1315 2595 1392 2618 01‘1'011
1409 2605 1442 2609 -—
1462 2598 1562 2615 vinum.

268 2635 338 2659 sicut
357 2641 418 2658 non.
1278 2636 1325 2667 30)
1343 2637 1429 2659 libera
1447 2635 1488 2662 te]
1517 2633 1557 2656 sit:
1575 2634 1678 2659 Mnsgr.
1705 2632 1753 2665 (=
1771 2632 1863 2661 Eurip-
1882 2627 2100 2663 &muzal-9130}
2135 2631 2231 2655 Bam:

229 2678 278 2708 28)
299 2679 356 2707 est]
377 2677 416 2701 sic
434 2676 518 2701 Editt.
536 2675 610 2700 1562.
631 2677 657 2699 et
676 2676 808 2703 recentt.;
840 2674 888 2699 Ed.
904 2673 980 2698 1558.
1003 2674 1037 2696 et.
1216 2661 1220 2688 ¹
1311 2671 1398 2694 libera
1416 2668 1497 2699 nos);
1519 2668 1601 2691 Editt.
1619 2668 1709 2698 1558„
1732 2667 1804 2691 1562.
1823 2667 1948 2691 liberate.
