2373 2980
16 1222 33 1300 ἐι

112 106 158 141 81
275 101 412 137 XLVII.

92 189 348 230 -rubicundos‚
375 194 510 223 statura
528 187 737 226 mediocres,
766 185 904 230 pusillis
919 183 1106 227 capitibus,

465 97 866 137 INTERPRETATIO
891 96 1062 132 OPERIS
1090 96 1475 142 QUADRIPARTITI
1502 97 1784 133 PTOLEMAEI
1819 100 1906 136 ΜΒ.
1932 101 1988 137 ΙΙΙ.

2104 105 2152 140 82

1160 193 1247 225 pora
1267 189 1390 226 aptant
1409 190 1442 216 ct
1461 191 1694 230 componunt.
1753 186 1800 219 At
1827 188 1926 231 signa
1953 188 2152 222 alienarum

109 243 208 276 nudo
230 252 380 285 corpore
402 246 437 273 et
457 239 539 284 pilis
568 243 728 278 carente,
759 237 852 270 flavo
876 235 1048 280 capillitio
1072 240 1107 267 et
1158 234 1353 276 figurarum
1371 235 1499 268 vitiant
1516 242 1550 269 et
1567 237 1770 271 deformant
1793 250 1854 279 ea,
1890 251 1955 283 pro
1980 252 2042 273 sua
2067 253 2154 285 qua-

110 293 246 337 rigido,
274 291 365 326 crasi
387 291 546 325 sicciore.

211 351 332 385 Venus
349 351 478 385 similia
504 349 548 384 iis
574 348 699 389 efficit,
735 359 826 393 quae
847 344 1003 391 Iupiter,
1036 343 1107 378 nisi

110 404 207 449 quod
226 401 453 447 pulchriora,
488 401 666 446 gratiora,
699 397 926 438 venustiora,
960 397 1006 430 ad
1028 408 1106 429 mu-

108 454 255 488 liebrem
275 453 485 498 elegantiam
502 452 652 497 propius
674 449 897 490 accedentia,
924 447 1107 482 succulen-

110 505 203 539 tiora
228 512 262 539 et
284 505 461 539 teneriora
488 515 529 536 ac
553 502 760 536 delicatoria
782 501 903 534 onmia
927 505 1106 545 praestat;

109 556 336 602 peculiariter
355 561 472 590 autem
494 554 616 588 oculos
630 554 749 587 colore
769 553 867 586 fulvo
880 579 889 593 ,
919 564 999 584 cum
1018 562 1106 596 qua-

109 609 191 641 darn
208 613 391 641 venustate
410 606 550 640 imbuit.

209 665 408 700 Mercurius
433 677 514 698 cum
541 663 725 697 orientalis
751 669 820 703 est,
855 660 960 695 efficit
985 659 1105 693 colore

107 719 230 759 flavos,
257 717 503 762 magnitudine
519 716 719 755 moderata,
740 713 975 759 proportione
993 723 1105 743 mem-

107 770 256 804 brorum
275 768 520 808 convenienti,
548 766 659 801 oculis
673 766 813 814 parvis,
841 763 1010 810 capillitio
1033 774 1105 795 me·

107 820 240 862 diceri,
269 821 359 856 crasi
378 821 566 861 calidiore;
604 819 832 854 occidentalis
854 819 986 858 ssavos,
1013 816 1104 850 raris

107 872 337 916 corporibus,
364 873 552 917 gracilibus
578 873 768 913 membris,
805 871 914 905 oculis
940 869 1104 903 concavis

107 929 141 956 et
159 923 280 964 claris,
308 924 585 958 subrubentibus
604 924 692 957 crasi
710 923 867 957 sicciore.
929 921 993 954 His
1021 932 1104 954 con-

105 975 254 1019 figurata
271 975 409 1009 lumina
427 975 623 1021 plurimum
649 977 796 1008 addunt.

207 1034 269 1068 Sol
284 1040 318 1067 et
335 1040 485 1068 exornat
501 1035 622 1067 onmia
643 1032 946 1079 magnificentius,
975 1038 1009 1064 et
1028 1042 1104 1064 cor-

104 1098 234 1131 porum
249 1083 412 1119 habitum
429 1086 560 1119 firmat.

204 1144 310 1179 Luna
332 1145 581 1178 universaliter
605 1143 847 1177 moderatoria
872 1142 1014 1181 onmia,
1046 1142 1104 1174 fir-

102 1196 219 1229 miora
243 1203 278 1230 et
303 1196 420 1230 crasin
441 1194 682 1229 humidiorem
707 1194 828 1232 efficit;
860 1192 1102 1238 particulatim

103 1259 189 1280 vero
209 1247 324 1280 variat
350 1247 493 1281 effectus
516 1247 658 1280 ratione
685 1245 897 1279 incrementi
924 1251 959 1278 et
983 1245 1102 1277 decre-

102 1298 215 1331 menti
232 1298 378 1331 luminis
390 1324 399 1338 ‚
426 1304 465 1331 ut
480 1297 583 1330 initio
603 1297 836 1331 ostendimus.

203 1357 341 1391 Rursus
357 1357 607 1391 unirersaliter
632 1370 711 1390 cum
736 1368 841 1389 mane
858 1356 976 1388 Solem
1003 1361 1101 1387 ante-

102 1409 232 1441 cedunt
251 1415 286 1441 et
310 1407 598 1452 conspiciuntur,
632 1407 800 1451 grandia;
837 1419 916 1440 cum
943 1405 1097 1450 primuni

99 1459 288 1501 insistunt,
315 1459 460 1492 robusta
479 1465 514 1492 et
530 1459 665 1496 valida;
695 1471 774 1492 cum
792 1459 829 1490 in
848 1456 1097 1502 praecedentia

99 1511 274 1551 feruntur,
299 1522 375 1543 non
391 1516 473 1554 apta
491 1510 727 1555 proportione
746 1510 988 1547 conformata;
1018 1521 1096 1541 cum

99 1563 254 1595 secundo
285 1561 474 1602 insistunt,
515 1561 768 1599 imbecilliora;
813 1573 892 1594 cum
921 1559 1097 1599 occidunt,

99 1613 271 1657 dignitate
295 1613 453 1646 carentia
480 1619 515 1646 et
537 1613 707 1646 vitiorum
735 1613 909 1646 foecunda
944 1623 1094 1656 corpora

98 1664 257 1708 pariunt.

198 1723 316 1757 Porro
343 1723 420 1755 loca
446 1734 590 1769 quoque
615 1723 870 1764 formationem
902 1734 1095 1766 corporum

98 1781 133 1808 et
166 1774 457 1809 constitutionem
502 1780 869 1818 temperamentorum
913 1774 1095 1808 adiuvant.

95 1825 356 1860 Universaliter
370 1825 464 1858 enim
485 1826 666 1871 quadrans
693 1826 737 1858 ab
767 1825 994 1870 aequinoctio
1017 1837 1095 1858 ver-

95 1889 144 1911 no
177 1889 289 1923 usque
327 1877 371 1910 ad
401 1877 610 1916 solstitium,
652 1877 741 1910 bene
774 1877 953 1910 coloratos
978 1876 1094 1916 efficit,

95 1929 250 1972 eleganti
280 1928 536 1973 proportione,
577 1939 746 1971 magnos,
789 1928 933 1967 firmos,
984 1928 1094 1961 oculis

95 1977 272 2025 pulchris,
295 1984 579 2023 temperamento
596 1977 746 2012 humido
765 1985 798 2011 et
814 1979 940 2011 calido,
995 1978 1093 2012 Alter

95 2031 278 2077 quadrans
305 2042 323 2062 a
348 2030 498 2063 solstitio
524 2031 568 2063 ad
587 2030 793 2063 autumnale
813 2029 1092 2075 aequinoctium,

95 2082 215 2115 colore
232 2081 450 2120 mediocres,
478 2081 725 2125 magnitudine
744 2081 834 2115 iusta
855 2088 888 2114 et
907 2088 1008 2125 apta,
1035 2082 1092 2114 fir-

94 2146 192 2173 mos,
235 2132 347 2166 oculis
380 2132 655 2176 nigricantibus,
700 2131 876 2172 hirsutos,
921 2132 1090 2177 capillitio

94 2184 210 2229 crispo
223 2211 232 2224 ‚
255 2190 538 2228 temperamento
558 2184 705 2217 sicciore
722 2190 755 2218 et
773 2183 954 2217 calidiore.
1004 2184 1090 2217 Ter-

93 2236 164 2269 tius
180 2236 362 2281 quadrans
386 2235 430 2267 ab
455 2235 655 2268 autumnali
680 2235 909 2282 aequinoctio
936 2236 980 2267 ad
1007 2236 1090 2269 hru—

93 2299 209 2327 mam,
251 2286 499 2326 flavescentes,
540 2286 706 2331 graciles,
748 2298 868 2326 raros,
919 2287 1089 2330 capillitio

92 2337 286 2378 mediocri,
313 2337 469 2372 venustis
486 2338 615 2378 oculis,
644 2339 877 2372 exuberantes
902 2337 1032 2382 frigido
1056 2344 1090 2371 et

93 2390 200 2424 sicco.
267 2388 426 2434 Quartus
451 2402 470 2422 a
492 2389 621 2423 bruma
648 2391 692 2423 ad
717 2389 985 2436 aequinoctium
1013 2402 1089 2423 ver-

92 2453 180 2475 num
193 2467 202 2481 ,
228 2439 474 2481 flavescentes,
508 2440 600 2475 iusta
617 2441 864 2486 magnitudine
884 2448 918 2474 et
937 2442 1088 2483 decenti,

93 2491 263 2537 capillitio
282 2491 417 2536 rigido,
444 2492 543 2526 nudo
560 2504 710 2538 corpore
733 2499 768 2527 et
784 2492 912 2538 depili,
940 2493 1088 2527 affluen-

92 2549 144 2577 tes
160 2541 312 2577 humore
328 2543 458 2588 frigido
475 2545 652 2588 producit.

193 2594 440 2628 particulatim
457 2607 543 2628 vero
559 2595 680 2640 figuris
699 2595 947 2630 describuntur
962 2593 1085 2629 huma-

91 2644 167 2686 nis,
194 2646 266 2679 sive
284 2645 321 2678 in
337 2646 492 2680 Zodiaco
510 2647 723 2689 consistant,
750 2647 823 2681 sive
843 2654 939 2681 extra
958 2647 1085 2681 Zodia-

87 2709 173 2731 -cum
191 2702 394 2738 versentur,
422 2698 575 2743 eleganti
591 2705 625 2731 et
639 2698 730 2733 iusta
747 2700 982 2744 proportione
1008 2711 1085 2733 cor-

145 2754 328 2787 Mnmwrn.
352 2755 458 2787 Oeen.
482 2755 566 2787 Von.
592 2756 714 2788 xvm.

351 2875 365 2889 0

1158 283 1245 316 libet
1263 286 1381 316 nativa
1402 286 1437 317 vi
1453 292 1485 319 et
1501 289 1729 332 proprietate.
1782 289 1828 323 Et
1843 290 1962 336 aliqua
1987 304 2028 324 ex
2053 298 2153 335 parte

1160 347 1200 368 ea
1216 336 1398 375 membra,
1429 337 1556 382 quihus
1578 340 1801 383 praesident,
1828 341 1896 375 sibi
1916 343 2155 383 conformant,

1159 386 1216 419 vel
1232 386 1499 431 magnitudine,
1534 390 1590 422 vel
1607 392 1782 434 parvitate
1796 419 1804 433 ,
1839 393 1895 426 vel
1914 395 2065 435 robore,
2099 394 2155 428 vel

1159 437 1414 478 imbecillitate,
1442 439 1496 471 vel
1512 440 1702 483 elegantia:
1733 445 1977 487 magnitudine
1997 446 2155 491 quidem,

1160 495 1198 521 ut
1215 490 1366 533 exempli
1382 490 1495 533 gratia
1513 490 1606 532 Leo,
1632 492 1741 537 Virgo
1758 501 1791 527 et
1811 496 2039 540 SagittarIus;
2074 509 2156 543 par-

1159 540 1288 581 vitate,
1314 541 1453 582 Pisces,
1482 541 1618 575 Cancer
1647 550 1679 576 et
1699 544 1949 589 Capricornus.
2013 549 2068 581 Sic
2093 562 2155 582 an-

1159 591 1309 626 teriores
1329 599 1364 626 et
1387 594 1588 637 superiores
1611 601 1729 639 partes
1751 597 1901 638 Arietis,
1945 600 2156 645 Capricorni

1159 649 1193 675 et
1210 642 1360 685 Leonis,
1389 645 1569 683 firmiora;
1598 645 1783 680 inferiores
1805 655 1839 682 et
1862 651 2078 693 posteriores
2097 665 2156 686 eo-

1159 695 1309 727 rundem
1334 695 1540 740 signorum,
1574 697 1818 733 imbecilliora.
1881 700 2013 734 Contra
2041 703 2156 748 Sagit-

1160 745 1261 788 tarii,
1284 745 1423 792 Scorpii
1440 754 1473 781 et
1488 748 1724 782 Geminorum
1744 751 1940 785 anteriores
1958 760 2074 797 partes
2090 755 2155 787 im-

1158 799 1338 834 becilliora
1352 828 1360 840 ‚
1386 800 1603 845 posteriores
1622 801 1795 835 validiora
1817 803 1973 837 efficiunt
1991 818 2156 849 corpora.

1158 851 1295 884 Eodem
1322 854 1429 885 niodo
1456 852 1586 897 Virgo,
1615 852 1743 895 Libra,
1768 854 1999 899 Sagittarius,
2035 858 2156 890 mode-

1159 909 1236 936 rata
1255 916 1425 949 compage
1448 911 1481 937 et
1505 912 1651 939 venusta
1679 906 1938 950 compositione
1962 908 2100 952 fingunt
2124 915 2158 942 et

1159 955 1387 989 conformant
1411 968 1581 1001 corpora,
1619 957 1786 1002 Scorpius
1811 965 1955 999 contra,
1983 959 2102 993 Pi5ces
2124 967 2158 993 et

1159 1005 1419 1051 Capricornus,
1456 1008 1580 1040 eadem
1607 1009 1810 1042 deformant
1836 1009 2095 1052 immoderata,
2124 1018 2158 1045 et

1157 1070 1233 1090 non
1260 1064 1477 1102 congruente
1502 1059 1569 1092 sibi
1595 1066 1785 1094 structura.
1846 1061 1902 1094 Sic
1926 1063 1968 1095 de
1992 1063 2156 1098 caeteris:

1158 1120 1249 1154 quae
1277 1109 1420 1155 quidem
1449 1110 1569 1143 omnia
1599 1124 1698 1151 eum,
1743 1111 1803 1157 qui
1829 1114 2014 1158 propriam
2042 1121 2075 1148 et
2100 1128 2157 1148 ex-

1158 1166 1271 1193 actam
1291 1162 1425 1204 figurae
1442 1161 1601 1206 corporis
1620 1175 1659 1195 ac
1680 1165 1953 1208 temperamenti
1977 1166 2155 1200 rationem

1157 1211 1330 1257 exquirit,
1359 1213 1596 1257 contemplari
1615 1226 1655 1246 ac
1674 1215 1903 1249 commiscere
1921 1224 2074 1262 oportet.

1301 1299 1354 1330 De
1380 1297 1584 1331 laesionibus
1610 1303 1642 1331 et
1669 1300 1794 1333 morbis
1821 1312 2008 1345 corporum.

1259 1363 1347 1397 Cum
1365 1371 1534 1409 sequatur
1549 1365 1711 1399 doctrina
1732 1368 1774 1399 de
1791 1367 1959 1413 ‘corporis
1986 1371 2154 1405 laesioni-

1153 1413 1218 1447 bus
1245 1421 1278 1447 et
1299 1415 1454 1454 morbis,
1492 1416 1727 1460 adiungemus
1759 1418 1958 1454 institutam
1983 1422 2024 1455 de
2050 1436 2089 1456 ea
2114 1436 2152 1458 re

1154 1466 1490 1499 considerationem.
1556 1467 1776 1503 Universalis
1809 1483 1893 1504 vero
1922 1474 2042 1516 regula
2065 1473 2152 1509 haec

1153 1523 1215 1550 est.
1269 1517 1351 1550 Duo
1368 1517 1529 1551 cardines
1546 1518 1752 1554 Horizontis
1771 1522 2024 1566 inspiciantur,
2055 1526 2152 1559 vide-

1151 1567 1232 1601 licet
1249 1568 1297 1609 is,
1326 1569 1388 1615 qui
1406 1575 1457 1602 est
1475 1568 1511 1601 in
1533 1576 1635 1611 ortu,
1672 1578 1705 1604 et
1729 1572 1836 1613 alter,
1874 1575 1935 1620 qui
1959 1582 2009 1609 est
2034 1575 2071 1610 in
2094 1590 2151 1612 oc-

1152 1631 1246 1654 casu.

1253 1671 1449 1715 Praecipue
1473 1684 1556 1704 vero
1585 1674 1828 1707 consideretur
1860 1676 1907 1716 is,
1950 1678 2011 1723 qui
2035 1685 2085 1713 est
2112 1680 2150 1713 in

1151 1735 1296 1762 occasu,
1325 1729 1359 1755 et
1374 1722 1472 1755 locus
1489 1726 1721 1765 antecedens,
1751 1726 1811 1771 qui
1828 1739 1974 1771 prorsus
1998 1742 2072 1763 non
2099 1738 2149 1765 est

1150 1774 1336 1818 copulatus
1359 1775 1575 1808 ascendenti.
1635 1776 1681 1809 Et
1705 1777 1931 1819 observetur,
1963 1784 2146 1826 quomodo

1148 1825 1299 1858 malefici
1318 1826 1482 1869 planetae
1500 1838 1538 1858 ea
1556 1827 1633 1860 loca
1650 1829 1859 1872 adspiciunt.
1902 1830 1937 1864 Si
1955 1832 2050 1865 euim
2069 1846 2147 1877 gra-

1149 1876 1268 1915 dibus,
1297 1876 1357 1922 qui
1377 1878 1572 1911 ascendunt
1595 1878 1632 1911 in
1657 1880 1759 1913 dictis
1783 1880 1890 1922 locis,
1928 1881 2038 1916 iuncti
2065 1892 2147 1919 sunt

1148 1940 1319 1972 corpore,
1363 1934 1423 1961 aut
1456 1928 1658 1973 adspiciunt
1680 1944 1738 1964 eos
1765 1933 1942 1977 quadrato
1965 1936 2145 1980 adspectu,

1147 1979 1203 2011 vel
1220 1991 1261 2012 ex
1278 1979 1464 2023 opposite,
1500 1993 1561 2014 seu
1584 1981 1674 2014 alter
1689 1983 1832 2027 planeta
1855 1985 2032 2020 maleficus
2045 2014 2054 2027 ,
2082 2000 2144 2022 seu

1146 2036 1312 2075 uterque:
1347 2031 1522 2065 laesiones
1546 2039 1579 2065 et
1602 2034 1718 2066 morbi
1744 2034 1835 2068 natis
1864 2035 2042 2078 accident,
2068 2051 2143 2072 ma-

1145 2081 1239 2113 xime
1256 2081 1286 2115 si
1303 2081 1453 2114 alterum
1472 2083 1668 2124 luminare,
1703 2085 1756 2118 vel
1782 2087 1888 2120 ambo
1913 2088 1983 2121 sint
2004 2089 2041 2121 in
2067 2102 2142 2123 car-

1145 2131 1288 2166 dinibus
1306 2132 1423 2166 iuncta
1444 2134 1609 2168 maleficis
1622 2162 1631 2175 ,
1655 2143 1715 2169 aut
1730 2137 1799 2170 sint
1816 2139 1864 2172 eis
1880 2140 2055 2183 opposita.

1248 2183 1351 2217 Tunc
1381 2183 1496 2225 enim,
1539 2186 1611 2219 sive
1636 2194 1716 2231 post
1739 2189 1859 2222 lumen
1883 2192 2041 2225 ascendit
2064 2193 2139 2237 pla-

1143 2240 1226 2267 neta
1244 2235 1442 2276 maleficus,
1470 2237 1542 2270 sive
1560 2239 1737 2282 praecedit
1754 2239 1789 2271 in
1809 2241 1970 2282 cardine,
2000 2243 2138 2278 adferre

1143 2292 1259 2329 potest
1285 2286 1392 2319 talem
1417 2288 1606 2329 morbum,
1652 2291 1791 2335 qualem
1818 2289 1988 2334 horizon,
2024 2295 2137 2339 signa,

1143 2343 1292 2370 naturae
1309 2338 1551 2373 maleficorum
1569 2340 1793 2384 planetarum
1812 2349 1846 2376 et
1863 2345 2136 2389 adspicientium

1143 2400 1203 2422 eos
1221 2395 1418 2424 mlnantur.

1243 2440 1334 2475 Nam
1357 2442 1486 2485 gradus
1509 2441 1694 2475 cuiuslibet
1714 2443 1805 2489 signi
1830 2445 2071 2483 infortunatus
2097 2449 2135 2483 in

1140 2488 1340 2533 horizonte,
1367 2492 1565 2526 minabitur
1582 2495 1743 2528 membro
1759 2498 1932 2542 corporis,
1961 2499 2016 2533 cui
2032 2512 2134 2545 prae-

1141 2549 1208 2581 est;
1237 2550 1270 2576 et
1290 2543 1385 2589 quali
1403 2544 1559 2578 laesione
1575 2552 1635 2579 aut
1652 2547 1799 2589 morbo,
1828 2555 1889 2582 ant
1909 2562 1954 2582 an
1979 2557 2132 2598 utroque

1140 2594 1242 2627 adfici
1268 2595 1467 2628 membrum
1492 2595 1578 2630 illud
1602 2598 1730 2642 possit,
1766 2599 1946 2634 indicabit.
2001 2602 2132 2638 Causas

1139 2658 1245 2685 vero,
1272 2652 1305 2678 et
1330 2646 1461 2691 species
1486 2647 1681 2682 laesionum
1707 2663 1769 2684 seu
1795 2652 2023 2693 morborum,
2056 2654 2131 2699 pla-

1137 2703 1240 2730 netae
1262 2697 1481 2733 indicabunt.

1594 2749 1618 2784 6
