2373 2980
211 106 288 144 295
792 105 917 142 PHIL.
949 105 1063 140 MEL.
1099 105 1300 140 SCRIPTA
1332 105 1668 142 PHILOLOGICA.
2171 110 2245 146 296

218 193 265 227 15
294 193 415 238 Neque
442 192 578 227 bastani
607 193 698 236 potis
724 204 823 225 eram
849 192 980 237 puerili
1006 189 1166 225 brachio.
1311 191 1520 236 Corrumpit
1546 192 1709 224 Deorum
1734 191 1859 236 aliquis
1887 205 1903 225 a
1930 194 2043 238 priori
2068 196 2245 233 felleitate.

267 244 447 288 Quanuliu
484 245 623 289 quidem
651 243 757 285 igitur
786 249 902 276 terrae
936 249 1029 276 recta
1063 243 1201 277 stabant
1311 244 1456 277 Hecuba.
1486 243 1612 276 Ducite
1631 255 1650 275 o
1674 242 1765 275 filiae
1791 244 1957 290 annuum)
1985 252 2066 278 ante
2086 248 2245 284 domum.

630 295 915 338 propugnacula,
1260 291 1309 324 60
1339 294 1464 326 Ducite
1492 293 1664 337 crigentes
1693 305 1898 326 conservam
1925 308 2019 329 nunc

268 345 470 389 Tui-resque
496 345 633 377 illaesae
657 344 840 378 Troianae
866 350 967 378 erant
997 350 1123 385 terrae,
1312 345 1492 377 Troianae
1517 344 1636 383 vobis,
1661 350 1740 390 ante
1766 357 1849 377 vero
1871 346 2041 389 reginam.

268 396 466 440 lici-torque
499 396 608 428 stater
643 408 741 429 meus
774 396 923 429 feliciter
956 408 1029 428 rem
1065 396 1203 439 gerebat
1312 395 1488 439 Accipite,
1514 401 1658 438 gestate,

633 444 752 480 basta:
1311 446 1504 486 Dedin-ite,
1529 445 1678 478 attollite
1704 456 1821 477 meum
1849 458 1977 490 corpus

217 497 266 531 20
294 497 500 535 Alimentis,
532 498 631 542 quasi
661 497 836 542 quispiam
867 497 1044 535 surculus,
1079 510 1206 531 cresce·
1231 460 1237 542 l
1313 497 1421 529 Scuili
1446 508 1557 529 manu
1585 493 1901 541 apprehendentes.

626 549 708 581 bam
739 549 857 581 miser.
1233 544 1238 634 ι
1263 549 1311 585 65
1340 547 1383 579 Et
1409 560 1473 591 ego
1501 559 1608 580 curvo
1635 547 1791 591 scipione
1814 560 1941 582 manus

272 597 360 630 Cum
389 610 472 630 vcro
498 598 629 638 Troia,
660 598 895 642 llectorisque
926 596 1029 640 periit
1313 598 1472 638 Aunixa,
1497 599 1701 631 accelerabo
1724 598 1967 642 tardigradum

271 648 400 680 Anima
429 655 462 682 et
484 656 653 693 paternus
680 651 778 683 socus
803 661 945 681 eversus
972 655 1034 689 est,
1234 636 1238 682 l
1316 649 1476 682 Gradum
1503 649 1735 682 articulorum
1760 645 1905 684 addens.

272 698 348 743 Ipse
375 712 459 732 vero
483 701 525 732 ad
553 712 650 733 aram
674 701 751 733 Deo
779 699 999 733 aedificatam
1026 701 1117 733 cadit
1315 699 1347 731 Ο
1377 701 1494 744 fulgur
1516 698 1629 739 Iovis,
1658 712 1678 731 o
1704 701 1887 734 tenebrosa
1912 713 1995 741 nox,

271 750 447 784 Mactatus
470 749 617 786 Achillis
645 764 662 784 a
684 752 757 785 filio
785 750 937 783 crudeli:
1315 751 1411 795 Quid
1437 752 1580 784 tandem
1607 751 1739 783 excitor
1762 752 1804 784 de
1828 758 1931 785 nocte
1955 753 2004 786 sic

223 800 272 837 25
300 800 467 834 Interticit
494 815 549 835 mc
573 803 652 835 auri
674 803 847 835 infelicem
875 800 987 844 gratia
1266 805 1314 838 70
1343 802 1578 841 'Peri-oribus,
1603 801 1775 846 spectris?
1804 814 1824 834 o
1850 803 2052 837 veneranda
2079 809 2172 837 terra

275 852 410 897 Hospes
436 860 621 897 pater1ius;
643 861 770 887 etcum
798 852 1046 891 interfecisset,
1072 851 1106 884 in
1129 864 1210 896 pro-
1316 853 1444 897 Nigras
1468 854 1540 887 alas
1566 851 1775 886 habentium
1800 859 1912 887 mater
1939 854 2175 895 somniorum,

647 905 749 938 cellas
776 903 884 936 maris
1315 904 1516 937 Abominor
1543 910 1756 937 nocturnam
1782 905 1968 946 visionem,

273 954 429 994 Abiecit,
454 961 493 988 ut
517 955 590 999 ipse
614 968 739 989 aurum
768 954 805 986 iu
827 955 935 986 domo
960 951 1117 986 liaberet.
1317 955 1435 999 Quam
1461 956 1504 988 de
1527 955 1599 988 filio
1623 966 1717 994 meo,

274 1004 374 1037 laceo
400 1012 516 1038 autem
542 1006 578 1038 in
595 1006 714 1039 littore
734 1005 913 1037 interdum
933 1004 969 1035 in
987 1003 1096 1037 maris
1114 1011 1209 1037 aestu
1317 1006 1386 1050 Qui
1413 1012 1573 1039 servatur
1599 1006 1634 1038 in
1660 1003 1828 1045 Thracia,

274 1055 396 1089 Multis
421 1056 623 1090 circuitibus
647 1057 825 1089 undarum
851 1055 1091 1093 circumlatus,
1237 1045 1241 1093 l
1266 1055 1315 1090 75
1343 1056 1395 1088 De
1419 1057 1670 1102 Polyxenaque
1695 1055 1799 1089 chara

223 1107 271 1140 30
300 1105 504 1145 Imlessctus,
550 1107 765 1152 insepultus,
810 1117 905 1138 nunc
943 1117 1028 1137 vero
1065 1112 1212 1149 propter
1316 1107 1405 1139 Filia
1433 1119 1496 1152 per
1521 1107 1701 1140 somnium
1725 1107 1809 1140 vidi.

611 1172 615 1175 ·
638 1164 788 1191 matrem
815 1154 958 1189 charam
1316 1158 1399 1190 Vidi
1427 1158 1521 1190 enim
1548 1157 1744 1190 terribilem
1767 1157 1930 1202 speciem.

275 1208 455 1241 Hecubam
485 1209 631 1253 prosilio
660 1220 810 1252 corpore
837 1207 959 1240 relicto
990 1218 1084 1245 mee,
1317 1208 1454 1248 Didici,
1479 1209 1642 1252 cognovi.

275 1259 436 1292 Tertiam
462 1260 531 1291 iam
556 1260 668 1293 lucem
693 1270 838 1292 versans
865 1258 901 1290 in
926 1258 1011 1297 alto,
1318 1260 1350 1292 O
1376 1259 1510 1292 terreni
1532 1258 1614 1299 Dii,
1637 1265 1776 1292 servate
1799 1257 1909 1291 filium
1935 1257 2067 1299 meum,

275 1310 457 1354 Quamdiu
483 1310 519 1343 in
547 1317 641 1344 terra
665 1307 927 1344 Cherrhonesia
1267 1312 1315 1345 80
1343 1311 1414 1355 Qui
1431 1311 1547 1350 solus,
1574 1311 1701 1343 domus
1724 1321 1927 1354 ancoraque
1951 1321 2050 1343 meae

274 1361 391 1394 Mater
414 1374 490 1395 mea
522 1362 641 1396 infelix
669 1375 711 1395 ex
734 1361 845 1394 Troia
871 1361 980 1393 adest.
1316 1362 1481 1395 Nivalem
1506 1359 1699 1394 Thraciam
1726 1360 1850 1393 incolit

223 1411 273 1447 35
301 1412 435 1446 Omnes
459 1425 543 1446 vero
571 1413 699 1447 Graeci
724 1424 832 1445 naves
856 1416 1036 1448 tenentes,
1062 1408 1169 1454 quieti
1237 1444 1241 1456 1,
1317 1412 1475 1456 Hospitis
1507 1412 1649 1456 paterni
1680 1412 1744 1445 sub
1775 1410 1947 1445 custodia.
2007 1410 2088 1443 Erit
2117 1410 2253 1456 aliquid

275 1463 406 1497 Sedent
428 1464 465 1496 in
489 1464 608 1497 littore
630 1463 737 1497 huius
761 1461 937 1496 Thraciae
963 1467 1091 1493 terrae.
1677 1475 1826 1502 novum,

273 1515 373 1548 Pelei
396 1527 551 1560 namque
576 1516 667 1549 filius
691 1526 796 1559 super
821 1513 998 1546 tumulum
1023 1521 1198 1555 apparens
1314 1512 1444 1546 Veniet
1476 1514 1659 1559 quoddam
1692 1524 1837 1546 carmen
1872 1511 2020 1554 lugubre
2046 1511 2091 1544 ad
2116 1511 2255 1555 priores

276 1565 462 1599 Continuit
484 1565 638 1600 Achilles
664 1572 779 1599 totum
803 1565 994 1597 exercitum
1019 1562 1194 1595 Graecum
1671 1564 1798 1597 luctus,

275 1616 406 1650 Versus
428 1619 573 1651 domum
600 1617 790 1661 dirigentes
810 1615 990 1648 marinum
1021 1625 1172 1646 remum.

226 1666 275 1701 40
296 1667 391 1701 Petit
412 1680 496 1701 vero
526 1680 685 1702 sororem
713 1668 770 1700 ille
797 1678 911 1699 meam
940 1665 1159 1709 Polyxenam

277 1719 434 1752 Tumulo
466 1718 608 1752 charam
640 1719 820 1751 victimam
848 1724 882 1749 et
908 1715 1144 1749 honorarium
1174 1722 1208 1747 nt

1266 1610 1315 1646 85
1342 1614 1425 1648 Non
1448 1627 1606 1660 unquam
1635 1626 1714 1647 mea
1740 1626 1840 1647 mens
1867 1613 1915 1646 sic
1942 1612 2185 1646 indesinenter

1318 1665 1469 1699 Horruit
1493 1671 1602 1699 metu.

1318 1716 1388 1749 Ubi
1415 1717 1557 1749 tandem
1581 1715 1741 1749 divinam
1769 1714 1895 1747 Heleni
1919 1714 2089 1755 animam,

637 1769 803 1813 accipiat;
1318 1768 1390 1800 Aut
1406 1768 1624 1801 Cassandrae
1640 1765 1833 1810 adspiciam
1851 1765 2062 1800 oTroianae
2079 1765 2257 1806 mulieres,

268 1819 323 1857 ,Et
350 1820 506 1864 potietur
531 1819 616 1859 hoc,
638 1833 752 1865 neque
782 1819 974 1852 indonatus
996 1817 1118 1850 amicis
1318 1819 1368 1851 Ut
1391 1817 1480 1851 mihi
1503 1818 1782 1862 interpretentur
1807 1815 1970 1849 somnia?

277 1870 357 1903 Erit
379 1883 396 1903 a
422 1872 518 1904 viris.
571 1872 698 1905 Fatum
725 1882 809 1903 vero
833 1869 984 1913 impellit
1268 1864 1316 1897 90
1344 1869 1427 1902 Vidi
1452 1870 1546 1902 enim
1572 1869 1703 1913 pictam
1731 1878 1871 1900 cervam

278 1921 375 1954 Mori
400 1935 558 1955 sororem
586 1935 700 1955 meam
726 1920 791 1954 bac
817 1920 891 1964 ipsa
918 1920 986 1953 die.
1322 1920 1413 1965 Lupi
1437 1926 1584 1954 cruento
1608 1930 1725 1963 ungue
1751 1924 1955 1957 mactatam,

227 1971 276 2006 45
303 1972 467 2006 Duorum
478 1985 562 2006 vero
572 1974 766 2006 liberorum
781 1973 851 2005 duo
862 1972 1032 2004 cadavera
1046 1969 1215 2012 adspiciet
1321 1971 1374 2004 Ex
1404 1972 1491 2005 meis
1514 1971 1660 2014 genibus
1686 1969 1842 2002 avulsam
1870 1981 1933 2012 per
1955 1969 2026 2001 vim

280 2024 414 2064 Mater,
440 2037 631 2070 meumque
657 2031 691 2057 et
714 2022 820 2057 liuius
845 2022 993 2055 infelicis
1016 2017 1164 2064 puellae.
1320 2022 1591 2059 Miserabiliter;
1616 2027 1650 2053 et
1676 2018 1732 2052 hic
1753 2026 1869 2052 terror
1889 2017 1977 2052 mihi

278 2075 470 2119 Apparebo
503 2076 619 2115 enim,
659 2081 697 2107 ut
731 2074 949 2118 sepulturam
983 2071 1103 2104 infelix
1133 2084 1215 2104 con-
1321 2074 1428 2106 Venit
1450 2084 1556 2117 super
1577 2084 1755 2105 summum
1781 2071 1909 2104 tumuli
1934 2069 2101 2102 verticem

637 2138 776 2170 sequar,
1270 2117 1319 2152 95
1347 2125 1531 2169 Spectrum
1559 2121 1718 2155 Achillis.

1320 2176 1467 2209 Petebat
1490 2187 1575 2207 vero
1600 2186 1749 2212 munus,
1771 2171 2058 2204 calamitosarum

1323 2227 1513 2271 Quandam
1537 2225 1778 2258 Troianarum
1804 2222 2006 2256 mulierum.

278 2177 439 2209 Ancillae
466 2183 547 2209 ante
574 2178 679 2220 pedes
704 2177 740 2208 in
768 2175 884 2208 undis.

282 2227 357 2259 Hoc
381 2228 473 2260 enim
498 2229 591 2271 apud
616 2228 749 2261 inferos
777 2231 937 2270 potentes
962 2223 1104 2257 exoravi

229 2276 279 2312 50
307 2278 462 2311 Tumulo
486 2278 614 2322 potiri,
638 2285 671 2312 et
696 2279 733 2310 iu
751 2289 876 2310 manus
899 2275 1024 2308 matris
1048 2275 1215 2308 incidere.
1320 2280 1351 2312 A
1375 2289 1452 2310 mea
1479 2276 1608 2319 igitur,
1637 2288 1654 2309 a
1680 2287 1758 2308 mea
1783 2271 1850 2307 hoc
1874 2273 1945 2306 filia

283 2329 388 2373 Quod
400 2329 655 2370 admeauinet‚
673 2335 847 2375 quantum
860 2327 1214 2371 volebam‚consequi
1320 2328 1480 2367 Avertjte
1504 2327 1582 2367 Dii,
1607 2326 1779 2371 supplico.

280 2379 376 2417 ΕΗΒ
404 2381 488 2413 anui
512 2393 597 2413 vero
623 2393 664 2413 ex
687 2380 836 2424 pedibus
861 2379 1021 2412 secedam
1271 2376 1343 2413 100
1372 2381 1509 2414 Chorus.
1531 2378 1735 2417 OHecuba,
1759 2375 1880 2410 sedulo
1900 2376 1945 2408 ad
1971 2380 2003 2408 te
2024 2374 2169 2408 dissolvi
2185 2386 2254 2415 me,

281 2431 464 2468 Hecubam
489 2432 625 2474 profert
648 2432 742 2464 enim
768 2431 843 2475 ipsa
869 2442 910 2462 ex
935 2440 1037 2462 scena
1063 2428 1188 2472 pedem
1322 2431 1458 2464 Heriles
1483 2442 1604 2464 scenas
1626 2429 1844 2474 relinquens,

280 2482 580 2525 Agamemnonis,
606 2480 816 2526 phantasma
841 2487 1002 2514 metuens
1027 2492 1158 2512 meum.
1319 2482 1389 2515 Ubi
1415 2488 1508 2515 sorte
1533 2481 1718 2515 distributa
1744 2479 1886 2526 sumn)
1910 2483 1943 2511 et
1967 2477 2145 2517 ordinata,

229 2531 279 2566 55
306 2531 361 2565 Ah
386 2545 462 2565 mea
491 2539 622 2572 mater,
649 2546 739 2577 quae
765 2546 805 2565 ex
826 2532 931 2576 regiis
956 2531 1101 2564 aedibus

281 2584 451 2618 servilem
475 2584 567 2616 diem
595 2583 733 2623 vidisti,
761 2595 868 2628 quam
891 2583 963 2625 agis
992 2581 1194 2615 infeliciter!
1240 2591 1245 2651 Ι
1303 2614 1350 2645 2³)
1368 2615 1463 2643 anum]
1488 2613 1528 2636 sic
1554 2613 1601 2645 (Ξ
1625 2613 1709 2643 Eurip
1744 2611 1792 2643 τὴν
1815 2608 1917 2642 γηαῦν)
1942 2609 2024 2633 Editt.
2052 2608 2172 2637 recent.;
2201 2605 2251 2630 Ed-

281 2635 464 2680 Quantum
490 2636 579 2668 bene
612 2634 716 2675 olim,
752 2634 852 2679 quasi
883 2646 997 2679 aequo
1026 2632 1215 2667 libramine
1239 2653 1245 2718 Ι
1342 2649 1415 2673 1562.
1435 2648 1520 2671 male:
1541 2654 1649 2672 amum„
1712 2632 1717 2638 '
1835 2634 1844 2642 “

643 2685 821 2719 trutinans
850 2692 895 2725 te,

1303 2699 1350 2732 2¹»)
1371 2699 1442 2731 sum]
1464 2700 1503 2723 sic
1521 2701 1569 2727 (1.-
1589 2700 1699 2728 Eurip.)
1717 2698 1799 2722 Editt.
1819 2697 1940 2726 recent.;
1959 2695 2005 2718 Ed.
2028 2694 2102 2719 1562.
2122 2693 2194 2719 sunt.
