2373 2980
100 98 173 136 241

103 186 215 224 feras,
244 195 322 216 cum
338 182 488 226 penuria
508 183 620 217 victus
640 183 845 216 laborantes
869 188 1019 226 propter
1044 182 1097 215 ni-

103 249 183 270 vem
196 263 205 276 ,
232 234 391 278 undique
410 246 471 276 per
488 234 594 268 silvas
612 235 825 268 discurrunt.

207 299 240 319 v.
256 282 342 318 535.
360 283 481 331 (533.)
509 284 619 332 νίφα]
641 298 764 320 rursus
779 287 949 330 Apocope
967 290 1016 317 est
1035 295 1100 327 pro

104 333 264 385 νιφάδα,
291 336 458 381 frequens
480 337 649 370 Homero.

206 400 238 420 v.
257 386 343 420 536.
369 386 491 433 (534.)
518 387 591 422 Καὶ
609 385 689 423 τότε
706 387 887 423 ἕσσασθαι
909 384 993 433 etc.]
1014 385 1101 417 Ver-

103 445 201 473 satur
219 450 282 482 per
300 451 424 472 omnes
449 440 732 473 circumstantias
757 439 935 484 corporis,
971 443 1005 470 et
1026 449 1102 469 mo-

102 496 164 523 net
198 496 345 534 propter
379 491 490 534 frigus
522 492 736 531 arcendum,
777 503 894 524 crasso
919 501 1040 534 panno
1069 494 1103 521 et

102 541 224 574 multis
243 541 322 584 pilis
340 541 537 573 intertextis
555 542 727 574 utendum
745 554 829 576 esse.
870 540 997 575 Graeci
1017 552 1100 572 vero

103 592 159 626 usi
181 598 263 626 sunt
285 593 479 624 admodum
505 589 655 625 honesto
680 593 828 633 vestitu,
871 592 1103 638 quemadmo-

103 645 188 677 dum
208 648 242 675 et
268 643 399 687 reliqui
424 641 563 676 honesti
588 644 712 687 populi
732 644 889 676 Romani
914 649 948 675 et
969 642 1102 675 ludaei.

103 694 220 728 Pallio
239 694 292 726 usi
309 700 391 727 sunt
408 706 516 738 snpra
541 695 690 728 tunicas.
740 693 859 739 χιτών
885 706 970 727 vero
997 694 1103 727 vestis

105 745 255 779 interior
276 751 363 778 erat.

208 809 241 829 v.
260 794 344 829 538.
369 794 490 841 (536.)
524 795 658 842 κρόκα]
690 796 922 830 Accusativus
955 802 1005 829 est
1036 807 1102 839 pro

104 844 282 894 κροκίδα,
312 853 345 879 et
364 847 538 890 siguificat
563 848 618 887 id,
653 848 750 892 quod
774 848 1001 886 subducitur,
1037 859 1106 891 eyn

106 898 314 941 eint1-ag‘26).
344 899 437 942 apud
458 898 638 931 Pollucem
655 899 691 930 in
708 899 800 931 libro
821 901 863 931 de
882 898 1105 942 vestibus‘fl).

206 962 239 982 v.
255 948 340 982 539.
367 947 488 995 (537.)
516 949 578 983 ἵνα
593 963 649 984 τοι
668 948 788 994 τρίχες
812 947 1034 997 ἀτρεμέωσι]
1066 950 1100 982 id

106 1007 178 1041 est,
206 1012 250 1032 ne
273 998 420 1033 horreat
437 1012 566 1045 corpus
584 1001 696 1033 nimio
714 1002 856 1045 frigore.

210 1064 243 1084 v.
264 1049 350 1085 545.
380 1050 497 1098 (543.)
525 1050 651 1099 ἀλέην]
678 1053 721 1085 ab
739 1049 959 1092 ἀλεύεσθαι,
987 1059 1025 1085 nt
1043 1049 1106 1083 ha-

104 1103 189 1136 beas
206 1102 377 1148 quiddam
389 1130 398 1142 ,
426 1104 522 1147 quod
541 1110 659 1135 arceat
676 1103 847 1147 pluxiam.

209 1166 242 1187 v.
261 1151 348 1188 547.
374 1152 495 1199 (545.)
530 1152 656 1199 Ψυχρὴ
682 1152 756 1200 γὰρ
785 1153 819 1188 τ’
836 1151 922 1199 ἠώς]
950 1152 1107 1185 Enume-

106 1211 163 1238 rat
189 1204 261 1237 iam
290 1216 412 1237 causas
436 1204 590 1248 pluviae.
660 1205 974 1248 Quemadmodum
1010 1204 1104 1236 enim

107 1267 222 1298 vapor
248 1267 289 1288 ex
314 1255 383 1287 olla
403 1255 440 1287 in
465 1255 633 1298 operculo
657 1268 883 1299 repercussus
908 1256 944 1286 in
975 1266 1105 1300 aquam

108 1306 317 1340 resolvitur:
346 1306 394 1339 sic
423 1318 535 1350 vapor
561 1318 602 1339 ex
626 1312 720 1338 terra
746 1306 782 1338 in
806 1307 961 1339 nubibus
987 1318 1107 1349 reper-

108 1369 228 1390 cussus
244 1356 281 1388 in
299 1368 429 1401 aquam
449 1357 640 1389 resolvitur
657 1363 691 1389 et
706 1357 833 1389 deinde
852 1357 993 1390 decidit.
1035 1357 1107 1389 Hu-

108 1413 239 1440 mectat
265 1413 384 1440 autem
411 1419 472 1439 aer
496 1414 570 1440 sata
596 1413 630 1440 et
653 1419 757 1447 arva,
794 1408 915 1453 itaque
954 1406 1107 1454 additw)

108 1457 324 1491 conveniens
342 1455 525 1502 epitheton
545 1456 597 1505 [V.
615 1456 701 1492 549.
720 1456 862 1505 (547.)]
879 1455 1106 1505 πυροφόρος.

106 1509 257 1549 Postea,
285 1509 373 1555 quid
395 1515 520 1542 ventus
543 1510 607 1549 sit,
635 1510 739 1549 dicit,
767 1510 939 1544 nimirum
956 1510 1107 1543 nubium

108 1560 270 1605 agitatio,

211 1624 243 1645 v.
263 1608 350 1645 559.
379 1609 498 1657 (557.)
530 1612 654 1657 Τῆμος
677 1610 718 1646 θ’
738 1611 861 1656 ὥμισυ
885 1610 1023 1657 βουσὶν
1033 1609 1107 1658 29)]

107 1663 230 1696 Bobus
273 1664 535 1696 adservanduin
580 1676 652 1696 esse
695 1663 884 1696 dimidium
925 1663 1109 1707 pabulum,

107 1714 187 1747 viro
214 1726 300 1746 vero
326 1720 365 1746 ut
390 1714 543 1758 supersit
571 1714 706 1759 aliquid
731 1714 769 1746 in
793 1720 934 1747 noctem
965 1715 1108 1748 scilicet.

107 1765 201 1800 Nam
219 1765 350 1798 Graeci
366 1762 530 1798 homines
548 1771 689 1798 tantum
706 1765 908 1799 coenabant
924 1773 957 1798 et
976 1766 1108 1809 largitis

110 1816 266 1862 quidem.

210 1879 244 1899 v.
261 1865 346 1899 560.
371 1864 492 1913 (558.)
521 1864 711 1911 ἐπίρροθοι
722 1865 797 1914 3⁰)]
825 1863 1034 1912 ἐπιῤῥόθειν
1053 1878 1108 1898 ac-

111 1929 253 1951 currere
273 1916 458 1958 significat.

214 1980 246 2002 v.
271 1965 357 2001 561.
388 1966 510 2014 (559.)
548 1970 677 2002 Ταῦτα
707 1964 992 2015 φυλασσόμενος
1023 1965 1107 2014 εἴα]

109 2019 340 2052 Absolvimus
358 2017 527 2052 hacteuus
546 2019 822 2064 descriptionem
841 2017 986 2057 hiemis;
1016 2030 1111 2051 nunc

111 2077 229 2104 autem
263 2070 355 2104 neris
386 2070 662 2115 descriptionem
695 2069 763 2104 hoc
795 2077 902 2115 caput
940 2070 1110 2103 continet.

110 2121 245 2167 Estque
277 2122 434 2166 primum
467 2123 628 2166 signum,
672 2124 816 2168 quando
848 2121 983 2166 Iupiter
1013 2134 1111 2155 sexa-

112 2173 209 2217 ginta
228 2173 322 2213 dies,
348 2173 383 2206 id
401 2180 470 2214 est,
500 2176 589 2207 duos
608 2186 765 2215 menses,
792 2173 998 2207 Ianuarium
1016 2173 1112 2205 vide-

112 2225 194 2257 licet
210 2231 241 2258 et
258 2224 494 2258 Februarium
513 2225 724 2265 confecerit,
761 2231 841 2270 post
865 2226 1031 2257 brumam
1058 2224 1113 2256 vel

115 2276 385 2309 conversionem
409 2277 511 2315 solis,
551 2283 625 2309 tum
660 2277 760 2310 stella
784 2278 957 2309 Arcturus
987 2275 1111 2308 nuntia

152 2394 201 2452 26)
220 2394 343 2452 cinti-ata]
364 2394 405 2418 sie
426 2401 521 2419 omnes
540 2395 641 2427 Editt.,
662 2397 778 2426 excepta
796 2396 846 2422 Ed.
867 2396 960 2421 1532..
980 2396 1024 2419 ubi
1044 2396 1114 2424 legi-

202 2435 248 2452 ur:
276 2436 301 2452 ιιι
319 2435 376 2460 rag.

153 2470 202 2498 27)
223 2470 326 2495 Ponuc.
344 2472 487 2497 onomast.
507 2472 569 2499 VH.
589 2473 631 2503 14,
651 2472 685 2496 63
700 2479 741 2503 sq.
766 2473 816 2497 Ed.
836 2473 960 2497 Dindors.

154 2512 310 2570 28)d=:1¹‹igig]
330 2514 370 2538 sic
388 2520 483 2548 omnes
503 2515 604 2546 Editt.‚
622 2516 735 2546 praeter
752 2515 804 2541 Ed.
823 2515 914 2547 1532,
935 2522 1004 2546 quae
1022 2517 1117 2541 habet:

190 2553 207 2570 a
247 2555 253 2570 Ι
275 2555 281 2570 Ι
298 2566 304 2573 .

156 2589 204 2621 29)
224 2587 255 2613 θ’
277 2587 368 2622 ὥμισυ
385 2590 496 2624 βουσὶν]
516 2593 556 2616 sic
574 2599 668 2616 omnes
687 2593 754 2617 illae
772 2593 872 2620 Editt.;
899 2594 981 2617 Editt.
1001 2595 1118 2618 Brunck.

193 2626 220 2648 et
245 2625 331 2648 Diibu.
356 2624 466 2658 θῶμισυ
490 2625 605 2658 pavo-im
641 2628 690 2651 Ed.
715 2628 856 2653 Gaisford.
883 2626 995 2660 θώμισυ
1020 2626 1119 2659 βούσ’;

193 2659 242 2682 Ed.
262 2660 365 2684 Goetti.
384 2658 491 2693 τῶμισυ
513 2658 604 2693 sotio-³.

159 2699 207 2731 30)
229 2701 306 2725 Hanc
326 2702 390 2726 HeS.
410 2708 505 2727 vocem
523 2704 584 2727 huic
602 2704 707 2729 scholio
725 2705 786 2736 ipse
804 2706 947 2737 adscripsi.

128 2742 187 2773 Mn
198 2751 319 2774 LANTH.
339 2743 445 2774 OPER.
477 2745 562 2776 Vol..
580 2746 703 2776 XVIII.

352 95 424 131 LII.
452 98 510 144 ¹3.
536 96 821 132 ENARRATIO
849 97 1054 131 OPERUM
1082 96 1145 129 ET
1174 96 1366 130 DIERUM
1394 97 1596 133 HESIODI.
1624 111 1673 132 vs.
1690 96 1921 134 516—572.

2077 98 2152 136 242

1155 182 1247 216 veris
1264 183 1421 226 primum
1438 196 1611 228 apparere
1629 184 1764 228 incipit.
1818 183 1881 218 Est
1899 190 2016 217 autem
2026 185 2153 218 Arctu-

1155 245 1215 266 rus
1232 234 1330 266 stella
1347 235 1410 267 sub
1431 248 1518 267 zona
1537 235 1695 275 Bootae,
1724 235 1839 269 oritur
1865 233 2034 268 chronico
2059 243 2153 276 ortu,

1156 283 1191 315 id
1209 290 1280 322 est,
1310 297 1455 328 vespere
1474 286 1577 318 initio
1596 287 1707 325 veris,
1745 288 1889 332 quando
1905 287 1957 320 sol
1975 287 2153 330 ingressus

1156 341 1207 367 est
1226 333 1397 368 Arietem.

1258 397 1291 418 v,
1315 383 1402 419 568.
1437 385 1558 432 (566.)
1609 384 1725 422 Τόνδε
1741 387 1787 433 ³¹)
1820 386 1902 432 μέτ’
1942 385 2151 436 ὄρθρογόη]

1154 436 1263 469 Aliud
1278 442 1330 469 est
1348 437 1489 480 signum
1514 438 1689 471 venientis
1714 439 1818 471 veris.
1872 438 1961 471 Vide
1982 439 2153 472 Ovidium

1156 487 1193 519 in
1211 486 1731 534 sextoMetamorpl1ose0532),
1760 501 1870 534 quare
1886 487 2041 523 hirundo
2061 491 2155 524 dicta

1156 539 1200 572 sit
1217 538 1415 572 Pandionis
1431 540 1515 572 filia.
1570 539 1740 583 Comperi
1764 546 1881 572 autem
1905 541 2014 574 latere
2037 540 2155 575 hieme

1156 587 1368 623 hirundines
1395 590 1432 622 in
1457 590 1543 623 nido
1567 603 1630 623 ς’ῑο
1651 597 1824 636 tauquam
1842 597 2012 625 mortuas.
2066 593 2156 625 Pro-

1158 641 1240 673 inde
1266 652 1339 673 non
1363 648 1450 684 puto
1476 642 1620 674 avolare
1645 654 1718 681 eas..
1769 641 1899 674 Totam
1921 639 2073 676 hiemem
2093 642 2156 676 ha-

1158 693 1243 725 bent
1260 703 1378 724 secum
1396 692 1550 725 recentia
1570 704 1650 726 ova.
1704 692 1937 725 Reviviscuut
1955 700 2073 726 autem
2091 696 2155 727 sub

1159 748 1341 777 aestatem.
1401 743 1522 788 Quare
1544 743 1661 776 iudico
1680 743 1844 776 mirabile
1866 745 2046 788 quoddam
2067 757 2156 789 opus

1159 806 1232 827 esse
1266 805 1306 826 ac
1332 794 1525 838 imaginem
1551 795 1821 828 resurrectionis
1848 801 2056 829 nostrorum
2081 808 2157 828 cor-

1158 857 1301 889 porum.

1262 908 1295 929 v.
1314 893 1399 928 570.
1426 894 1548 940 (568.)
1580 895 1656 941 Τι’·,ν
1684 894 1883 942 φθάμενος
1905 897 2024 942 οἴνας]
2054 897 2157 931 Sum-

1159 959 1215 979 ma
1239 944 1345 979 huius
1359 946 1429 978 loci
1446 953 1516 986 est,
1545 949 1641 992 quod
1658 953 1818 992 tempore
1837 948 1929 981 veris
1944 949 2016 981 sint
2033 961 2158 993 ampu-

1160 999 1288 1030 tandae
1307 997 1415 1036 vites,
1444 1010 1508 1030 uec
1529 999 1574 1031 sit
1591 1000 1868 1042 expectandum,
1903 1001 2016 1032 donec
2041 1001 2158 1033 maior

1161 1055 1277 1081 aestus
1296 1049 1494 1082 advenerit.
1549 1049 1711 1093 Turgent
1727 1051 1820 1082 enim
1841 1057 1923 1083 tunc
1948 1051 1985 1083 in
2009 1052 2157 1095 palmite

1163 1112 1345 1143 gemmae,
1387 1111 1451 1132 nec
1474 1106 1591 1144 potest
1613 1113 1685 1134 esse
1710 1101 1786 1134 sine
1807 1102 1986 1146 periculo,
2021 1103 2051 1136 si
2074 1109 2159 1135 tunc

1160 1157 1330 1195 putentur
1347 1150 1446 1184 vites.
1526 1151 1642 1197 οἴνας]
1670 1152 1793 1186 dicunt
1810 1153 2007 1196 significare
2031 1153 2160 1197 palmi-

1161 1208 1230 1242 tes,
1259 1201 1472 1234 vocabulum
1491 1208 1590 1236 vetus
1609 1210 1678 1244 est,
1703 1206 1797 1248 apud
1817 1204 1974 1238 iuniores
2001 1204 2161 1250 ἄμπελος

1161 1265 1198 1285 m
1215 1265 1293 1286 usu.

1263 1316 1296 1337 v.
1321 1302 1407 1337 571.
1436 1301 1558 1350 (569.)
1593 1303 1686 1339 'Am'
1715 1302 1856 1340 ὁπόταν
1873 1306 1918 1351 33)
1953 1304 2159 1352 φερέοικος]

1160 1354 1238 1387 Hoc
1254 1360 1445 1399 praecepto
1464 1355 1586 1389 messis
1609 1362 1748 1400 tempus
1771 1357 1949 1390 describit.
2004 1357 2159 1402 Quando

1162 1411 1297 1445 aestus,
1324 1406 1463 1451 inquit,
1500 1407 1657 1450 coeperit
1673 1419 1745 1440 esse
1761 1406 2028 1447 vehementior,
2055 1408 2102 1440 ita
2121 1414 2162 1441 ut

1162 1463 1340 1501 quaerant
1353 1454 1560 1490 humidiora
1578 1458 1654 1490 loca
1680 1459 1893 1499 testudines,
1929 1459 2062 1504 tum34)
2088 1459 2161 1492 falx

1162 1507 1229 1540 erit
1265 1509 1424 1541 acuenda
1461 1513 1496 1541 et
1531 1520 1627 1552 seges
1656 1510 1881 1544 demetenda.
1949 1509 2014 1543 Est
2041 1516 2160 1543 autem

1163 1559 1311 1591 omnino
1337 1558 1584 1603 tempestivior
1606 1561 1728 1594 messis
1745 1561 1891 1595 Graecis
1916 1574 2023 1607 quam
2046 1561 2162 1596 nobis.

1162 1611 1253 1644 Sunt
1282 1610 1377 1643 enim
1412 1611 1463 1643 illi
1498 1611 1611 1655 magis
1643 1614 1688 1645 ad
1716 1613 1889 1646 orientem
1916 1619 1950 1646 et
1973 1613 2162 1646 meridiem

1163 1675 1271 1707 quam
1287 1674 1365 1696 nos.
1421 1662 1543 1707 Quare
1567 1663 1709 1696 variant
1734 1662 1820 1697 haec
1844 1670 2052 1708 praecepta,
2097 1676 2163 1696 nec

1163 1714 1207 1746 ad
1226 1713 1382 1757 singulas
1398 1713 1560 1757 regiones
1578 1716 1843 1748 accommodari
1859 1721 2019 1760 possunt.
2097 1727 2163 1761 φε-

1163 1763 1318 1810 ρέοικος]
1350 1763 1547 1809 Epitheton
1570 1767 1758 1801 testudinis
1790 1774 1859 1805 est3
1904 1766 2034 1800 dicitur
2066 1766 2163 1799 enim

1163 1816 1390 1859 domiporta‚
1419 1818 1516 1862 quod
1534 1818 1637 1850 aedes
1660 1830 1741 1851 suas
1767 1818 2006 1852 circumferat.
2067 1817 2162 1851 Nota

1164 1874 1214 1901 est
1231 1867 1350 1900 falmla
1369 1869 1411 1900 de
1429 1869 1604 1901 testudine
1614 1869 1673 1916 ³⁵),
1703 1882 1793 1914 quae
1812 1870 1887 1903 sola
1904 1869 2005 1903 domi
2021 1880 2164 1902 reman-

1163 1919 1226 1958 sit,
1280 1930 1360 1951 cum
1392 1919 1529 1964 reliqua
1563 1919 1761 1954 animantia
1794 1922 1915 1954 omnia
1945 1920 2164 1955 suavissimis

1164 1970 1277 2014 epulis
1292 1968 1386 2003 Iovis
1403 1971 1737 2017 accipiebantur-3⁶).

1268 2034 1300 2055 V.
1328 2019 1415 2056 572.
1446 2020 1567 2068 (570.)
1612 2019 1771 2068 σκάφος]
1808 2024 2085 2057 instrumentum
2113 2028 2163 2055 est

1164 2073 1335 2106 rusticum
1353 2074 1446 2117 apud
1466 2073 1649 2107 Pollucem
1666 2074 1724 2119 37).

1200 2206 1248 2237 31)
1270 2204 1370 2235 Τόνδε]
1403 2206 1443 2230 sic
1468 2206 1534 2229 inae
1559 2206 1644 2230 Editt.
1672 2207 1699 2229 et
1723 2205 1806 2230 Editt.
1833 2206 1984 2238 Brunckq*
2004 2205 2163 2237 Gaisford.;

1234 2242 1318 2265 Editt.
1339 2241 1460 2271 Goetti.,
1481 2241 1570 2264 Diibn.
1590 2239 1640 2264 τόν
1659 2238 1697 2265 δὲ.

1199 2284 1249 2312 32)
1270 2284 1351 2308 Ovtd.
1370 2284 1480 2307 Metam.
1500 2283 1548 2314 Vl,
1567 2284 1724 2307 426—676.

1201 2328 1250 2355 33)
1270 2324 1398 2366 ὁπόταν)
1411 2326 1533 2367 s'iejilae
1551 2327 1652 2357 Editt.;
1678 2326 1763 2352 Editt.
1783 2327 1913 2359 Brunck,
1934 2327 2034 2359 Gaisr.‚
2054 2328 2167 2359 (εἶπαι,

1237 2363 1324 2385 Diibn.
1347 2368 1416 2384 οποτ
1449 2368 1493 2384 (ιν.

1202 2403 1249 2435 34)
1270 2404 1340 2433 tum]
1360 2403 1401 2426 sic
1419 2408 1514 2427 omnes
1539 2403 1605 2427 illae
1623 2403 1725 2435 Editt„
1760 2404 1876 2433 excepta
1900 2403 1950 2428 Ed.
1972 2404 2063 2436 1532„
2095 2410 2164 2435 quae

1238 2439 1333 2462 habet:
1358 2438 1421 2461 iam.

1204 2480 1252 2511 35)
1271 2480 1375 2510 Aesopi
1396 2481 1450 2503 fab.
1462 2479 1592 2502 LXXIX.
1617 2478 1686 2508 Ζεύς
1705 2480 1846 2511 inscripta.

1206 2524 1254 2554 36)
1273 2523 1493 2553 accipiebantur]
1513 2522 1552 2546 sic
1571 2528 1666 2546 omnes
1685 2524 1769 2549 Editt.
1788 2524 1870 2556 inae,
1891 2526 2004 2556 excepta
2016 2525 2065 2549 Ed.
2081 2525 2167 2557 ¹557„

1240 2559 1286 2582 ubi
1305 2558 1423 2588 legitur:
1451 2557 1650 2586 acciperentur.

1207 2601 1256 2628 37)
1275 2600 1372 2623 Pollux
1391 2599 1486 2622 varias
1505 2598 1585 2622 huius
1604 2599 1682 2623 vocis
1703 2600 1784 2623 affert
1803 2599 2037 2631 significationes,
2063 2600 2127 2624 vide
2145 2601 2166 2626 l.

1242 2633 1268 2666 §.
1283 2633 1324 2657 82.
1344 2633 1386 2657 92.
1413 2633 1446 2662 ΙΙ,
1464 2634 1522 2662 85.;
1558 2634 1632 2658 inter
1656 2634 1840 2658 instrumenta
1864 2636 1967 2658 rustica
1989 2637 2097 2663 autem,
2132 2636 2165 2658 de

1243 2668 1340 2698 quibus
1366 2668 1383 2691 ι.
1398 2668 1433 2691 x.
1458 2674 1480 2691 c.
1495 2668 1537 2692 29.
1563 2668 1693 2700 disserit,
1728 2667 1754 2700 §.
1777 2669 1834 2694 129.
1858 2670 1982 2702 σκαφίον
2005 2671 2034 2693 et
2058 2663 2165 2701 §.naa

1243 2700 1377 2734 σκαφίδες
1395 2704 1535 2726 memorat.
1557 2737 1603 2772 16
