2373 2980
180 89 254 123 713
489 85 611 120 LXIV.

202 174 226 208 5
255 171 456 218 Iphigenia,
482 173 553 206 filia
565 171 823 219 Tyndaridis&
842 173 1157 219 Clytaemnestrae.

229 225 287 257 Me
307 225 396 256 circa
415 225 588 263 vortices,
615 236 706 270 quos
721 225 846 258 crebro
864 225 1020 270 Euripus
1039 227 1156 260 densis
1202 235 1203 258 1

225 275 332 309 Auris
349 275 487 319 agitans
499 303 508 317 ,
539 276 646 309 vertit
663 276 865 309 caeruleum
884 289 1003 317 mare,

225 326 399 360 Mactavit
415 334 565 372 propter
583 327 756 360 Helenam
768 353 779 367 ,
805 334 844 361 ut
863 334 987 372 putat,
1014 334 1116 372 pater

222 377 361 411 Dianae
374 405 383 418 ,
412 379 448 412 in
467 379 563 413 claro
582 378 663 412 sinu
680 378 839 419 Aulidis,

177 429 224 463 10
251 429 323 463 Ubi
341 429 438 464 mille
456 431 603 464 navium
627 429 772 463 classem

224 480 444 515 Graecorum
464 480 642 515 contraxit
658 480 908 524 Agamemnon
927 493 1006 521 rex,

223 531 460 567 Victoriosam
482 545 653 567 coronam
672 531 728 564 Ilii
745 533 868 566 volens

223 583 358 628 Capere
371 584 545 625 Graecos,
575 590 608 617 et
619 582 648 629 ⁵)
668 583 884 617 contumelia
902 583 1066 617 affectum
1089 595 1171 616 con-
1197 584 1199 632 j

594 635 744 669 nubium

220 685 377 720 Helenae
414 688 537 721 volens
572 686 764 732 persequi,

588 739 716 771 ferens.

816 686 981 719 Menelao
1018 686 1169 729 gratiam

171 786 217 821 15
245 788 333 821 Cum
353 790 448 822 enim
469 796 557 823 esset
573 789 762 822 difficultas
778 787 990 831 navigandi,
1018 800 1170 833 cumque
1196 800 1198 832 ;

555 853 629 873 non
645 838 819 873 haberent
840 846 964 871 ventos
983 841 1169 879 secundos,

219 889 275 923 Ad
292 890 410 934 ignem
428 891 612 925 fatidicum
631 891 729 924 veuit
748 887 916 930 Calchas,
944 896 978 923 et
996 891 1097 924 dicit:

219 941 253 974 O
269 942 329 987 qui
348 954 383 976 es
400 944 471 976 dux
491 943 663 976 exercitus
680 940 786 975 huius
804 942 973 987 GraeciG)
985 969 993 979 ,

223 994 469 1036 Agamemnon
481 1020 490 1034 ,
524 1006 598 1026 non
615 994 770 1028 discedet
786 999 894 1038 portu
910 993 1030 1032 navis,

218 1043 435 1090 Priusquam
454 1045 562 1078 filiam
581 1051 679 1079 tuam
699 1042 921 1089 Iphigeniam
940 1044 1057 1077 Diana

166 1093 217 1129 20
242 1095 446 1144 Accipiat7)
469 1103 681 1135 mactatam;
724 1098 821 1141 quod
848 1097 942 1129 enim
969 1108 1084 1129 annus
1107 1107 1166 1139 pa-

583 1154 678 1181 reret
696 1147 754 1180 ille

216 1196 527 1239 pulcherrimum,
569 1199 702 1232 novisti
723 1197 909 1232 Luciferae
938 1205 971 1232 te
994 1197 1167 1232 sacrifica-

583 1256 702 1283 turum
721 1249 830 1284 Deae.

216 1298 346 1332 Filiam
367 1299 488 1346 itaque
506 1301 542 1333 in
562 1302 671 1334 domo
690 1308 750 1335 tua
771 1302 926 1335 coniunx
943 1299 1168 1345 Clytaemne-

583 1352 680 1386 stra⁸

214 1400 378 1445 Peperit,
415 1402 649 1447 (transferens
682 1354 719 1436 in
751 1415 808 1435 me
835 1403 978 1436 laudem
1006 1415 1166 1436 summae

580 1453 889 1501 pulchritudinis,)

219 1502 338 1547 Quam
372 1511 516 1547 oportet
550 1512 583 1539 te
617 1506 817 1539 immolare.
877 1505 922 1538 Et
951 1517 1006 1537 me
1032 1504 1166 1550 Ulyssis
1193 1521 1195 1531 ι

585 1558 721 1590 artibus

163 1601 213 1639 25
246 1603 279 1637 A
315 1612 430 1639 matre
467 1606 695 1640 abduxerunt
737 1606 839 1652 quasi
856 1605 887 1650 ⁹)
933 1607 977 1639 ad
1021 1606 1166 1651 nuptias

577 1656 738 1692 Achillis.

215 1705 378 1753 Cumque
401 1708 568 1743 Aulidem
594 1710 770 1744 venissem
795 1708 944 1748 misera,
977 1721 1084 1753 super
1107 1721 1164 1742 ro-

576 1773 660 1806 gum

213 1808 383 1844 Sublimis
400 1810 572 1845 collocata
595 1825 693 1846 eram
705 1839 715 1853 ,
744 1811 987 1845 interficienda
1005 1811 1143 1855 gladio;

210 1860 346 1895 Verum
363 1863 480 1896 furata
499 1869 571 1904 est,
600 1876 741 1898 cervam
758 1875 825 1908 pro
841 1876 898 1896 me
916 1862 1106 1897 subiiciens

212 1911 330 1946 Diana
347 1913 512 1955 Graecis,
540 1921 574 1948 et
592 1928 657 1960 per
673 1916 831 1950 lucidum
851 1926 969 1948 aerem

161 1963 210 1998 30
235 1963 382 1999 Dimisit
412 1971 446 1999 et
477 1966 666 2001 collocavit
693 1980 751 2002 me
786 1967 824 2000 in
853 1965 921 2000 hac
945 1972 1041 1999 terra
1065 1965 1160 2000 Tau-

575 2031 700 2053 rorum

210 2064 251 2098 In
269 2077 338 2111 qua
357 2072 451 2099 terra
471 2067 627 2112 imperat
643 2046 806 2104 barl2aris
823 2070 999 2103 barbarus

212 2114 354 2158 Thoas,
382 2118 443 2163 qui
459 2119 607 2153 celerem
625 2122 751 2166 pedem
769 2121 873 2166 ponit
890 2121 987 2154 velut
1006 2121 1097 2160 ales,

193 2235 224 2262 4)
243 2234 426 2264 Tyndaridis]
450 2235 490 2259 sic
514 2235 598 2261 Editt.
616 2236 708 2267 1562.,
733 2238 830 2267 Bam„
856 2237 978 2267 Musgr.;
1018 2238 1065 2262 Ed.
1086 2239 1158 2261 1555.

226 2268 378 2298 Tyndaris.

190 2320 222 2347 5)
242 2320 285 2348 et]
303 2319 343 2343 sic
363 2318 409 2350 (=
428 2322 494 2344 text.
514 2319 571 2352 gr.)
592 2321 675 2345 Editt.
692 2322 766 2346 1562.
786 2323 813 2345 et
832 2324 965 2351 recentt.;
986 2323 1011 2346 in
1023 2323 1071 2346 Ed.
1086 2324 1157 2347 1555.
1185 2338 1186 2344 ,

227 2354 313 2377 deest.

191 2404 222 2432 6)
240 2405 320 2428 liuius
340 2405 456 2435 Graeci]
482 2406 523 2430 sic
551 2406 598 2437 (=
615 2409 678 2432 text.
697 2407 753 2439 gr.)
779 2408 862 2432 Editt.
885 2408 959 2432 1562.
979 2410 1005 2432 et
1024 2411 1156 2438 ret-emm
1183 2430 1184 2440 ¹

231 2439 256 2462 in
276 2440 326 2465 Ed.
349 2440 423 2464 1558.
444 2441 554 2464 desunt.
1183 2442 1185 2456 ⁸

190 2488 220 2520 7)
239 2490 378 2521 Accipiat}
402 2491 441 2515 sic
455 2492 538 2515 Editt.
554 2493 638 2522 1558„
660 2493 751 2523 1562.;
774 2493 855 2517 Editt.
871 2496 991 2519 recent.:
1012 2495 1156 2523 Acceperit
1181 2528 1183 2533 ‚

226 2523 334 2555 (Eun-ip.
353 2524 457 2557 λάβοι),
1181 2535 1182 2540 ¹

189 2577 221 2606 8)
241 2576 479 2606 Clytaemnestra]
499 2577 538 2602 sic
558 2577 605 2609 (=
619 2579 688 2603 text.
707 2580 764 2609 gr.)
784 2578 951 2604 Editt.'1562.
973 2580 1000 2603 et
1019 2580 1152 2604 receutt.:

224 2610 251 2634 in
270 2611 319 2634 Ed.
341 2612 414 2635 1558.
435 2612 523 2636 deest.

188 2661 219 2689 9)
239 2661 331 2691 quasi]
350 2661 391 2685 sic
404 2662 486 2686 Editt.
503 2663 578 2689 1562,
600 2665 626 2687 et
645 2664 778 2693 recentt.;
810 2663 836 2686 in
856 2664 905 2688 Ed.
920 2664 992 2687 1558.
1015 2664 1055 2695 (et
1075 2667 1151 2687 textu

222 2697 279 2726 gr.)
299 2702 353 2720 non
373 2696 483 2727 legitur.

666 85 1064 123 INTERPRETATIO
1091 88 1330 125 EURIPIDIS
1357 89 1634 126 IPHIGEMAE
1661 92 1709 127 IN
1739 94 1926 131 TAURIS.

2158 101 2231 135 714

1201 182 1205 211 Ι

1202 216 1203 231 ¹
1281 178 1386 211 Unde
1404 175 1471 212 hoc
1488 179 1675 225 nomen'⁰)
1693 177 1801 214 habet
1819 189 1967 227 propter
1983 185 2114 229 pedum
2141 187 2228 219 cele—

1645 231 1799 266 ritatem.

1278 277 1309 312 Is
1329 279 1364 312 in
1382 278 1449 313 lioc
1469 282 1600 326 templo
1618 283 1850 317 sacrificulam
1867 285 1951 318 facit
1968 298 2043 327 me,

1228 328 1276 363 35
1307 330 1374 363 Ubi
1390 331 1525 375 legibus
1544 333 1673 367 talibus
1692 335 1886 370 delectatur
1904 336 1980 370 Dea

1276 380 1393 414 Diana
1406 408 1414 422 ,
1442 383 1541 416 cuius
1558 384 1757 420 festivitatis
1774 399 1907 421 nomen
1929 394 2068 422 tanturn
2095 396 2146 424 est
2163 388 2226 423 ho-

1639 443 1792 471 nestum.

1279 482 1427 516 Caetera
1448 491 1565 524 taceo,
1593 485 1706 520 Deam
1727 491 1892 524 reverita.

1277 534 1443 568 Sacrifico
1462 536 1555 569 enim
1574 537 1761 582 (existente
1778 539 1843 573 hac
1862 542 1935 585 lege
1953 543 2146 591 x‘eteri¹¹))

1277 585 1492 631 Quicunque
1510 586 1578 621 huc
1597 590 1777 633 appulerit
1797 606 1808 623 x
1820 593 1849 624 ir
1865 593 2041 634 Graecus,

1197 647 1199 653 ’
1226 634 1274 670 40
1302 637 1409 670 Facio
1428 644 1564 672 tantum
1588 640 1782 684 primitias;
1818 645 1877 676 sed
1907 644 2049 678 victima
2075 647 2152 681 aliis
2175 653 2226 680 est

1641 704 1766 732 curae,

1275 738 1358 774 Non
1376 739 1525 774 dicenda
1537 741 1582 789 12)
1600 741 1693 776 intra
1711 741 1779 778 hoc
1799 746 1970 790 templum
1990 747 2099 782 Deae.

1274 789 1348 823 Iam
1367 804 1460 836 quae
1474 805 1546 826 nox
1565 795 1684 828 attulit
1700 797 1855 830 recentia
1878 798 1951 832 visa
1963 825 1972 838 ,

1278 841 1402 875 Dicam
1421 845 1465 877 ad
1485 857 1600 878 aerem
1613 873 1622 885 ,
1651 847 1678 880 si
1698 849 1792 893 quod
1812 847 1879 882 hoc
1896 856 1946 883 est
1963 851 2173 884 remedium.

1196 931 1197 934 Ἰ
1274 893 1432 927 Videbar
1450 896 1486 928 in
1504 909 1653 937 somno,
1682 899 1802 933 relicta
1822 899 1888 933 liac
1907 907 2013 941 terra,

1196 939 1197 993 j
1226 943 1273 978 45
1301 945 1473 980 Habitare
1489 949 1593 992 Argis
1606 948 1670 996 ¹³),
1699 957 1732 983 et
1748 951 1841 984 inter
1857 953 2013 996 virgines

1274 996 1462 1036 Dor1ni1·e;
1491 1006 1606 1033 terrae
1625 1007 1743 1034 autem
1762 1009 1899 1047 tergum
1919 1011 2019 1038 motu
2038 1004 2191 1037 concuti.

1272 1048 1430 1082 Videbar
1448 1057 1567 1084 autem
1589 1052 1732 1096 fugere,
1759 1061 1793 1087 et
1816 1055 1903 1089 soris
1924 1063 2021 1090 stans
2043 1055 2222 1099 fastigium

1633 1104 1776 1138 intueor

1272 1151 1425 1185 Aedium
1444 1153 1583 1194 cadere,
1610 1161 1645 1188 et
1663 1162 1775 1189 totam
1793 1169 1897 1192 ruere
1915 1159 2222 1204 contignationem

1274 1202 1457 1236 Deiectam
1475 1205 1519 1237 ad
1535 1206 1651 1239 solum
1663 1206 1709 1253 14)
1729 1221 1770 1242 ex
1788 1209 1868 1244 imis
1884 1211 2057 1254 postibus.

1222 1253 1271 1287 50
1299 1254 1437 1288 Relicta
1455 1256 1521 1289 fuit
1539 1270 1608 1290 una
1629 1259 1815 1300 columna,
1844 1268 1883 1295 ut
1901 1263 2093 1306 putabam,

1273 1305 1449 1340 Paternae
1467 1308 1613 1346 domus;
1636 1322 1677 1343 ex
1692 1311 1832 1356 fastigio
1850 1325 1936 1346 vero
1953 1314 2141 1348 columnae
2153 1312 2197 1358 l⁵)

1639 1374 1780 1396 comam

1272 1407 1419 1441 Flavam
1439 1413 1626 1455 suspendi,
1654 1420 1687 1446 et
1705 1414 1765 1447 illa
1785 1415 1973 1451 videbatur
1990 1417 2102 1463 loqui.

1272 1458 1349 1503 Ego
1370 1473 1454 1493 vero
1472 1469 1605 1503 artem,
1643 1477 1751 1509 quam
1776 1464 1832 1500 hic
1856 1480 2022 1509 exerceo,
2059 1469 2222 1502 occidens

1633 1512 1791 1560 hospites
1802 1544 1810 1557 ,

1272 1560 1464 1596 Honorans
1482 1576 1574 1609 aqua
1595 1578 1695 1607 eum,
1723 1574 1758 1601 et
1773 1575 1945 1614 tanquam
1964 1578 2147 1605 mortuum
2160 1572 2221 1617 ¹⁶),

1220 1611 1269 1646 55
1296 1611 1535 1655 Lamentans,
1564 1616 1612 1650 sic
1629 1619 1809 1653 somnium
1829 1621 2048 1666 interpretor
2063 1621 2149 1656 hoc:

1270 1664 1437 1699 Mortuus
1456 1674 1506 1700 est
1525 1666 1687 1710 Orestes,
1716 1683 1821 1716 quem
1839 1671 2024 1706 initiabam
2043 1687 2120 1718 ego.

1270 1715 1502 1756 „Columnae
1528 1720 1623 1753 enim
1649 1721 1867 1757 familiarum
1891 1731 1973 1758 sunt
1997 1726 2100 1759 liberi
2130 1739 2222 1760 mas-

1632 1773 1713 1808 culi.

1266 1818 1486 1861 Moriuntur,
1496 1828 1686 1868 postquam
1699 1825 1840 1860 lavacra
1853 1836 2093 1873 conspergunt
2103 1829 2219 1876 me¹⁷).

1268 1870 1350 1904 Non
1368 1872 1450 1905 volo
1471 1878 1748 1911 accommodare
1768 1879 1813 1912 ad
1830 1879 1963 1913 amicos
1980 1882 2173 1915 somnium.

1253 1954 1297 1986 10)
1316 1955 1367 1979 hoc
1393 1962 1492 1981 nomen
1518 1957 1595 1988 (scil.
1621 1959 1746 1991 Thoas)]
1779 1962 1820 1986 his
1846 1963 1939 1988 verbis
1964 1965 1991 1988 in
2020 1970 2107 1997 marg.
2131 1966 2215 1990 Editt.

1286 1990 1377 2021 1558,
1406 1992 1480 2016 1562.
1500 1994 1642 2024 adscripta
1661 1998 1705 2019 est
1723 1998 1881 2022 annotatio:
1905 1997 1972 2026 θοὸς
1990 2000 2061 2023 enim
2080 2000 2154 2024 celer
2175 2004 2218 2024 est

1285 2024 1410 2049 Graecis.

1251 2066 1296 2097 11)
1316 2070 1367 2092 hac
1387 2069 1449 2100 lege
1468 2070 1574 2099 veteri]
1595 2071 1634 2096 sic
1654 2073 1736 2097 Editt.
1759 2075 1850 2101 1553..

1284 2102 1333 2129 (Ξ
1353 2103 1420 2128 text.
1441 2105 1499 2134 gr.)
1517 2105 1637 2130 addunt:
1664 2107 1779 2134 civitati.

1251 2142 1294 2174 12)
1314 2143 1426 2169 victima
1444 2165 1450 2171 .
1471 2164 1477 2169 .
1497 2164 1504 2170 .
1523 2147 1582 2171 Non
1603 2148 1731 2179 dicenda]
1752 2151 1794 2174 sio
1807 2152 1891 2176 Editt.
1909 2154 1995 2184 1558„
2018 2154 2109 2185 15623
2129 2156 2212 2181 Editt.

1283 2180 1405 2203 recent.:
1433 2181 1533 2205 caedes
1554 2201 1559 2206 .
1582 2201 1587 2205 .
1608 2202 1613 2207 .
1635 2184 1785 2209 Nefandae.

1249 2220 1294 2252 13)
1314 2222 1415 2253 Argis]
1434 2223 1474 2247 sic
1492 2225 1576 2249 Editt.
1594 2227 1666 2251 1562.
1687 2229 1715 2251 et
1733 2230 1866 2259 recentt.;
1886 2230 1936 2254 Ed.
1954 2232 2029 2257 1558.
2049 2231 2077 2256 in
2095 2234 2190 2264 Argis.

1250 2262 1294 2294 1⁴)
1314 2264 1349 2287 ad
1367 2265 1471 2294 solum]
1490 2266 1531 2291 sic
1549 2268 1650 2298 scripsi
1669 2268 1718 2300 (=
1734 2270 1827 2300 Eurip.
1848 2270 1918 2302 πρὸς
1936 2266 2034 2300 ezidus-2
2064 2275 2148 2299 Editt.
2167 2282 2214 2300 re—

1281 2300 1367 2322 cent.:
1392 2299 1494 2330 humi„
1514 2302 1596 2326 Editt.
1613 2303 1705 2333 1558„
1726 2305 1800 2329 1562.
1821 2307 1906 2330 male:
1932 2309 1965 2331 ad
1984 2308 2092 2334 solium.

1249 2341 1294 2368 15)
1315 2347 1348 2364 ex
1375 2342 1489 2373 fastigio
1514 2345 1674 2375 columnae]
1706 2347 1748 2370 his
1774 2349 1868 2372 verbis
1893 2349 1920 2373 in
1949 2357 2035 2380 marg.
2061 2352 2111 2377 Ed.
2134 2353 2209 2378 1562-

1279 2376 1420 2406 adscripta
1443 2380 1485 2400 cst
1505 2381 1662 2404 aimotatio:
1689 2381 1714 2404 id
1735 2384 1794 2409 est,
1816 2384 1921 2408 vertice
1940 2386 2036 2416 capitis
2054 2387 2115 2411 mei.
2153 2388 2210 2411 Eu-

1281 2411 1366 2434 stath.
1386 2411 1413 2433 in
1433 2411 1456 2435 2.
1473 2414 1500 2435 et
1512 2413 1537 2437 8.
1558 2413 1636 2439 Iliad.
1656 2415 1696 2439 sic
1715 2417 1826 2446 exponit
1842 2421 1868 2441 et
1888 2420 1959 2443 ratio
1979 2421 2121 2449 poscit.-—
2140 2423 2210 2450 [Eu-

1274 2445 1369 2468 stathii
1386 2448 1563 2470 commentar.
1583 2449 1618 2470 ad
1642 2450 1716 2473 Hom.
1732 2450 1761 2474 11.
1778 2451 1812 2483 11,
1835 2452 1891 2477 118.
1912 2455 1940 2477 et
1958 2455 2031 2486 thl,
2051 2456 2118 2485 84.].

1246 2486 1291 2517 16)
1312 2487 1459 2510 Honoraus
1477 2500 1512 2504 —
1531 2492 1681 2520 mortuum]
1701 2493 1743 2516 sic
1766 2493 1849 2518 Editt.
1872 2496 1963 2525 1553,
1997 2499 2089 2525 1562:
2128 2501 2209 2526 Barn.

1279 2524 1328 2547 (z
1346 2522 1413 2544 text.
1434 2524 1493 2551 gr.)
1513 2523 1679 2558 Honorans,
1703 2533 1774 2557 aqua.
1793 2530 1918 2553 lavabam
1939 2532 2026 2562 ipsam
2045 2534 2206 2559 columnam

1277 2557 1307 2577 ut
1327 2554 1408 2578 morti
1426 2555 1600 2585 destinatam.

1243 2595 1288 2627 17)
1308 2598 1452 2627 postquam
1485 2600 1597 2625 lavacra
1629 2608 1815 2636 conspergunt
1847 2608 1914 2636 ine]
1946 2608 1987 2633 sic
2017 2610 2099 2633 Editt.
2122 2612 2206 2636 1555..

1277 2632 1350 2656 1562.
1376 2635 1423 2660 (Ξ
1443 2634 1491 2658 Ed.
1512 2635 1596 2660 Basil.
1618 2638 1691 2662 ¹551.
1717 2637 1753 2666 ὦς
1780 2637 1816 2663 ἄν
1838 2641 1962 2673 χέρνιβες
1991 2641 2099 2674 βάλωσί
2124 2650 2202 2676 με.);

1274 2666 1358 2689 Editt.
1377 2669 1482 2691 recent.
1504 2666 1551 2696 οὓς
1568 2667 1605 2694 ἄν
1621 2672 1745 2704 χέρνιβες
1762 2671 1868 2705 §tiliato-³
1888 2675 1963 2708 ἐμαί.
1983 2691 2017 2696 -
2036 2685 2105 2709 quos
2126 2681 2206 2704 lava—

1275 2706 1324 2725 cra
1342 2706 1403 2725 mea
1421 2705 1639 2732 consperserint.

1876 2076 1968 2107 1562.;
2004 2077 2091 2103 Editt.
2111 2081 2212 2103 recent.
