2373 2980
121 89 196 124 ¹761
424 89 546 126 LXIV.
600 90 998 130 INTERPRETATIO
1023 96 1262 136 EURIPIDIS
1286 101 1561 139 [PHIGEMAE
1588 105 1636 140 IN
1665 107 1851 145 TAURIS.
2084 116 2157 152 762

177 175 274 210 Cher.
315 174 496 210 Generosa
531 178 671 213 soboles
694 178 873 221 Latonae,
910 194 1018 227 quam
1053 196 1112 229 pe·
1168 185 1265 223 1265
1287 187 1327 221 ln
1345 201 1473 223 somno

536 230 629 273 perit
1215 238 1403 275 Dicebant.
1458 241 1572 276 Terra
1591 256 1675 277 vero

127 274 223 312 1235
245 275 368 309 Deliae
380 275 426 323 79)
444 277 480 311 in
500 280 675 317 fertilibus
1214 290 1359 324 Ademit
1377 289 1552 327 honorem
1570 295 1766 330 vaticinum

172 327 333 361 Vallibus
352 329 575 366 auricomum
1214 339 1361 375 Phoebo
1378 342 1513 377 invidia
1531 345 1636 380 filiae.
1691 347 1770 381 Cito

171 376 358 413 Phoebum
376 378 641 424 citharoedum
1213 391 1370 427 Veniens
1389 394 1426 426 in
1443 394 1638 440 Olympum
1655 398 1786 443 Apollo

169 429 216 463 Et
231 443 323 476 quae
342 439 489 477 propter
506 442 617 470 artem
638 437 816 472 iaculandi
1165 443 1263 478 1270
1283 443 1330 478 Et
1345 445 1389 477 ad
1406 446 1525 479 sedem
1544 446 1637 481 lovis
1654 450 1742 483 dixit
1759 450 1825 485 sibi
1843 463 1990 487 manum
2008 454 2154 488 inanem

170 481 389 518 Delectatur.
1581 510 1666 539 esse,

122 531 220 569 1240
242 534 326 568 Fert
343 547 424 568 eum
441 548 459 569 a
477 536 598 572 littore
1213 544 1260 579 Et
1276 552 1316 579 ut
1334 558 1353 579 a
1371 547 1505 591 templo
1522 547 1654 594 Pythio

168 585 356 630 Puerperii
371 587 488 621 locum
510 589 680 636 inclytum
699 591 918 639 relinquens,
1215 597 1329 630 Terra
1347 599 1504 632 auferret

168 636 287 670 Mater
303 644 512 682 stagnorum
1212 647 1440 682 Iracundiam
1457 656 1491 683 et
1509 656 1686 684 nocturna
1702 652 1856 688 somnia.

167 688 224 721 Ad
239 696 483 724 consecratum
500 691 643 726 Baccho
1212 699 1306 734 Risit
1319 699 1472 745 Iupiter,
1501 703 1598 747 quod
1615 702 1706 737 filius
1722 704 1832 744 venit,

166 739 319 774 Parnasi
338 753 522 784 cacumen,
1165 749 1263 787 1275
1286 751 1332 785 Et
1347 753 1444 797 cupit
1460 750 1592 787 hahere
1608 761 1838 799 sumptuosos
1854 757 1979 792 cultus.

119 789 217 827 1245
240 792 312 825 Ubi
327 804 472 837 serpens
492 794 675 839 variegato
695 801 835 840 tergore
1212 803 1409 849 Postquam
1427 805 1602 839 concussit
1619 818 1771 847 comam,

165 842 280 876 Rufus
298 844 343 876 ad
360 845 567 879 umbrosam
587 858 711 880 aereus
1210 854 1310 888 Fecit
1329 867 1464 889 cessare
1485 857 1638 898 somnia,

165 892 324 928 Laurum
336 921 346 935 ,
371 901 488 929 terrae
1212 905 1260 940 Et
1275 907 1521 951 deceptionem

166 945 339 990 Magnum
361 953 583 991 portentum,
1212 958 1437 992 Nocturnam
1457 959 1586 993 exemit
1603 958 1823 1002 hominibus,

167 996 262 1030 Colit
277 997 395 1031 locum
417 998 565 1032 oraculi·
1165 1009 1263 1044 1280
1287 1008 1335 1042 Et
1350 1022 1492 1044 rursum
1511 1012 1667 1045 reddidit
1684 1011 1859 1046 honorem
1874 1011 2037 1055 Phoebo,

117 1046 215 1083 1250
237 1047 378 1093 Ipsum,
404 1062 484 1083 cum
502 1047 618 1083 adhuc
639 1062 731 1085 esses
753 1050 967 1092 infantulus,
991 1050 1108 1086 adhuc
1214 1059 1254 1093 ln
1269 1060 1416 1094 laudata

537 1099 665 1134 charae
1212 1111 1302 1144 Sede
1319 1111 1483 1145 fiduciam
1501 1111 1709 1149 hominibus

163 1149 205 1184 In
220 1149 376 1186 brachiis
392 1152 517 1186 matris
535 1152 677 1192 saliens,
1212 1162 1452 1198 Oraculorum
1465 1163 1523 1211 ⁸⁰).

164 1201 393 1243 Intersecisti,
420 1215 440 1236 o
456 1204 607 1247 Apollo;
631 1210 715 1237 tunc
734 1203 853 1237 adiisti

162 1253 336 1287 Divinum
356 1255 539 1288 oraculum
551 1281 561 1295 ,
587 1254 625 1287 in
641 1267 748 1288 aurea
766 1255 906 1299 tripode

163 1305 296 1338 Sedens
308 1331 318 1345 ,
343 1305 380 1338 in
397 1303 530 1339 throno
549 1318 623 1339 non
641 1306 848 1346 mentiente,

115 1354 211 1392 1255
240 1356 416 1389 Vaticinia
434 1357 623 1390 ostendens
640 1355 860 1397 hominibus,

161 1407 402 1441 oraculorum
420 1420 635 1441 arcanorum
658 1420 822 1442 meorum

160 1458 276 1503 Super
289 1458 423 1492 flumen
441 1459 637 1493 Castalium

157 1509 327 1551 Vicinus,
351 1517 475 1545 tenens
493 1511 652 1544 medium
668 1517 786 1545 terrae
800 1511 932 1545 locum.

160 1559 319 1595 Themin
353 1575 460 1604 vero,
508 1569 624 1596 terrae
656 1563 787 1604 filiam,
831 1562 1000 1609 pepulisti
1035 1563 1102 1597 cir-

525 1626 697 1656 cumlens,

109 1663 208 1702 1260
235 1662 268 1696 A
285 1663 417 1699 divinis
434 1665 588 1699 oraculis
604 1673 781 1700 nocturna

158 1715 306 1749 Somnia
324 1722 418 1749 terra
439 1716 579 1760 genuit:

158 1768 261 1813 Quae
282 1767 422 1802 somnia
440 1765 648 1802 hominibus

155 1819 355 1853 Praeterita
366 1847 376 1861 ,
400 1819 616 1865 praesentia,

156 1870 202 1904 Et
217 1872 351 1912 sutura,

1194 1295 1242 1328 80)
1263 1296 1348 1321 chor.
1369 1297 1512 1321 Generosa
1531 1310 1566 1315 —
1585 1299 1776 1324 oraculorum.
1797 1301 1852 1328 (ve.
1874 1301 2095 1331 1234—1283.)]
2114 1301 2154 1326 sic

1228 1331 1278 1356 Ed.
1300 1332 1392 1361 1562.;
1411 1333 1460 1357 Ed.
1483 1333 1575 1358 1558.:

1265 1366 1350 1390 Cher.
1371 1366 1449 1390 Felix
1467 1373 1535 1396 puer
1554 1368 1649 1391 existit
1669 1369 1793 1392 Latonae
1811 1369 1902 1401 filius,
1922 1377 2001 1401 quem
2020 1370 2084 1395 olim

1262 1401 1359 1424 Deliae
1379 1401 1404 1423 in
1424 1401 1562 1425 fertilibus
1583 1403 1700 1426 vallibus
1719 1403 1887 1428 auricomum

1264 1435 1399 1459 Phoebum
1417 1436 1522 1459 cithara
1546 1437 1671 1468 peritum,

1262 1470 1298 1492 Et
1317 1475 1386 1499 quae
1404 1475 1517 1494 arcuum

1263 1504 1434 1528 laculatione
1451 1505 1562 1535 gaudet,

1261 1539 1329 1562 Fert
1348 1539 1435 1568 ipsum
1456 1545 1473 1562 a
1493 1546 1559 1569 rupe
1578 1540 1686 1564 marina

1262 1573 1406 1602 Puerperii
1425 1574 1512 1598 locum
1532 1575 1665 1605 inclytum
1685 1575 1844 1606 relinquens

1261 1607 1435 1638 Liquidarum
1456 1610 1544 1632 mater
1561 1615 1695 1640 aquarum

1261 1642 1438 1666 Celebratum
1456 1649 1473 1666 a
1491 1645 1595 1668 Baccho

1257 1677 1300 1700 Ad
1321 1677 1484 1701 Parnasium
1503 1680 1632 1710 montem,

1261 1712 1314 1735 Ubi
1333 1712 1438 1735 varium
1458 1714 1566 1743 tergum
1585 1715 1687 1738 habens
1708 1715 1780 1738 teter
1799 1715 1930 1745 adspectu
1951 1715 2035 1741 draco

1262 1747 1317 1770 Sub
1336 1751 1422 1775 opaca
1441 1748 1550 1771 omniuo
1570 1748 1680 1772 ferreus

1261 1781 1409 1804 Frondosa
1426 1787 1494 1805 auro
1506 1798 1513 1809 ,
1533 1784 1627 1807 terrae

1259 1815 1379 1838 Immane
1397 1818 1552 1840 monstrum

1260 1849 1386 1874 Custodit
1404 1850 1527 1873 vaticinii
1546 1852 1634 1875 locum
1654 1853 1827 1880 terrestrem.

1260 1885 1356 1908 Adhuc
1372 1884 1458 1913 ipsum
1478 1884 1587 1915 infans,
1606 1887 1694 1911 adhuc
1712 1889 1811 1913 charae

1258 1919 1289 1942 ln
1309 1919 1404 1942 matris
1422 1919 1495 1942 ulnis
1514 1921 1629 1952 saliens,

1258 1953 1442 1978 interfecisti,
1462 1960 1477 1977 o
1497 1954 1620 1987 Phoebe,
1644 1958 1671 1980 et
1689 1957 1716 1981 in
1736 1958 1867 1983 vaticinia

1258 1988 1453 2012 conscendisti
1471 1989 1580 2019 divina,
1600 1993 1627 2015 et
1646 1992 1753 2023 tripode
1772 1993 1799 2016 in
1819 1999 1904 2017 aureo

1257 2023 1344 2045 Sedes
1368 2022 1395 2046 in
1413 2024 1506 2047 veraci
1527 2025 1603 2056 sede,

521 2047 632 2071 perage·
1256 2057 1399 2081 vaticinia
1417 2059 1580 2083 mortalibus
1599 2060 1694 2092 edens,

211 2008 277 2032 ΤΙιο.
313 2007 370 2038 Ea,
401 2012 470 2037 quae
500 2006 535 2031 ad
558 2006 643 2030 Deam
676 2005 810 2035 attinent,
843 2004 934 2029 otiose
963 2010 995 2029 ac
1025 2007 1101 2030 recte

210 2076 270 2107 lph.
286 2075 420 2100 Ontinam
430 2076 493 2100 volo
508 2076 628 2105 expiatio
641 2075 707 2098 haec
720 2074 809 2098 cadat.
830 2074 897 2099 Tho.
917 2075 977 2098 Una
989 2081 1099 2104 precor.

209 2111 271 2142 lph.
291 2111 362 2134 Istos
381 2111 492 2140 prodire
511 2111 587 2134 certe
605 2110 659 2133 iam
678 2115 693 2132 e
712 2109 791 2132 domo
810 2108 890 2132 video
909 2109 1039 2139 hospites,

208 2147 244 2170 Et
266 2146 342 2169 Deae
367 2146 510 2177 ornatum,
541 2146 568 2169 et
596 2145 710 2168 iuvenes
737 2144 830 2173 viros,
861 2146 990 2174 tanquam
1014 2144 1099 2168 caede

518 2180 629 2204 caedem

208 2214 396 2239 Execrabilem
426 2214 550 2245 abluam,
588 2215 616 2237 et
646 2213 724 2237 iubar
754 2212 927 2245 lampadum,
959 2213 986 2237 et
1012 2218 1099 2244 quae-

560 2255 574 2272 n
596 2255 630 2272 ue

207 2283 359 2307 Procuravi
378 2289 429 2314 ego
449 2284 484 2307 ad
502 2255 767 2313 fuciiiisqhospitib11S‚
796 2283 822 2306 et
842 2283 915 2306 Deae
933 2282 1098 2306 lustratoria

518 2324 609 2342 sacra.

207 2353 315 2375 Abesse
336 2358 402 2375 vero
423 2353 498 2377 edico
517 2352 622 2377 civibus
641 2354 675 2377 ab
693 2353 744 2376 hoc
763 2352 878 2382 piaculo.
1045 2385 1060 2390 ..

209 2386 238 2409 Si
259 2386 319 2416 quis
337 2389 385 2409 aut
404 2388 564 2417 templorum
583 2388 676 2411 custos
695 2393 794 2411 manus
814 2392 897 2417 puras
918 2385 998 2410 offert
1017 2386 1076 2409 Dus

206 2422 262 2444 Aut
280 2421 389 2450 nuptias
409 2421 429 2444 it
446 2424 654 2451 contracturus,
673 2423 721 2446 aut
740 2423 819 2452 partu
839 2422 985 2452 gravatur,

208 2455 325 2486 Fugite,
344 2456 403 2479 loco
423 2456 526 2489 cedite,
546 2463 580 2480 ne
597 2456 640 2479 cui
658 2456 765 2481 accidat
783 2457 850 2480 haec
866 2455 1013 2479 execratio.

208 2490 230 2514 0
250 2490 324 2515 lovis
344 2491 372 2513 et
388 2491 512 2514 Latonae
532 2491 628 2522 regina
646 2491 746 2522 virgo,
766 2491 790 2514 si
809 2491 918 2514 abluam
940 2489 1050 2513 caedem
1074 2522 1079 2528 .

208 2525 328 2555 Horum,
359 2526 387 2547 et
412 2525 627 2555 immolabimus,
656 2528 687 2549 ut
713 2526 806 2556 decet,
838 2530 934 2556 puram
960 2524 1095 2548 habitabis

516 2561 634 2592 domum,

207 2593 316 2617 Felices
336 2600 403 2618 vero
422 2600 472 2618 nos
491 2595 600 2619 erimuS.
637 2594 755 2619 Caetera
773 2601 827 2619 non
847 2594 1015 2625 proloquens

206 2628 291 2652 Plura
309 2629 459 2653 scientibus
477 2629 556 2661 Diis,
575 2629 676 2660 tibique
695 2629 769 2654 Deae
786 2630 869 2653 innuo
889 2631 988 2652 tamen.

135 2678 286 2738 ⁷⁹)·?¹;?T·
302 2680 408 2711 peperit
425 2679 532 2713 Deliae]
553 2681 592 2705 sic
610 2681 725 2713 scripsi;
744 2682 792 2706 Ed.
814 2681 889 2706 1562.
909 2686 986 2711 quem
1007 2685 1092 2710 pepe-

171 2721 194 2737 rt
251 2721 266 2738 e
280 2720 315 2739 la.

1258 2092 1386 2115 oraculis
1406 2093 1475 2116 meis
1492 2093 1644 2118 inaccessis

1256 2127 1347 2156 Supra
1366 2127 1509 2151 Castaliae
1529 2129 1612 2153 fontis
1631 2131 1732 2153 fluenta

1255 2160 1363 2184 vicinis
1382 2162 1501 2186 medium
1521 2164 1605 2188 totius
1625 2166 1719 2188 terrae
1737 2163 1892 2188 inhabitans
1911 2165 2051 2195 templum.

1255 2196 1367 2219 Themin
1385 2202 1451 2220 vero
1470 2199 1564 2222 terrae
1581 2200 1730 2230 accedens,
1749 2199 1832 2222 filiam
1851 2200 1962 2231 repulit,

1256 2231 1280 2253 A
1300 2230 1391 2254 sacris
1410 2232 1549 2255 vaticiniis
1569 2235 1704 2257 nocturna

1255 2264 1320 2294 Ipsa
1336 2266 1420 2289 tellus
1437 2267 1579 2291 emittebat
1597 2268 1668 2292 visa.

1257 2300 1334 2328 Quae
1352 2300 1492 2330 plerisque
1510 2303 1667 2326 mortalium

1254 2334 1290 2357 Et
1309 2334 1398 2363 prima
1417 2338 1444 2358 et
1463 2336 1607 2365 sequentia

1252 2369 1289 2392 Et
1307 2374 1483 2399 quaecunque
1502 2373 1635 2394 eventura
1653 2372 1744 2401 erant,

1254 2403 1349 2426 Somni
1366 2410 1414 2433 per
1433 2405 1568 2428 obscurae
1585 2407 1678 2429 terrae

1252 2437 1422 2461 Cubationes
1444 2439 1578 2464 dicebant.
1616 2441 1702 2465 Terra
1720 2447 1788 2465 vero

1253 2472 1394 2501 Templum
1413 2474 1535 2503 privavit
1555 2475 1668 2503 honore,

1252 2506 1361 2530 Phoebo
1380 2510 1492 2538 propter
1511 2509 1642 2533 invidiam
1661 2510 1748 2541 filiae5
1767 2511 1816 2534 sed
1834 2511 1969 2542 celeripes

1251 2541 1281 2564 lu
1301 2541 1447 2572 Olympum
1466 2545 1635 2568 contendens
1655 2545 1724 2574 Rex,

1250 2575 1346 2600 Fidem
1367 2578 1477 2602 charam
1498 2579 1565 2603 dixit
1583 2580 1647 2605 ante
1666 2580 1740 2604 lovis
1758 2580 1858 2604 solium

1248 2611 1358 2640 Pythiis
1377 2613 1501 2637 domibus

1249 2647 1423 2672 'terrestrem
1442 2649 1554 2673 demere

1250 2681 1326 2704 Deae
1347 2682 1432 2714 iram,
1451 2686 1478 2708 et
1497 2686 1633 2708 nocturna
1651 2691 1798 2715 responsa.

1250 2715 1321 2739 Risit
1338 2720 1446 2750 autem,
1466 2720 1536 2749 quod
1555 2719 1628 2743 filius
1646 2721 1740 2744 statim
1759 2720 1793 2744 ad
1811 2726 1844 2743 se
1862 2719 2003 2748 venisset,
