2373 2980
129 72 202 107 737
434 69 556 105 LXIV.

175 156 250 191 Iam
269 158 368 198 vale,
390 169 497 203 quem
514 155 625 192 habui
642 157 804 192 omnium
823 159 1021 194 amicorum
1040 159 1121 196 cha-

533 221 733 250 risslmum‚

172 260 206 293 Ο
223 266 443 294 convenator
461 267 495 294 et
510 261 718 302 malumne,

123 312 197 345 710
224 311 342 356 Quam
361 312 492 346 multos
508 313 649 346 labores
665 312 849 357 suscepisti
864 319 1012 358 propter
1038 327 1116 349 mea

536 363 647 397 mala!

170 413 244 447 Nos
262 420 382 447 autem
398 414 529 459 Apollo
547 420 644 448 vates
662 414 813 449 existens
827 415 970 458 fefellit,

168 463 214 497 Et
231 471 345 499 astute
363 465 534 510 imposuit
548 465 671 507 nobis,
696 472 736 500 ut
752 468 878 511 procul
895 479 913 501 a
932 467 1081 502 Graecia

167 515 354 560 Abigeret,
380 518 517 561 pudore
535 517 763 551 oraculorum
782 518 881 563 prius
897 520 1082 556 datorum;

168 566 234 600 Cui
251 580 315 611 ego
334 568 455 601 omnia
475 581 553 602 mea
570 569 734 614 permisi,
763 576 797 602 et
811 570 927 604 verbis
951 570 1025 604 eius
1053 570 1114 603 ol)-

527 620 747 665 temperavi,

117 667 190 702 715
206 667 369 703 Interfeci
388 677 557 704 matrem:
577 684 673 705 nunc
688 672 762 716 ipse
776 671 929 705 vicissim
945 670 1112 718 pereo39).

163 721 239 764 Pyl.
266 719 345 753 Erit
359 719 587 765 sepulchrum
608 723 691 760 tibi;
720 729 754 755 et
769 723 903 756 sororis
925 729 1006 757 tuae
1029 735 1111 757 con-

520 773 657 817 iugium

163 821 357 867 Nunquam
379 824 561 864 deseram,
590 824 673 869 quia

163 871 215 905 Te
251 879 435 907 mortuum
471 875 583 919 magis
599 901 609 915 ‚
661 886 770 920 quam
809 874 930 908 vivum
969 873 1108 910 habebo

609 70 1008 108 INTERPRETATIO
1033 74 1272 112 EURIPIDIS
1298 75 1575 113 IPHIGENIAE
1601 77 1650 113 IN
1679 79 1866 118 TAURIS.

2104 91 2176 125 738

1147 162 1452 208 '[Iplziqenia,
1486 165 1694 216 Pylades,
1733 168 1927 211 Orestes,
1967 173 2170 222 Chorus]

1175 232 1248 269 725
1276 235 1349 277 [ph.
1378 233 1557 268 Discedite
1576 247 1639 269 vos
1656 241 1690 268 et
1708 245 1880 281 apparate

1223 283 1321 318 Intro
1341 291 1463 320 euntes
1479 297 1533 326 ea,
1551 297 1643 331 quae
1661 287 1776 321 solent
1794 288 1956 324 adhiberi
1974 293 2018 326 ad
2033 306 2168 330 necem.

1222 334 1441 369 Litterarum
1476 337 1620 382 quidem
1652 336 1961 384 laclirymosarum
1995 342 2082 379 haec
2107 360 2169 380 vo-

1582 388 1718 421 lumina

1221 436 1430 481 Hospitibus
1463 438 1612 475 adsunt3
1663 451 1754 484 quae
1788 454 1873 476 vero
1906 451 2048 488 praeter
2079 445 2167 482 haec

1580 489 1662 521 volo
1674 516 1684 529 ‚

1140 547 1142 575 φ
1217 538 1367 572 Audite:
1395 538 1511 573 Nemo
1530 539 1756 575 calamitosus
1771 543 1825 576 sui
1842 544 1967 579 similis
1985 553 2055 587 est,

1140 577 1142 592 s
1168 588 1242 624 730
1269 590 1425 637 Quando
1441 590 1536 624 cadit
1554 602 1595 623 ex
1610 597 1709 625 metu
1727 594 1773 626 ad
1791 595 2054 633 confidentiam.

1216 641 1292 686 Ego
1308 647 1448 682 metuo,
1473 654 1518 675 ne
1535 642 1700 676 dimissus
1717 656 1758 676 ex
1776 651 1870 678 terra

1216 691 1315 727 Nihil
1332 699 1432 727 curet
1450 706 1546 727 meas
1560 694 1697 727 litteras

1216 742 1267 785 Is,
1296 744 1358 790 qui
1376 745 1481 778 debet
1498 757 1556 779 eas
1573 746 1617 777 ad
1635 744 1751 789 Argos
1766 747 1937 790 perferre.

1215 797 1275 830 Or.
1303 795 1401 841 Quid
1418 795 1496 830 vis?
1525 802 1558 829 et
1576 797 1618 829 de
1637 808 1706 842 qua
1724 809 1762 829 re
1779 797 1945 841 angeris?

1164 845 1238 880 735
1264 849 1338 890 lpse.
1373 846 1444 881 Det
1468 847 1717 882 iusiurandum
1742 846 1806 882 has
1836 850 1971 884 litteras
2000 860 2161 895 portatu-

1572 911 1654 932 rum
1671 912 1707 933 se

527 938 694 960 amlcum.

162 974 260 1013 „Sed
275 976 436 1009 nondum
454 977 610 1021 perdidit
624 990 681 1010 me
698 977 839 1022 penitus
856 976 924 1010 Dei

111 1023 185 1059 720
212 1025 440 1065 „oraculum
452 1054 461 1068 ,
489 1040 708 1074 quamquam
727 1029 882 1062 vicinum
901 1027 990 1061 neci.

162 1076 250 1115 „Fit
264 1078 445 1112 interdum
458 1106 468 1119 ‚
494 1086 534 1113 ut
551 1092 681 1124 magna
702 1079 884 1113 calamitas

524 1182 572 1215 ita
590 1182 646 1216 sit.

161 1231 218 1262 Or.
235 1228 342 1270 Tace,
356 1227 495 1263 Phoebi
510 1229 828 1264 vaticiniumnihil
843 1230 933 1265 mihi
949 1233 1104 1277 prodest.

157 1279 288 1313 Mulier
304 1281 484 1325 egreditur
502 1289 598 1316 extra
618 1282 789 1326 templum
801 1282 860 1327 4⁰).

141 1404 189 1435 39)
209 1405 258 1429 Or.
277 1405 353 1428 Bona
370 1418 406 1422 —
427 1412 519 1436 pereo.
539 1406 595 1438 (vs.
610 1408 798 1439 687-715.)]
819 1409 860 1432 sic
874 1409 923 1434 Ed.
939 1409 1034 1439 1562.;
1054 1410 1101 1432 Ed.

177 1439 251 1463 1558.
263 1447 269 1463 :

209 1474 258 1499 Or.
279 1474 457 1505 „Auspicata
476 1477 604 1506 loquere,
629 1483 690 1501 mea
709 1478 818 1507 oportet
837 1477 911 1500 ferre
930 1479 1011 1501 mala.

210 1508 394 1539 „Simplicem
418 1516 484 1535 vero
510 1511 633 1535 dolorem
659 1518 718 1535 cum
736 1512 833 1539 liceat.
868 1518 922 1535 non
943 1514 1029 1536 seram
1050 1513 1100 1535 ilu-

519 1545 626 1575 plicem.

211 1578 288 1606 Quod
307 1577 377 1601 enim
397 1579 426 1602 tu
445 1579 526 1603 triste
545 1581 572 1603 et
591 1580 692 1603 infame
711 1580 872 1611 praedica,

207 1612 312 1635 Eadem
330 1614 393 1636 sunt
411 1614 506 1644 nobis,
532 1613 555 1636 si
575 1615 603 1637 te
621 1620 676 1637 una
694 1615 866 1638 laborantem
883 1621 986 1639 mecum

208 1646 386 1670 lutei-fecero.
423 1648 482 1670 Nou
503 1647 573 1671 enin]
592 1649 663 1672 male
680 1649 752 1672 cedit
770 1649 798 1673 in
817 1656 874 1681 me,

208 1682 359 1710 Agentem,
379 1686 448 1710 quae
466 1687 535 1711 ago,
560 1687 577 1705 a
595 1683 655 1705 Diis
676 1683 752 1707 mori.

209 1715 248 1738 Tu
266 1720 333 1738 vero
353 1716 380 1738 et
399 1716 494 1738 beatus
514 1722 560 1742 es,
587 1722 709 1746 puraque
727 1722 783 1740 non
801 1718 977 1749 aegrotantia
994 1720 1078 1745 hahes

207 1749 305 1779 Atria;
332 1755 381 1781 ego
400 1752 514 1780 contra,
538 1750 620 1779 impia
638 1752 665 1773 et
685 1751 814 1776 infelicia.

209 1785 343 1807 Servatus
363 1790 447 1814 vero,
472 1785 544 1807 filios
564 1791 596 1807 ex
615 1790 676 1808 mea
695 1790 793 1808 sorore

208 1818 260 1841 Ubi
278 1819 452 1848 susceperis,
479 1824 557 1848 quam
577 1819 639 1842 dedi
658 1819 722 1849 tibi,
748 1821 778 1843 ut
796 1826 908 1845 uxorem
927 1823 1045 1851 habeasg

207 1853 243 1876 Et
261 1853 363 1876 mentio
383 1853 435 1876 mei
454 1853 549 1883 fieret,
572 1860 660 1884 neque
678 1855 781 1884 absque
800 1855 896 1879 liberis
917 1857 1010 1880 domus

207 1887 328 1910 Paterna
346 1893 406 1911 niea
425 1887 633 1919 extingueretur
651 1894 777 1918 unquam.

208 1922 300 1950 Quare
320 1922 380 1951 abi,
405 1923 432 1945 et
450 1922 531 1949 vive,
557 1924 584 1946 et
603 1923 698 1946 domos
717 1924 806 1947 incole
825 1925 922 1953 patris,

208 1956 274 1979 Cum
292 1961 360 1979 vero
379 1957 413 1979 ad
431 1957 575 1981 Graeciam
595 1958 622 1980 et
641 1960 770 1987 equestre
790 1960 882 1990 Argos
900 1961 1075 1989 perveneris.

206 1989 261 2012 Per
279 1990 402 2013 dextram
421 1992 448 2014 te
467 1992 535 2014 lianc
554 1992 678 2015 obtestor
695 1993 778 2023 haec,

207 2024 400 2054 'romulumque
414 2031 518 2055 aggere
530 2026 601 2049 facto
613 2027 713 2051 statue.
734 2030 760 2050 et
770 2028 839 2051 adde
850 2033 1023 2053 monumenta
1034 2031 1095 2054 uici.

204 2059 240 2081 Et
258 2059 418 2089 lachrymas
438 2065 520 2083 soror
539 2061 566 2083 et
584 2060 676 2083 crines
697 2061 741 2084 (let
760 2063 912 2091 sepulchro.

204 2093 256 2116 Dic
274 2099 356 2117 vero,
377 2094 446 2123 quod
466 2093 534 2123 perii
553 2095 586 2117 ab
605 2095 710 2125 Argiva
728 2097 843 2125 quadani

203 2127 335 2153 Muliere.
363 2129 397 2151 ad
416 2134 492 2152 aram
512 2129 637 2158 expiatus
657 2130 749 2153 caede.

202 2162 238 2185 Et
256 2168 290 2186 ne
309 2162 423 2186 deseras
442 2169 528 2186 meam
547 2169 671 2187 sororem
689 2170 824 2194 unquam.
1120 2163 1123 2210 J

202 2196 362 2220 Desolatain
381 2198 541 2221 affinitatem
562 2200 587 2221 et
608 2199 703 2221 doinus
724 2199 857 2223 deserens
876 2201 973 2230 patris.
1120 2215 1122 2235 !

201 2231 237 2254 Et
255 2232 336 2261 valeg
362 2238 483 2255 meorum
498 2232 567 2256 enim
586 2233 778 2258 charissimum
796 2234 919 2259 invenite
935 2236 1094 2262 amicorum.
1120 2250 1121 2258 κ

201 2263 225 2289 0
246 2266 338 2289 socius
357 2267 384 2289 in
404 2267 567 2291 venatione.
596 2270 622 2290 et
642 2268 772 2291 educatus
792 2275 846 2293 una
866 2277 985 2295 mecum.
1120 2295 1121 2301 ¹

202 2298 288 2326 Quam
306 2300 438 2330 plurimos
457 2301 501 2331 qui
519 2302 657 2331 pertulisti
678 2310 798 2327 meorum
818 2305 928 2328 dolores
954 2306 1093 2330 malorum.
1119 2305 1121 2345 2¹

202 2333 258 2355 Nos
277 2340 344 2357 vero
363 2335 485 2358 Phoebus
504 2338 583 2360 vates
604 2337 725 2360 existens
748 2338 865 2366 fefellit,
1119 2347 1121 2358 r

203 2367 378 2392 commentus
398 2371 502 2396 artem.
527 2372 556 2393 ut
576 2377 653 2400 quam
673 2372 834 2403 longissime
854 2380 870 2397 a
892 2375 1009 2399 Graecia

200 2401 312 2430 Abiret,
339 2409 405 2432 prae
424 2405 527 2433 pudore
545 2406 744 2434 praedit-torum
765 2408 966 2433 vaticiniorum.

202 2435 252 2459 Cui
271 2438 362 2461 omnia
381 2444 431 2468 ego
450 2439 565 2462 credens
585 2446 659 2464 mea.
695 2444 720 2464 et
741 2442 830 2465 fretus
848 2445 942 2467 vei-his

200 2470 317 2495 Matrem
335 2472 378 2495 uhi
398 2473 540 2498 interfeci.
568 2474 626 2503 ipse
646 2475 768 2500 vicissim
789 2484 881 2506 pri-eo.

132 2510 178 2541 40)
200 2511 258 2540 Pyt.
279 2512 340 2536 Erit
356 2526 389 2531 —
409 2515 545 2544 templum.
572 2517 629 2544 (VS.
652 2516 839 2549 716—724.)]
865 2519 905 2543 sic
929 2520 978 2544 Ed.
1002 2520 1074 2543 1562.

166 2546 214 2568 Ed.
235 2547 324 2571 1558.:
1119 2573 1120 2582 ,

202 2581 262 2609 Pyt.
282 2581 343 2605 Erit
361 2583 534 2612 sepulchrum
554 2583 617 2611 tibi,
645 2587 672 2608 et
692 2588 799 2611 sororis
820 2589 983 2612 connubium
1118 2585 1120 2627 1

199 2615 260 2638 Non
279 2616 422 2643 deseram.
448 2624 463 2641 ο
482 2618 584 2648 miser,
610 2622 823 2651 quandoquidem
842 2625 870 2646 te
889 2630 941 2648 eso

198 2650 337 2674 Mortuum
355 2652 446 2681 potius
465 2658 544 2682 quam
565 2654 702 2678 viventem
722 2657 824 2680 habebo
843 2659 966 2682 amicum.

200 2685 280 2714 .‚Sed
299 2685 349 2708 Dei
365 2692 408 2709 me
427 2687 527 2710 fefellit
544 2694 681 2718 nunquam

96 2726 278 2757 Mummi.
302 2727 408 2758 Oriza.
435 2728 519 2758 Vol..
542 2731 668 2762 XVIII.

1085 2527 1093 2550 3
1118 2519 1120 2542 l

1119 2664 1121 2676 i

1115 2685 1121 2706 J

161 1154 182 1167 ‚,
197 1129 360 1173 Accipiat
375 1131 528 1164 subitam
547 1131 797 1171 mutationem,
816 1129 845 1164 si
863 1131 1008 1175 quando
1024 1142 1106 1164 usus
1131 1117 1134 1160 i

1212 947 1268 981 Ad
1284 949 1419 993 Argos,
1448 956 1482 983 et
1499 950 1690 984 missurum
1708 950 1831 985 amicis
1843 978 1851 991 ,
1880 953 2008 998 quibus
2027 957 2120 991 volo.

1213 1002 1273 1034 Or.
1300 1000 1348 1034 Et
1365 1007 1404 1034 tu
1421 1001 1575 1035 vicissim
1593 1001 1625 1034 ei
1641 1002 1767 1036 reddes
1786 1002 2034 1039 iusiurandum
2046 1005 2063 1039 ἐ’

1211 1052 1284 1093 ka.
1314 1052 1409 1096 Quid
1425 1052 1554 1085 faciam
1567 1079 1575 1092 ,
1602 1059 1663 1085 aut
1679 1053 1870 1087 omittam?
1897 1055 1965 1090 dic.

1212 1103 1269 1135 Or.
1281 1102 1328 1146 41)
1356 1102 1463 1147 Quod
1490 1109 1529 1136 tu
1550 1102 1740 1137 dimissura
1764 1103 1810 1137 sis
1837 1116 1912 1139 non
1931 1107 2154 1144 interfectum

1574 1166 1616 1187 ex
1630 1151 1697 1187 hac
1713 1155 1868 1190 barbara
1886 1163 1995 1193 terra.

1162 1202 1234 1237 740
1259 1204 1332 1247 [ph.
1360 1203 1468 1238 Recte
1493 1205 1630 1243 dixisti;
1667 1208 1850 1251 quomodo
1878 1209 2015 1255 alioqui
2040 1220 2154 1256 posset

1568 1258 1726 1301 perferre
1744 1258 1960 1305 litteras42)?

1208 1307 1266 1339 Or.
1276 1305 1323 1351 41)
1351 1306 1447 1340 Num
1464 1313 1638 1352 tyrannus
1655 1309 1720 1342 ista
1742 1311 1935 1344 concedet?

1208 1358 1281 1399 Iph.
1306 1356 1426 1391 Etiam
1454 1360 1678 1404 persuadebo
1713 1361 1764 1401 ei,
1802 1367 1836 1394 et
1867 1362 1942 1407 ipsa
1970 1363 2151 1398 collocabo

1567 1423 1646 1444 eum
1664 1423 1701 1444 in
1716 1424 1850 1446 navim.

1208 1460 1266 1493 Or.
1292 1458 1372 1493 Iura
1392 1466 1450 1501 tu,
1482 1467 1517 1494 et
1543 1461 1660 1506 incipe
1682 1463 1951 1505 iusiurandum,
1988 1468 2083 1511 quod
2110 1468 2154 1502 sit

1566 1525 1680 1557 plum.

1476 1565 1550 1606 [ph.
1577 1564 1680 1598 Adde
1699 1567 1823 1600 verba:
1858 1567 2045 1612 epistolam
2064 1571 2150 1605 meis

1563 1627 1698 1650 assums-

1158 1662 1227 1697 745
1256 1665 1332 1708 Pyl.
1357 1663 1460 1698 Dabo
1478 1663 1542 1700 has
1557 1667 1694 1702 litteras
1709 1668 1777 1702 tuis
1795 1669 1928 1704 amicis.

1202 1716 1276 1758 ΙρΙι.
1305 1715 1350 1749 Et
1367 1728 1432 1761 ego
1453 1724 1486 1750 te
1503 1719 1653 1753 servabo
1671 1725 1769 1753 extra
1787 1719 1947 1766 Cyaneas
1964 1728 2093 1767 petras.

1204 1769 1261 1800 Or.
1290 1767 1407 1812 Quem
1427 1768 1588 1802 Deorum
1614 1770 1736 1805 iuras?

1205 1563 1281 1606 Pyl.
1308 1561 1424 1596 Dabo.

1253 1885 1463 1917 „Vaticinium
1492 1887 1616 1916 quamvis
1635 1892 1721 1917 prope
1739 1887 1806 1911 steti
1824 1889 1941 1914 caedem.

1251 1920 1383 1951 „Verum
1402 1920 1510 1944 omnino
1529 1921 1699 1945 incredibilis
1718 1922 1880 1946 infelicitas.

1252 1955 1459 1985 „Incredibiles
1480 1956 1526 1978 dat
1544 1957 1784 1986 perturbationes·
1811 1958 1916 1987 qnando
1936 1961 2052 1985 venerit.

1252 1990 1301 2014 Or.
1321 1989 1387 2013 Sile.
1424 1990 1524 2013 Phoebi
1543 1997 1610 2014 vero
1630 1991 1696 2014 nihil
1715 1991 1809 2015 iuvant
1828 1998 1870 2016 me
1888 1995 2017 2020 carmina.

1250 2024 1326 2047 Haec
1345 2024 1416 2047 enim
1435 2024 1534 2047 mulier
1551 2025 1643 2054 prodit
1663 2026 1749 2049 foras

1182 2067 1229 2094 41)
1248 2066 1312 2095 Or.]
1331 2067 1358 2090 in
1377 2068 1425 2092 Ed.
1444 2067 1517 2091 1562.
1538 2067 1624 2092 deest.

1182 2110 1229 2137 42)
1252 2110 1312 2140 ΙῙιΙι.
1325 2109 1646 2135 Discedite—litteras?
1664 2110 1917 2143 (vs.725-740.)]
1935 2113 1975 2137 sic
1989 2115 2036 2138 Ed.
2054 2115 2143 2145 15⁶2,;

1215 2144 1265 2168 Ed.
1282 2144 1373 2168 155s.:

1251 2178 1312 2209 1111».
1332 2179 1411 2202 Abite
1430 2185 1496 2207 vos,
1521 2181 1549 2203 et
1566 2181 1635 2203 liene
1653 2181 1786 2204 adornate

1250 2214 1307 2241 Ea,
1327 2219 1396 2243 quae
1414 2214 1488 2237 intus
1507 2214 1602 2237 insunt
1621 2219 1732 2245 euntes,
1752 2215 1785 2236 iis
1805 2213 1851 2243 qui
1868 2220 2000 2244 praesunt
2014 2217 2140 2245 victimis.

1251 2248 1370 2271 Tabulae
1389 2248 1496 2278 quidem
1514 2249 1581 2272 haec
1599 2249 1775 2278 lachrymosa
1794 2248 1933 2272 volumina

1250 2282 1411 2311 nospitiims
1431 2283 1548 2313 adsuntJ
1575 2289 1644 2312 quae
1663 2288 1729 2305 vero
1750 2282 1784 2304 ad
1804 2282 1869 2305 haec
1888 2283 1968 2309 volo.

1248 2317 1359 2341 Audite.
1396 2317 1519 2345 ..Nullus
1540 2317 1591 2339 sihi
1610 2317 1709 2339 similis
1725 2316 1752 2339 iu
1770 2316 1901 2345 periculis
1920 2318 2015 2349 homo,

1249 2351 1393 2381 „Quoties
1411 2351 1444 2373 ad
1464 2351 1606 2374 audaciam
1625 2357 1659 2373 ex
1677 2352 1749 2373 metu
1769 2351 1886 2374 venerit.

1250 2385 1296 2407 Sic
1315 2391 1365 2414 ego
1384 2386 1490 2411 metuo,
1517 2391 1568 2407 ne.
1593 2385 1638 2408 uhi
1657 2384 1779 2408 evaserit
1798 2391 1831 2408 ex
1848 2386 1898 2409 hac
1916 2388 2007 2420 terra,

1248 2419 1345 2443 Faciat
1363 2419 1440 2442 nihili
1460 2419 1541 2442 hasce
1560 2424 1635 2442 meas
1656 2419 1791 2448 epistolas

1248 2453 1309 2479 Ille,
1329 2453 1374 2483 qui
1391 2453 1460 2476 lianc
1478 2453 1597 2476 tabulam
1616 2455 1708 2483 Argos
1729 2454 1838 2477 laturus
1859 2456 1911 2479 est.

1250 2488 1299 2512 Or.
1321 2487 1390 2516 Quid
1411 2487 1521 2510 tandem
1539 2484 1605 2511 vis?
1633 2488 1711 2511 culus
1730 2487 1770 2511 rei
1788 2489 1879 2518 gratia
1898 2489 2042 2515 haesitas?

1250 2522 1312 2551 [ph.
1333 2522 1516 2545 lui-amentum
1534 2522 1580 2545 det
1598 2522 1660 2545 milii
1673 2539 1680 2549 ,
1706 2523 1772 2545 haec
1790 2523 1911 2546 laturum
1930 2525 2034 2554 scripta

1249 2556 1291 2579 Ad
1308 2556 1416 2587 Argos,
1443 2557 1537 2585 quibus
1558 2557 1621 2580 volo
1640 2557 1750 2580 mittere
1770 2557 1872 2579 amicis.

1248 2590 1298 2615 Or.
1319 2590 1386 2613 Num
1405 2590 1529 2614 vicissim
1550 2591 1627 2614 dabis
1648 2591 1709 2614 huic
1728 2592 1837 2614 eosdem
1857 2590 2023 2616 sermones?

1250 2624 1313 2655 Iph.
1336 2625 1406 2653 Quid
1426 2625 1467 2648 rei
1487 2625 1598 2654 facere,
1627 2627 1675 2649 aut
1694 2625 1757 2655 quid
1775 2631 1829 2648 non
1848 2623 1962 2650 facere?
1990 2627 2040 2651 dic.

1251 2660 1299 2684 Or.
1318 2659 1360 2682 Ex
1378 2660 1454 2683 terra
1474 2660 1613 2683 dimittere
1632 2659 1739 2682 salvum
1760 2657 1897 2683 barbara?

1249 2693 1310 2724 Isth.
1329 2693 1414 2718 Recte
1432 2694 1544 2723 dixisti;
1573 2693 1706 2724 quomodo
1726 2694 1797 2718 enirn
1816 2694 1941 2718 nuntium
1960 2695 2118 2724 perferret?

1531 2728 1580 2762 47
