2373 2980
175 99 242 132 771

187 183 279 219 1475
309 185 388 218 Tho.
412 181 548 226 Regina
564 179 748 219 Minerva,
771 178 866 225 „qui
881 177 1042 212 Deorum
1067 188 1167 222 prae-

584 229 693 275 ceptis

234 287 344 327 „Non
364 285 604 328 obtemperat,
622 293 696 315 non
711 287 805 314 recte
823 280 938 314 sentit.

232 338 306 382 Ego
325 348 408 381 ergo
427 334 565 374 Oresti,
589 333 617 368 si
637 332 800 366 auferens
816 339 968 366 statuam
985 332 1082 366 Deae

234 389 351 428 Abiit,
403 393 437 419 et
467 385 541 420 eius
581 383 697 419 sorori
728 395 801 416 nou
837 383 982 418 irascor.
1043 382 1170 428 „Quid

598 447 693 469 esslln

237 489 377 529 „Lucri
394 494 444 522 est
464 493 598 521 certare
618 499 696 520 cum
713 485 809 526 Diis,
835 485 896 531 qui
916 484 1146 530 praevalent?

194 542 287 576 1480
310 540 404 574 Eant
420 552 499 573 cum
516 545 630 572 statua
648 537 746 570 Deae
762 536 800 569 in
815 543 913 570 tuam

239 593 389 625 Terram
400 617 410 630 ,
435 596 469 624 et
486 590 659 623 collocent
679 601 756 622 eam
771 588 921 621 feliciter
936 587 1018 621 illic.

240 644 381 676 Mittam
400 648 433 675 et
450 640 513 675 has
530 641 566 674 in
582 640 771 674 Graeciam

239 694 424 733 Mulieres,
449 693 753 738 quemadmodum
770 691 916 723 mandat
933 696 992 722 tua
1010 700 1091 727 vox,

240 746 283 780 Et
309 745 469 779 retinebo
494 745 706 783 exercitum,
748 754 852 788 quem
885 753 981 774 eram
1002 739 1174 773 missurus

602 800 725 828 contra
744 805 803 826 eos

196 846 291 883 1485
315 846 360 880 Et
379 847 543 887 classem,
568 846 657 880 sicut
673 845 813 890 placent
831 840 917 876 haec
933 843 1008 875 tibi.

245 899 367 932 Laudo
390 896 495 936 haec;
523 904 614 938 „tua
639 896 734 930 enim
759 902 792 928 et
817 894 976 927 Deorum
1001 891 1174 926 autoritas

600 947 722 981 vincit.

240 1002 333 1035 Ble'n.
358 998 408 1033 lte
425 998 522 1032 venti
540 999 708 1032 ducentes
724 996 807 1030 navi
822 992 1101 1039 Agamemnonis

237 1051 368 1084 Filium
384 1047 554 1084 Athenas.
607 1049 745 1082 Vadam
763 1053 798 1080 et
813 1058 889 1090 ego,

238 1103 391 1137 Servans
407 1113 507 1135 meae
523 1099 659 1135 sororis
676 1105 844 1134 statuam.

191 1152 287 1188 1490
313 1152 380 1194 Ite,
404 1164 495 1199 quae
512 1151 594 1187 estis
611 1152 736 1185 beatae

292 1301 447 1327 Bauroniae
465 1301 574 1331 oportet
591 1299 670 1323 huius
690 1298 861 1322 sacerdotem
880 1301 941 1319 esse
962 1295 1041 1318 Deae,

293 1337 345 1362 Ubi
365 1336 447 1361 etiam
466 1334 611 1365 sepelieris
630 1334 756 1363 mortua,
778 1334 805 1355 et
824 1330 964 1362 peplorum

291 1371 442 1397 Donarium
460 1370 509 1393 tibi
527 1369 658 1399 offerent,
676 1368 782 1391 sericas
801 1367 939 1394 texturas,

295 1408 369 1437 Quas
388 1405 519 1429 mulieres
538 1403 565 1427 in
583 1404 663 1434 partu
681 1402 841 1425 laborantes

291 1439 464 1470 Reliquerint
483 1438 563 1462 domi.
599 1438 672 1461 Istas
691 1442 757 1460 vero
776 1436 805 1458 ut
825 1434 925 1458 educas
947 1440 978 1457 ex
997 1433 1047 1456 hae
1067 1433 1142 1456 terra

293 1473 480 1500 Graecanicas
498 1472 628 1496 mulieres
645 1471 756 1501 mando,

293 1508 395 1533 Iudicio
413 1508 503 1538 iusto,
524 1512 556 1530 eo
576 1506 647 1536 quod
665 1503 777 1529 servavi
795 1503 834 1533 te,

291 1543 383 1567 Etiam
402 1543 484 1566 antea
501 1541 528 1564 in
548 1542 694 1571 Areopago
713 1537 792 1569 paria
811 1536 944 1567 suffragia

291 1578 492 1607 Dinumeratis,
512 1581 528 1599 o
547 1575 680 1604 0restes3
700 1578 762 1597 nam
779 1572 841 1602 lege
858 1571 907 1594 hac

293 1612 444 1636 Absolutus
463 1617 511 1641 es,
529 1616 589 1633 cum
608 1614 673 1633 reus
692 1613 782 1632 esses.

294 1647 385 1676 Quare
403 1645 491 1669 abduc
510 1645 585 1668 tuam
604 1648 729 1667 sororem
749 1647 782 1665 ex
800 1640 851 1664 hac
869 1640 956 1668 terra,

292 1678 505 1711 Agamemnonis
524 1678 580 1710 fili,
599 1678 626 1702 et
644 1678 673 1700 tu
692 1682 727 1700 ne
748 1673 898 1704 irascaris,
919 1678 933 1697 ο
953 1672 1053 1696 Thoas.

751 92 872 128 PHIL.
909 91 1022 127 MEL.
1057 89 1256 125 SCRIPTA
1292 87 1627 123 PHILOLOGICA.

2132 91 2204 127 772

1270 175 1424 220 Propter
1442 174 1643 208 felicitatem
1662 173 1792 207 servati
1810 174 1939 222 futiffl).

1274 227 1373 261 Chor.
1397 225 1430 260 Ο
1449 225 1652 259 veneranda
1670 224 1764 258 inter
1778 224 1873 260 Deos

1272 277 1317 311 Et
1333 278 1425 310 inter
1442 275 1604 311 homines
1616 303 1625 317 ,
1650 276 1768 310 Pallas
1784 276 1957 317 Minerva,

1273 328 1475 369 Faciemus,
1498 334 1538 361 ut
1553 328 1664 361 iubes.

1228 378 1323 415 1495
1346 379 1458 412 Valde
1477 379 1571 412 enim
1592 379 1730 413 dulcem
1748 384 1781 412 et
1799 378 2014 423 insperatam

1275 430 1407 464 vocem
1425 430 1543 474 accepi
1558 431 1713 464 auribus.

1275 481 1308 514 Ο
1325 481 1454 527 inclyta
1473 481 1621 515 victoria
1633 508 1642 522 ,
1669 493 1784 515 meam

1275 532 1395 566 Vitam
1414 532 1622 573 circumdes,

1275 583 1317 615 Et
1334 596 1407 616 nnn
1427 584 1567 618 desinas
1584 595 1662 617 eam
1677 582 1917 629 coronal-effi).

1260 710 1306 742 93)
1329 711 1396 737 Tho.
1415 711 1521 742 Regina
1538 724 1571 728 —
1591 711 1648 735 fati.
1668 710 1725 742 (νε.
1748 707 1964 740 1475—1491.)]
1989 708 2029 732 sic
2047 709 2096 732 Ed.
2120 708 2210 737 1562.;

1295 745 1343 771 Ed.
1366 746 1453 770 1553:

1331 780 1396 804 Tho.
1416 780 1467 811 „0
1487 780 1593 810 Regina
1614 779 1756 810 Minerva,
1779 778 1950 802 sermonibus
1970 777 2088 801 Deorum

1331 814 1426 845 „Qui,
1445 820 1504 838 cum
1522 814 1615 843 audit,
1634 814 1714 837 fidem
1732 819 1786 837 non
1804 814 1902 843 habet,
1920 817 1974 836 non
1994 813 2070 835 recte
2088 811 2167 841 capit.

1330 849 1390 879 Ego
1407 854 1523 878 namque
1542 850 1568 872 et
1587 849 1720 878 Orestae,
1740 848 1763 871 si
1782 848 1876 871 ferens
1895 846 2089 870 simulachrum
2107 846 2180 869 Deae

1331 883 1420 913 Abiit,
1440 883 1467 906 et
1485 883 1576 906 sorori
1596 889 1649 906 non
1669 883 1786 906 irascor.
1823 881 1920 912 „Quid
1934 880 2005 904 enim

1332 917 1465 947 „Contra
1483 917 1615 941 fortiores
1628 918 1700 940 Deos
1719 918 1827 940 certare
1847 911 2006 945 pulchrum?

1332 952 1402 974 Eant
1421 951 1448 974 in
1467 953 1540 974 tuam
1558 958 1616 974 cum
1635 951 1799 974 simulachro
1818 951 1893 974 Deae

1331 986 1460 1015 Terram,
1480 987 1507 1009 et
1525 985 1695 1009 constituant
1714 986 1784 1009 bona
1802 985 1913 1008 fortuna
1932 982 2137 1007 simulachrum.

1331 1019 1437 1042 Mittam
1457 1025 1523 1043 vero
1542 1019 1623 1043 etiam
1641 1020 1691 1043 lias
1710 1019 1738 1042 in
1757 1018 1902 1043 Graeciam
1921 1017 2026 1041 felicem

1331 1053 1481 1085 Mulieres,
1500 1053 1585 1076 veluti
1603 1055 1676 1077 tuum
1695 1053 1850 1077 mandatum
1870 1052 1952 1075 iubet.

1332 1086 1461 1111 Omittam
1483 1092 1552 1111 vero
1571 1092 1664 1116 arma,
1684 1093 1752 1117 quae
1770 1087 1859 1110 infero
1878 1085 2038 1116 hospitibus,

1331 1120 1501 1151 Naviumque
1518 1127 1619 1145 remos.
1655 1121 1715 1145 Tibi
1734 1122 1800 1144 haec
1820 1121 1946 1151 quoniam
1965 1121 2091 1150 placent,
2111 1126 2126 1143 o
2146 1120 2212 1144 Dea.

1332 1155 1437 1179 Laudo.
1474 1155 1613 1179 Voluntas
1633 1155 1702 1179 euim
1722 1157 1769 1178 tna
1787 1156 1814 1178 et
1829 1155 1947 1178 Deorum
1965 1154 2060 1178 vincit.

1332 1189 1404 1214 Min.
1423 1190 1476 1219 Ite,
1497 1195 1512 1213 o
1531 1189 1656 1217 flamina,
1675 1189 1738 1213 navi
1756 1188 1882 1212 ducentia
1899 1188 2111 1218 Agamemnonis

1331 1223 1431 1247 Filium
1449 1224 1589 1254 Athenas3
1609 1230 1699 1247 comes
1719 1223 1781 1246 viae
1799 1228 1850 1254 ego
1868 1227 1922 1246 una
1941 1229 2000 1253 ero,
2096 1248 2105 1251 -

1333 1259 1456 1281 Servans
1475 1258 1584 1281 sororis
1606 1264 1682 1281 meae
1701 1257 1885 1281 venerandum
1904 1256 2105 1281 simulachrum.

1331 1291 1371 1315 lte
1392 1292 1462 1316 bona
1479 1292 1591 1315 fortuna
1609 1291 1715 1315 servati

1332 1325 1413 1357 Fati,
1431 1325 1527 1350 felices
1545 1326 1707 1351 existentes,

1261 1364 1309 1397 94)
1341 1367 1425 1392 Cher.
1457 1368 1479 1392 Ο
1504 1368 1663 1391 veneranda
1682 1381 1716 1386 —
1735 1373 1879 1393 coronare.
1917 1367 1974 1398 (vs.
1996 1365 2213 1398 1492—1499.)]

1299 1400 1339 1425 sic
1357 1401 1408 1426 Ed.
1429 1401 1523 1431 1562.;
1541 1402 1591 1426 Ed.
1612 1402 1701 1425 1553.:

1332 1435 1419 1460 Clior.
1439 1436 1493 1465 At,
1512 1441 1527 1459 o
1546 1438 1644 1459 sancta
1662 1436 1690 1459 et
1707 1436 1778 1465 apud
1796 1435 1965 1459 immortales

1333 1470 1369 1492 Et
1387 1469 1459 1499 apud
1477 1470 1610 1493 mortales
1630 1470 1723 1493 Pallas
1740 1469 1878 1500 Minerva,

1332 1504 1452 1533 Agemus
1471 1503 1526 1535 ita,
1544 1506 1573 1527 ut
1592 1505 1621 1527 tu
1641 1504 1726 1529 iubes,

1333 1537 1422 1560 Valde
1442 1538 1513 1561 enim
1532 1538 1676 1562 iucundam
1695 1539 1723 1562 et
1740 1537 1925 1562 incredibilem

1333 1571 1444 1595 Famam
1463 1572 1555 1595 auditu
1573 1572 1676 1602 accepi.

1334 1605 1356 1629 0
1375 1606 1456 1629 valde
1475 1607 1634 1631 veneranda
1652 1605 1784 1636 victoria,
1803 1611 1890 1630 meam

1333 1639 1427 1663 Vitam
1447 1640 1602 1671 possideas,

1331 1673 1424 1704 Neque
1443 1674 1552 1699 desinas
1570 1680 1713 1700 coronare.

188 1866 274 1891 Sota.
313 1866 436 1893 Quanam
456 1863 563 1886 ratione
581 1866 680 1892 magna
699 1859 852 1883 Editionum
874 1857 949 1882 1558.
964 1858 991 1880 et
1008 1857 1082 1882 1562.
1102 1857 1129 1881 in
1149 1858 1198 1882 hac
1218 1858 1363 1890 tragoedia
1381 1857 1532 1883 diversitas
1548 1861 1609 1884 orta
1629 1859 1676 1891 sit,
1697 1866 1730 1884 ex
1744 1859 1883 1891 Xylandri
1903 1859 2075 1890 praefatione
2095 1858 2211 1883 alterius

315 1898 448 1921 Editionis
469 1896 634 1925 intelligitur
654 1894 730 1925 (vide
748 1899 830 1922 supra
851 1899 874 1922 p.
891 1892 942 1916 285
965 1890 1031 1922 sq.).
