2373 2980
223 88 295 124 547

274 175 369 220 Quid
393 174 491 218 agis?
523 173 681 213 dimitte,
708 173 849 218 qualem
873 174 967 207 viam
994 187 1057 220 ego
1081 176 1205 211 miser-

271 227 360 258 rima
385 225 577 269 ingredior.

223 276 296 311 265
317 279 412 311 Adm.
432 275 683 309 calamitosam
703 274 836 315 amicis,
853 287 893 309 ex
911 274 965 310 his
980 284 1098 311 autem
1115 277 1205 313 mihi

622 325 788 366 maxime,

274 378 318 410 Et
337 378 474 417 liberis,
499 377 626 422 quibus
642 375 699 410 hic
724 377 837 412 luctus
853 380 1052 415 communis
1071 387 1133 416 est.

603 450 681 500 [Ep
691 455 737 486 od
746 466 766 486 u
777 451 826 501 3.]

273 522 345 554 Alc.
374 518 570 559 Dimittite,
587 518 753 552 dimittite
770 532 826 553 me
845 521 933 554 iam:
951 521 1117 556 inclinate
1137 536 1205 564 me,

636 581 710 602 non
735 571 837 604 valeo

273 622 444 660 Pedibus,
468 632 580 665 prope
604 627 655 654 est
679 633 788 662 mors,

223 673 295 708 270
320 672 559 705 Tenebricosa
584 683 655 704 nox
678 673 723 705 ad
747 674 868 707 oculos
893 674 1013 718 serpit.

272 724 304 756 Ο
331 722 505 769 liberi³⁸)‚
531 734 605 755 non
627 723 779 767 amplius

271 774 396 808 Vestra
421 781 535 807 mater
559 780 729 817 superest,

271 825 428 870 Beati-⁰⁵⁹)
453 823 520 858 hoc
543 824 664 858 lumen
677 824 888 859 intuemini.

273 879 370 910 Adm.
397 877 474 910 Heu
489 873 577 908 mihi
590 901 600 915 ,
623 875 729 909 audio
749 876 883 910 tristem
901 889 1115 920 sermonem,

222 927 296 965 275
318 928 365 961 Et
389 927 547 973 qualibet
570 932 685 959 morte
703 927 888 961 maiorem.

273 980 342 1013 Per
364 978 459 1011 Deos
485 989 593 1021 rog0‚
616 988 661 1009 ne
686 976 771 1010 velis
797 989 852 1010 me
877 979 1055 1017 deserere;

271 1031 340 1065 Sed
350 1029 508 1063 animum
517 1027 634 1071 recipe
645 1040 651 1059 :
662 1033 694 1060 te
705 1027 800 1060 enim
810 1035 965 1070 mortua,
975 1041 1038 1073 ego
1047 1042 1121 1063 non
1130 1042 1203 1065 ero.

272 1082 384 1115 Penes
410 1087 443 1114 te
468 1086 537 1120 est,
560 1084 600 1112 ut
624 1077 760 1118 vivam,
783 1079 839 1112 vel
862 1092 936 1112 non
962 1080 1101 1119 vivam;

221 1133 295 1168 280
322 1132 438 1165 Tuam
466 1130 560 1164 enim
585 1129 779 1162 amicitiam
800 1130 959 1164 colimus.

271 1185 343 1218 Alc.
374 1184 544 1221 Amnem,
563 1180 680 1220 vides,
705 1181 887 1225 quomodo
905 1193 941 1215 se
957 1193 1012 1216 res
1026 1194 1126 1215 meae
1141 1180 1203 1215 ha-

630 1232 726 1265 bent.

269 1286 393 1318 Dicam
420 1283 503 1323 tibi,
530 1282 739 1327 priusquam
764 1282 920 1323 moriar,
943 1294 1035 1328 quae
1058 1283 1152 1318 volo.

269 1336 346 1380 Ego
370 1342 402 1368 te
424 1333 561 1367 honore
586 1333 760 1373 afficiens,
784 1339 817 1366 et
841 1345 907 1377 pro
934 1345 1013 1367 mea

268 1387 349 1420 Vita
376 1385 591 1419 constituens
614 1390 647 1417 te
669 1384 801 1425 vivere,

218 1437 292 1475 285
316 1437 456 1471 Morior
480 1448 575 1470 nunc
598 1447 663 1480 pro
688 1442 738 1469 te:
763 1447 842 1468 cum
867 1435 987 1468 liceret
1006 1446 1080 1468 non
1096 1434 1202 1474 mori,

267 1490 335 1523 Sed
366 1487 497 1522 habere
535 1487 652 1520 virum
686 1484 895 1520 Thessalum
908 1512 917 1525 ‚
954 1497 1200 1531 quemcunque

623 1536 763 1577 vellem,

267 1591 313 1625 Et
336 1589 498 1623 habitare
526 1589 673 1621 domum
695 1589 837 1621 beatam
861 1598 984 1630 regno.

266 1642 350 1676 Non
372 1640 470 1674 volui
494 1647 614 1673 tamen
639 1639 758 1672 vivere
781 1650 801 1671 a
825 1644 858 1671 te
882 1637 1003 1670 avulsa

268 1693 356 1727 Cum
380 1691 499 1725 liberis
527 1690 622 1724 orbis
645 1696 767 1734 patre,
798 1700 863 1721 nec
887 1687 1028 1732 peperci
1053 1686 1142 1720 mihi

216 1746 289 1783 290
314 1745 477 1778 Aurorae
495 1740 628 1775 habens
647 1742 741 1774 dona
754 1765 763 1780 ‚
790 1738 917 1785 quibus
941 1739 1148 1773 oblectaret.

265 1795 374 1841 Atqui
391 1799 492 1838 pater
508 1799 588 1826 tuus
609 1798 643 1825 et
659 1797 774 1825 mater
789 1790 1017 1834 proiecerunt
1032 1795 1077 1830 te,

266 1847 337 1892 Qui
355 1858 396 1880 eo
412 1845 484 1878 iam
501 1849 694 1883 venerant,
718 1848 758 1876 ut
772 1847 866 1874 recte
884 1846 1124 1881 morerentur,

265 1897 313 1931 Et
329 1898 450 1931 fuisset
468 1895 516 1929 eis
532 1892 721 1927 honestum
739 1903 881 1926 servare
898 1891 1022 1925 filium.

265 1948 318 1982 Te
336 1947 430 1982 enim
446 1946 589 1981 unicum
608 1943 760 1984 habent,
783 1949 817 1976 et
831 1954 907 1975 non
927 1948 977 1975 est
995 1953 1072 1986 spes

216 1999 290 2037 295
313 2000 365 2033 Te
380 2004 523 2032 mortuo
549 1996 729 2040 genituros
747 1993 853 2027 aliam
873 1992 1045 2027 sobolem.

265 2052 311 2085 Et
328 2063 390 2095 ego
411 2057 445 2083 et
461 2055 499 2082 tu
517 2047 722 2080 vixissemus
737 2043 876 2089 reliquo
895 2050 1068 2087 tempore,

266 2103 339 2136 Nec
356 2108 393 2135 tu
412 2100 557 2133 orbatus
574 2097 722 2141 coniuge
737 2106 906 2140 gemeres,

265 2153 310 2187 Et
325 2153 455 2185 liberos
471 2151 545 2194 ipse
561 2149 754 2182 educasses.
805 2145 939 2178 Verum
958 2142 1045 2177 haec

266 2204 424 2237 Deorum
450 2201 578 2247 aliquis
602 2199 650 2232 ita
676 2195 897 2243 gubernavit.

216 2255 289 2289 300
315 2255 382 2289 Sed
399 2253 443 2287 sit
459 2253 520 2286 ita.
573 2251 631 2284 Tu
646 2249 749 2283 nobis
764 2246 856 2281 hanc
871 2246 977 2279 redde
994 2244 1155 2289 gratiam.

265 2306 457 2350 Nunquam
475 2302 569 2336 enim
586 2314 605 2334 a
622 2307 655 2334 te
675 2301 819 2344 dignam
841 2296 1042 2342 postulabo,

266 2355 304 2400 (‚‚
316 2356 407 2390 Nam
424 2352 514 2387 nihil
532 2359 583 2387 est
598 2352 669 2385 vita
686 2348 903 2396 pretiosius.)

263 2405 394 2440 Iustam
411 2412 542 2444 tamen,
559 2409 597 2437 ut
613 2403 686 2447 ipse
704 2401 809 2435 dicis:
827 2406 866 2434 ut
876 2410 972 2432 ames
987 2395 1052 2431 hos
1063 2396 1192 2430 liberos

261 2457 344 2492 Non
363 2456 478 2489 minus
496 2466 601 2500 quam
621 2465 704 2498 ege,
726 2451 755 2486 si
771 2451 914 2497 quidem
934 2448 1038 2493 sapis.

245 2576 292 2602 38)
311 2571 436 2604 olibeti]
451 2572 491 2595 sic
506 2571 588 2595 Editt.
604 2569 688 2597 1558„
712 2568 799 2597 {5623
819 2566 902 2592 Editt.
918 2565 1021 2589 recent.
1042 2563 1088 2595 (=
1098 2564 1190 2594 Eurip,
1216 2556 1218 2584 Ι

279 2608 383 2633 Τέκνα,
403 2603 503 2637 τέκν’,)
524 2606 546 2629 Ο
564 2604 657 2631 liberi,
675 2603 762 2627 liberi.

244 2652 292 2679 ³9)
310 2649 397 2681 Beati]
418 2649 458 2673 sic
475 2648 561 2681 -Edim
578 2645 668 2676 ¹558.‚
683 2645 774 2674 1562.;
794 2644 892 2675 Barn.,
911 2643 1017 2672 Mnsgr.
1036 2642 1082 2670 (z
1097 2640 1189 2670 Eurip.
1214 2655 1217 2658 ·

280 2686 445 2714 Χαίροντες,
465 2682 485 2706 ὠ
505 2681 599 2709 τέκνα)
619 2679 713 2708 Laeti,
733 2684 748 2702 o
769 2678 826 2702 filii.
1214 2689 1215 2693 ,

794 87 914 124 PHIL.
948 84 1058 126 MEL.
1091 84 1293 126 SCRIPTA
1325 88 1658 128 PHILOLOGICA.

2167 94 2240 131 548

1258 176 1333 212 305
1374 177 1419 212 Et
1451 177 1515 212 hos
1548 179 1717 218 educato,
1757 184 1797 211 ut
1825 179 1912 212 fiant
1943 177 2112 213 haeredes
2142 192 2241 214 meae

1668 229 1806 263 domus.

1307 279 1353 313 Et
1375 291 1448 313 non
1470 278 1723 324 superinducas
1750 285 1941 312 novercam
1964 278 2031 320 his,

1309 331 1430 375 Quae,
1455 343 1533 364 curn
1558 342 1615 363 me
1641 329 1798 364 deterior
1821 330 1885 370 sit,
1907 342 1949 364 ex
1970 330 2105 364 invidia

1308 381 1397 415 Meis
1422 388 1455 414 et
1476 381 1545 415 tuis
1569 381 1689 416 liberis
1712 393 1839 416 manus
1864 381 2009 416 iniiciet.

1308 432 1361 466 Ne
1385 432 1494 466 facias
1517 430 1605 473 hoc,
1629 433 1692 467 abs
1715 439 1749 466 te
1773 439 1868 478 peto.

1258 483 1332 517 310
1369 483 1563 522 „Noverca
1591 483 1685 517 enim
1710 483 2050 524 succedens‚liberis

1308 533 1524 574 „Prioribus
1547 532 1661 568 nihilo
1685 535 1807 568 mitior
1832 541 1884 569 est
1905 546 2012 581 quam
2040 533 2174 578 vipera.

1306 584 1417 619 Filius
1439 591 1576 630 patrem
1598 584 1706 620 habet
1727 598 1896 630 magnum
1922 585 2242 631 propugnaculum,

1310 635 1424 680 Quem
1451 636 1522 669 iam
1551 637 1679 671 affatus
1707 643 1776 677 est,
1808 643 1842 670 et
1864 637 2093 682 compellatus
2117 642 2169 670 est
2190 636 2242 668 vi-

1669 700 1798 722 cissim-

1309 736 1365 770 Tu
1382 750 1465 770 vero
1478 765 1487 778 ,
1514 738 1620 771 o'filia
1633 765 1642 779 ,
1662 740 1844 784 quomodo
1862 738 2053 772 elocaberis
2068 735 2240 772 honeste?

1258 786 1332 821 515
1366 788 1517 833 Qualem
1544 796 1647 822 nacta
1671 790 1856 834 coniugem
1882 801 1901 822 a
1925 796 1986 822 tuo
2011 794 2125 833 patre,

1307 838 1359 872 Ne
1387 839 1450 872 tibi
1474 840 1711 886 aliquamssf’a)
1736 841 1924 886 imponens
1942 840 2073 872 malam
2095 840 2240 877 famam,

1307 888 1347 922 In
1374 890 1450 934 ipso
1470 891 1556 924 flore
1580 898 1786 936 corrumpat
1809 898 1888 925 tuas
1907 889 2076 935 nuptias?

1307 940 1389 974 Non
1413 941 1506 974 enim
1530 948 1643 975 mater
1672 949 1705 976 te
1729 943 1892 983 elocabit‚

1307 990 1430 1036 Neque
1453 993 1678 1026 confirmabit
1702 1000 1734 1026 te
1758 993 1889 1028 liberos
1915 989 2126 1036 nactum⁴⁰)‚

1257 1040 1330 1076 520
1357 1042 1426 1075 Ubi
1450 1041 1539 1075 nihil
1565 1050 1616 1077 est
1638 1050 1750 1077 matre
1774 1044 1919 1088 gratius.

1308 1092 1490 1136 „Oportet
1514 1094 1607 1126 enim
1632 1106 1688 1127 me
1713 1095 1825 1134 mori,
1855 1101 1890 1128 et
1914 1091 1982 1126 hoc
2006 1094 2139 1127 malum
2165 1104 2239 1125 non

1675 1144 1711 1177 in
1736 1145 1929 1179 crastinum

1307 1192 1430 1238 Neque
1453 1194 1489 1226 in
1520 1194 1664 1228 tertium
1689 1207 1847 1229 mensem
1873 1195 2054 1231 differtur;

1307 1244 1375 1276 Sed
1403 1244 1521 1278 statim
1548 1245 1646 1278 dicar
1668 1257 1741 1279 esse
1767 1246 1860 1280 inter
1882 1251 2054 1280 mortuos.

1303 1294 1444 1328 Valete:
1470 1302 1504 1329 et
1526 1295 1612 1336 tibi,
1637 1297 1819 1342 marite‘ss)
1967 1300 1970 1306 ’

1255 1344 1329 1381 325
1359 1345 1459 1379 Licet
1483 1346 1649 1390 gloriari,
1680 1353 1714 1380 te
1737 1345 1902 1381 habuisse
1924 1344 2097 1390 optimam
2118 1345 2238 1378 coniu-

1663 1408 1761 1440 genn

1304 1446 1414 1480 Vobis
1439 1453 1556 1479 autem
1579 1446 1717 1486 liberis,
1746 1452 1859 1480 matre
1882 1452 1986 1479 natos
2013 1445 2160 1489 optima.

1306 1499 1401 1532 Chor.
1441 1497 1545 1530 Bono
1570 1497 1616 1531 sis
1640 1497 1780 1535 anim03
1814 1509 1880 1541 pro
1906 1494 1974 1529 hoc
1999 1496 2094 1529 enim
2118 1494 2235 1527 dicere

1663 1560 1738 1580 non
1762 1559 1906 1580 vereor:

1302 1597 1421 1631 Faciet
1443 1596 1548 1637 haec,
1573 1597 1601 1631 si
1624 1598 1733 1631 modo
1757 1597 1860 1642 sapit.

1303 1651 1401 1682 Adm.
1444 1648 1473 1681 F
1477 1648 1603 1695 ient‘ffi)
1630 1646 1737 1689 haec,
1781 1656 1826 1682 ne
1843 1653 2004 1685 'metuas;
2044 1652 2234 1691 postquam

1661 1699 1757 1733 enirn
1781 1712 1846 1744 ego
1867 1705 1903 1732 te

1253 1749 1326 1783 330
1350 1749 1537 1784 Viventem
1561 1749 1684 1784 habui:
1716 1757 1750 1784 et
1774 1757 1916 1783 mortua
1942 1759 2020 1781 mea
2047 1747 2201 1780 coniunx

1302 1799 1384 1833 Sola
1408 1801 1590 1835 vocaberis
1616 1808 1649 1835 et
1672 1802 1769 1835 nulla
1793 1813 1859 1845 pro
1879 1807 1912 1833 te

1302 1850 1438 1895 Sponsa
1458 1851 1626 1886 Thessala
1645 1864 1702 1885 me
1719 1850 1945 1896 compellahit
1960 1848 2077 1882 virum
2092 1860 2207 1882 suum.

1300 1901 1405 1935 Nulla
1433 1909 1484 1937 est
1503 1909 1575 1936 tam
1599 1902 1741 1943 nobilis,

1301 1951 1406 1986 Nulla
1435 1959 1506 1986 tam
1525 1955 1694 1987 formosa.

1251 2001 1325 2037 335
1350 2003 1442 2037 Satis
1461 2004 1655 2037 liberorum
1681 2001 1796 2036 habeo
1809 2029 1817 2042 ,
1839 2009 1871 2035 et
1888 2001 2004 2035 Deum
2025 2012 2151 2045 precor
2168 1998 2231 2033 ho-

1657 2066 1735 2087 rum
1759 2053 1965 2087 fruitionem

1301 2101 1391 2136 Mihi
1419 2103 1642 2147 contingere3
1668 2116 1752 2138 nam
1775 2110 1808 2137 te
1833 2115 1906 2136 non
1931 2103 2095 2153 frulimur.

1300 2154 1429 2188 Geram
1456 2154 1589 2188 luctum
1610 2167 1685 2188 non
1709 2155 1816 2189 unius
1838 2154 1936 2194 anni,

1299 2203 1367 2238 Sed
1388 2206 1501 2238 donec
1522 2205 1594 2238 vita
1618 2212 1759 2246 manet,
1786 2217 1806 2238 o
1830 2204 1997 2242 coniunx,

1298 2255 1391 2289 Odio
1414 2253 1548 2290 habens
1573 2262 1737 2296 matrem,

1279 2377 1343 2408 39a)
1369 2378 1501 2407 aliquam]
1527 2376 1568 2400 sic
1595 2376 1642 2407 (=
1663 2376 1759 2407 Eurip.
1784 2373 1854 2407 τιν’)
1883 2375 1967 2400 Editt.
1993 2375 2114 2403 recent.;
2144 2371 2226 2396 Editt.

1315 2412 1408 2439 1558„
1430 2411 1501 2435 1562.
1522 2416 1554 2434 ea
1573 2410 1708 2442 (sortasse
1727 2417 1792 2440 pro:
1813 2410 1870 2442 eo).

1278 2452 1324 2483 40)
1346 2453 1446 2476 liberos
1460 2453 1567 2476 nactum
1585 2453 1617 2482 (i.
1632 2459 1654 2477 e.
1671 2452 1705 2476 ad
1724 2453 1826 2476 liberos
1846 2449 2073 2481 nauci-cendosH
2091 2449 2131 2474 sic
2144 2448 2227 2473 Editt,

1314 2486 1514 2545 lxxta-{623
1532 2486 1616 2511 Editt.
1631 2488 1732 2512 recent.
1749 2489 1799 2517 (=
1812 2486 1904 2517 Eun-ip.
1924 2484 1955 2510 ἐν
1972 2482 2076 2510 τόκοιο-ι
2093 2483 2181 2511 σοῖσι)
2199 2482 2227 2505 in

1277 2527 1326 2594 2113D
1344 2562 1454 2620 matt-ite]
1473 2563 1512 2587 sic
1532 2562 1615 2588 Editt.
1635 2563 1722 2591 1558„
1742 2563 1833 2591 narn„
1852 2563 1966 2592 Musgr.‚
1985 2562 2064 2591 Fix.;
2085 2561 2131 2584 Ed.
2151 2558 2226 2583 1562.

1311 2603 1378 2621 mari
1393 2603 1435 2620 ae.

1276 2639 1323 2670 42)
1342 2638 1434 2670 Fient]
1454 2640 1495 2663 sie
1512 2640 1560 2668 (z
1571 2638 1664 2669 Eurip.
1684 2638 1774 2667 ἔσται)
1794 2638 1877 2664 Editt.
1895 2639 1979 2666 1558„
2000 2639 2091 2667 narn„
2109 2638 2224 2666 Mnsgr..

1312 2673 1388 2702 Fix.;
1414 2674 1462 2698 Ed.
1485 2673 1558 2698 1562.
1578 2673 1681 2697 Faciet.
