2373 2980
156 501 320 544 LVIII.
385 501 560 543 Pth.
595 501 758 544 Mun.
796 502 1383 545 IN'rERPRETA'rto
1419 504 1716 547 MEDEAE
1758 508 2134 555 EURIPIDIS.

124 623 244 681 Huius
267 651 436 690 tragoediae
458 651 662 690 interpretatio
686 653 775 680 latina
789 653 985 681 Melanthonis
1008 653 1036 680 in
1054 652 1145 681 Editt.
1172 652 1275 691 1558,
1299 653 1393 684 1562.
1416 664 1503 692 supra
1527 666 1556 695 p.
1571 655 1636 686 279
1653 667 1716 696 sqq.
1740 658 1893 698 descriptis
1915 662 2073 700 invenitur,
2095 666 2160 702 qui-

122 697 241 724 buscum
258 695 408 723 Editiones
423 695 565 731 Barnesii‚
587 696 745 733 Musgravii
768 702 798 723 et
812 696 903 731 Fixit,
926 704 1002 733 quae
1025 695 1149 723 eandem
1174 698 1251 724 vario
1276 698 1361 725 inodo
1386 704 1524 727 mutatam
1552 700 1703 728 continent
1728 700 1810 740 (vide
1834 713 1922 740 supra
1946 714 1975 741 p.
1998 705 2062 734 287
2075 705 2157 746 sqq.)

122 738 307 767 contulimus.
326 754 369 760 ·—-·
392 737 537 766 Versnum
559 747 694 766 numeros
717 739 833 766 ratione
856 747 942 775 supra
966 747 994 775 p.
1008 737 1080 775 4393
1100 748 1144 775 sq.
1168 741 1336 777 proposita,
1358 747 1447 778 atque
1468 742 1652 779 stropharum
1677 744 1851 780 partitiones
1874 752 1904 774 et
1927 747 1997 775 alias
2021 748 2158 785 quasdam

120 781 323 818 inscriptiones
352 790 389 809 ex
421 780 475 809 Ed.
499 780 630 809 Bar-nesii
658 781 862 820 adscripsimus
899 782 981 809 uncis
1008 781 1145 808 inclusas.
1177 797 1215 803 —
1262 783 1308 811 De
1337 784 1411 812 notis
1441 786 1648 823 marginalibus
1679 795 1717 814 ex
1746 787 1837 818 Editt.
1867 789 2012 825 Xylanelri
2041 790 2158 819 adiectis

122 823 204 860 vide,
228 832 303 861 quae
325 833 354 861 p.
372 820 436 853 395
453 833 496 861 sq.
518 823 658 852 diximus.

848 1137 1162 1174 EURIPIDIS
1218 1137 1428 1174 MEDEA

660 1205 887 1235 PHILIPPO

424 1298 802 1345 Argumentum¹).

220 1357 324 1392 Iason
348 1358 493 1390 veniens
514 1356 748 1397 Corinthum,
772 1359 951 1392 adducens
979 1365 1013 1392 et
1033 1359 1109 1392 Me-

116 1410 240 1448 deam,
275 1408 372 1442 ducit
398 1408 435 1440 in
462 1408 734 1442 matrimonium
771 1410 965 1449 Glaucam,
997 1411 1105 1443 filiam

116 1459 300 1500 Creontis,
340 1459 431 1504 regis
467 1457 751 1493 Corinthiorum.
816 1460 943 1494 Medea
987 1467 1105 1495 autem

115 1524 195 1544 cum
219 1511 256 1544 in
280 1511 424 1544 exilium
450 1524 468 1544 a
485 1511 639 1544 Creonte
663 1512 852 1555 releganda
883 1525 900 1545 e
917 1511 1106 1553 Corintho,

115 1564 302 1606 deprecata
336 1569 443 1602 esset,
474 1568 514 1595 ut
538 1575 610 1596 uno
638 1563 695 1596 die
719 1570 899 1604 maneret,
933 1570 967 1596 et
994 1564 1105 1608 impe-

116 1620 262 1653 trasset,
304 1614 413 1648 mittit
444 1613 599 1647 Glaucae
635 1626 699 1659 per
735 1615 866 1649 liberos
903 1617 1102 1649 mercedem

115 1677 180 1709 pro
205 1666 376 1698 beneficio
401 1666 516 1705 dona,
540 1672 673 1699 vestem
695 1672 729 1698 et
746 1678 892 1699 auream
919 1679 1104 1707 coronam,

115 1716 243 1761 quibus
279 1716 338 1749 illa
366 1728 429 1749 usa
462 1716 573 1761 perit;
613 1717 730 1750 Creon
760 1718 867 1750 etiam
900 1719 1104 1762 complexus

114 1767 245 1807 filiam,
274 1767 440 1802 moritur.
502 1768 628 1801 Medea
654 1781 739 1801 vero
763 1782 842 1802 cuin
875 1769 1106 1803 interfecisset

115 1831 196 1853 suos
226 1819 376 1859 liberos,
416 1819 506 1863 fugit
529 1817 689 1853 Athenas
714 1820 751 1853 in
774 1833 880 1854 curru
907 1822 1103 1855 draconum

115 1870 314 1909 alatorum,
348 1882 453 1914 quem
486 1881 504 1901 a
537 1871 617 1903 Sole
654 1876 857 1914 acceperat,
892 1879 1011 1909 vecta;
1057 1872 1105 1903 ibi

115 1920 218 1954 nubit
238 1920 379 1964 Aegeo,
401 1920 474 1953 filio
495 1920 705 1955 Pandionis.
757 1919 981 1967 Pherecydes
1004 1928 1038 1954 et
1055 1922 1106 1955 Si-

114 1971 279 2005 monides
302 1971 422 2011 aiunt,
445 1973 540 2017 quod
558 1972 683 2006 Medea
694 1972 724 2018 ²)
751 1972 912 2006 Iasonem
940 1986 1107 2017 coquens,

116 2023 283 2057 iuvenem
320 2023 453 2057 fecerit.
518 2022 572 2056 De
605 2031 708 2068 patre
746 2024 820 2058 eius
847 2024 1027 2071 Aesoness)
1061 2025 1109 2058 sic

116 2074 234 2120 inquit
257 2081 384 2119 poeta,
408 2074 471 2119 qui
497 2075 648 2108 confecit
669 2075 862 2121 reditus“):

244 2134 347 2162 Statim
371 2133 441 2162 fecit
462 2134 609 2163 Aesonem
630 2135 850 2173 pubescentem,

242 2185 394 2214 Abradens
417 2190 564 2213 senectam
588 2195 678 2224 gnara
700 2193 811 2224 mente,

246 2236 382 2274 Coquens
405 2237 498 2265 multa
518 2237 677 2275 pharmaca
699 2237 729 2265 in
751 2239 848 2267 aureis
871 2239 948 2268 ollis.

154 2344 183 2376 1)
203 2345 261 2370 Hoc
279 2344 471 2375 argumentum
491 2344 518 2367 et
536 2350 656 2374 sequens
675 2350 775 2375 graece
794 2345 956 2370 exhibentur
973 2345 999 2369 in
1016 2346 1108 2376 Eurip.

187 2380 236 2403 Ed.
256 2379 340 2402 Basil.
360 2379 453 2409 155¹„
477 2378 504 2401 in
524 2384 577 2408 qua
596 2379 671 2408 prius
695 2380 856 2410 inscriptum
882 2382 941 2404 est:
964 2378 1110 2408 Ὺηόθεσις

188 2411 327 2444 Μηδείας,
346 2412 479 2437 alterum:
494 2410 593 2440 Ἄλλως
602 2409 825 2446 Ἀριστοφάνους
836 2413 886 2438 τοῦ
896 2415 1108 2448 γρτιλιιματικοιῇ

188 2447 370 2471 Metanthonis
386 2453 480 2472 eorum
498 2447 691 2477 interpretatio
705 2449 753 2473 lat.
768 2450 870 2479 tegitur
885 2450 910 2473 in
926 2451 1007 2474 Editt.
1021 2451 1107 2479 1553„

192 2481 266 2505 1562.
284 2483 311 2504 et
329 2487 384 2505 una
402 2488 463 2505 oum
482 2483 558 2505 textu
577 2488 677 2513 graeco
696 2483 722 2506 in
742 2484 791 2509 Ed.
812 2485 926 2509 Barnes.

154 2513 185 2545 2)
204 2515 245 2538 De
263 2516 359 2539 Medea
383 2521 465 2546 maga
489 2516 561 2541 conf.
587 2516 677 2548 Pauly

190 2549 306 2573 Alter-th.
325 2550 413 2575 T.1V.
433 2557 456 2579 p.
471 2551 547 2575 1390.

156 2581 186 2613 3)
207 2583 247 2606 De
265 2583 374 2607 Aesone
392 2584 453 2608 vide
470 2585 563 2615 Pauly
581 2585 599 2608 1.
618 2585 636 2609 1.
656 2586 685 2609 Τ.
699 2586 719 2610 1.
738 2594 764 2616 p.
782 2588 840 2612 193.
866 2590 893 2612 et
911 2589 945 2613 de
962 2595 994 2613 eo
1012 2594 1029 2613 a
1047 2590 1107 2613 Me-

191 2617 243 2640 dea
260 2618 369 2641 recocto
386 2617 464 2643 Ovid.
484 2620 592 2642 Metam.
613 2620 664 2644 vn
676 2637 683 2649 ,
705 2621 760 2646 163.
779 2622 937 2647 250—295.

156 2650 186 2683 4)
211 2648 330 2680 Νόστοι,
362 2651 395 2674 de
425 2658 539 2681 quorum
570 2655 709 2683 scriptore
734 2657 818 2686 (Agia
841 2658 1010 2686 Troezenio')
1035 2658 1108 2682 conf.

191 2685 370 2715 Bernhardy:
389 2685 539 2712 Grundriss
558 2688 583 2711 d.
604 2689 712 2714 Griecli,
732 2691 797 2715 Litt.
817 2691 846 2715 Ρ.
863 2692 894 2717 11.
915 2700 939 2723 p.
957 2693 1006 2717 145
1017 2700 1068 2723 sq..

122 2737 306 2768 Marias-ru.
329 2736 436 2768 Orsa.
459 2737 544 2768 Vor„
566 2739 688 2771 xvm.

685 2525 692 2542 :
719 2518 932 2549 neat-Encyct.
957 2520 1005 2543 des
1025 2520 1107 2543 class.

926 1206 1262 1236 MELANTHONE
1295 1208 1615 1240 INTERPRETFL

1159 1307 1354 1354 Aeschylus
1393 1310 1429 1343 in
1470 1311 1668 1345 nutricibus
1704 1309 1836 1345 Bacchi
1873 1322 2016 1356 narrat,
2057 1319 2153 1362 quod

1160 1362 1264 1393 etiam
1283 1361 1438 1395 nutrices
1447 1360 1579 1395 Bacchi
1597 1375 1674 1396 cum
1689 1364 1827 1398 maritis
1843 1377 1964 1399 earum
1984 1380 2153 1413 coquens,

1159 1411 1303 1445 iuvenes
1335 1413 1468 1447 fecerit.
1543 1412 1736 1459 Staphylus
1768 1415 1853 1448 dicit
1885 1417 2006 1462 aliquo
2043 1421 2152 1452 modo

1159 1463 1382 1496 interfectum
1409 1477 1481 1497 esse
1506 1463 1666 1498 Iasonem
1695 1478 1714 1498 a
1738 1466 1878 1500 Medea.
1940 1468 2033 1502 Nam
2057 1470 2154 1504 iussu

1158 1514 1232 1548 eius
1260 1527 1340 1547 eum
1366 1516 1540 1549 dormisse
1566 1517 1630 1549 sub
1647 1529 1767 1561 puppe
1794 1517 1896 1551 navis
1911 1519 2047 1564 Argus,
2073 1534 2152 1555 cum

1157 1572 1246 1599 esset
1270 1566 1495 1600 dissolvenda
1523 1573 1702 1612 tempore:
1731 1568 1909 1602 incidente
1935 1570 2043 1615 igitur
2068 1573 2152 1605 navi

1156 1629 1262 1662 super
1284 1616 1468 1659 Iasonem,
1493 1618 1610 1663 ipsum
1639 1632 1712 1653 esse
1734 1627 1930 1655 mortuum.

1234 1761 1368 1796 Aliud
1400 1769 1713 1807 argumentum
1747 1762 2075 1810 Aristophanis

1503 1815 1806 1858 grammatici.

1260 1895 1407 1936 Medea,
1453 1897 1536 1931 odio
1578 1897 1733 1939 Iasonis,
1776 1903 1873 1946 quod
1915 1903 1944 1937 is
1980 1903 2151 1945 Glaucen,

1159 1946 1322 1981 Creontis
1345 1948 1478 1990 filiam,
1514 1949 1688 1991 duxisset,
1717 1951 1877 1985 Glaucen
1901 1960 1934 1986 et
1958 1954 2149 1989 Creontem

1159 1998 1354 2040 interfecit,
1378 2012 1531 2046 suosque
1548 2001 1657 2045 ipsius
1673 2002 1776 2036 filios.
1831 2004 1934 2038 Unde
1944 2004 1974 2051 ⁵)
1992 2018 2010 2038 a
2028 2005 2152 2040 Iasone

1160 2057 1344 2094 separata,
1385 2064 1463 2085 cum
1499 2053 1619 2096 Aegeo
1652 2051 1839 2089 habitavit.
1905 2055 2002 2090 Haec
2032 2058 2151 2091 fabula

1160 2114 1275 2147 neque
1300 2103 1394 2146 apud
1419 2102 1633 2149 Aeschylum
1659 2111 1729 2145 est,
1755 2118 1871 2152 neque
1895 2109 1990 2151 apud
2014 2107 2153 2152 Sopho-

1162 2153 1263 2187 clem.
1318 2154 1428 2187 Scena
1452 2156 1592 2189 fabulae
1614 2154 1778 2189 Corinthi
1800 2158 1957 2202 ponitur.
2013 2157 2152 2194 Chorus

1163 2205 1293 2238 urbicis
1317 2206 1527 2240 mulieribus
1545 2214 1694 2241 constat.
1746 2207 1835 2241 Acta
1861 2215 1912 2242 est
1928 2207 2152 2253 Pythiodoro

1162 2263 1347 2300 praetore,
1390 2258 1481 2290 circa
1515 2259 1769 2303 octogesimam
1809 2259 1996 2302 septimam
2027 2260 2151 2306 Olym-

1162 2307 1317 2350 piadem.
1400 2309 1543 2343 Primus
1580 2307 1813 2353 Euphorion,
1869 2312 2044 2346 secundus
2083 2314 2150 2347 fuit

1161 2357 1375 2403 Sophocles,
1396 2360 1521 2394 tertius
1543 2359 1743 2404 Euripides.
1797 2360 1946 2405 Medea,
1972 2361 2150 2402 Philocte-

1160 2417 1230 2451 tes,
1255 2410 1393 2451 biems,
1427 2411 1621 2450 Messores,
1652 2411 1839 2459 δαίμ-1156)
1866 2425 1939 2447 non
1967 2421 2072 2449 extat.

1193 2597 1222 2627 5)
1243 2598 1333 2627 Unde]
1353 2598 1393 2621 sic
1413 2597 1494 2622 Editt.
1515 2597 1607 2626 1562,
1628 2598 1723 2629 Barn.;
1745 2597 1793 2621 Ed.
1817 2596 1892 2621 ¹558.
1910 2597 1984 2624 Inde.

1191 2657 1221 2687 fi)
1243 2659 1402 2682 Messores.
1422 2656 1556 2689 Satyrus]
1577 2657 1617 2681 sio
1629 2657 1712 2681 Editt.
1729 2657 1821 2688 1558.‚
1843 2657 1932 2688 1562.;
1952 2658 2034 2686 Barn.
2053 2660 2146 2687 habet:

1232 2689 1361 2723 Θερισταὶ
1379 2688 1518 2724 Σάτυροι,
1538 2694 1681 2716 Messores
1699 2691 1834 2721 satyrici.

1587 2734 1636 2770 29
