2373 2980
189 113 263 148 799

231 201 326 234 Hect.
368 195 602 231 Prehendatis
637 196 804 230 ducentes
836 197 952 242 ipsum
985 197 1023 230 in
1057 209 1171 231 meam

588 248 736 281 domurn
747 274 757 288 ,

230 300 306 340 Sic,
333 312 377 332 ne
397 298 482 344 quid
503 305 763 344 conqueratur,
791 298 928 338 ducite,

229 351 302 384 Vos
324 362 409 383 vero
437 356 578 389 euntes,
624 350 685 390 iis,
729 349 858 395 quibus
888 361 976 394 opus
1001 356 1051 384 est
1079 350 1172 384 intra

592 401 717 434 urbem
729 426 739 441 ,

178 451 251 486 880
278 451 426 485 Priamo
444 457 479 484 et
492 451 634 486 senibus
650 451 844 496 significate
862 458 1023 487 mortuos

229 502 288 536 Me
306 503 428 536 iubere
445 503 594 547 sepelire
613 504 656 536 ad
673 503 768 537 bivia
789 502 942 538 viarum.

230 555 327 589 chor.
354 553 511 588 Curnam
532 566 573 587 ex
590 566 719 598 magna
735 553 903 588 felicitate

227 604 376 638 Troiam
394 605 491 639 ducit
509 605 638 639 iterum
656 606 692 638 in
709 606 822 640 luctus

224 655 408 695 Fortuna,
436 657 532 689 aliud
551 657 637 702 quid
653 656 797 691 serens?

176 705 252 742 885
280 707 379 748 Heu,
406 705 496 747 beu,

226 758 315 804 Quis
332 771 439 803 supra
459 764 566 803 caput
580 757 677 792 Deus
688 784 697 798 ‚
725 771 745 791 ο
766 770 827 791 rex
838 784 847 798 ,

225 810 364 844 Recens
384 811 535 843 cadaver
553 809 589 842 in
612 810 777 843 manibus

227 860 376 895 Gestat?

227 913 397 956 Stupcsco
416 911 540 946 videns
556 909 625 944 hoc
640 910 788 944 malum.

176 963 251 998 890
279 965 396 998 Musa.
438 962 538 996 Licet
568 963 708 1001 videre,
751 959 922 997 Troiani;

584 1024 675 1058 quae
695 1024 714 1044 a
736 1010 955 1056 sapientibus

225 1065 335 1100 Color
350 1064 453 1098 Musa
467 1090 475 1103 ‚
502 1075 667 1097 sororum
685 1074 756 1096 una
768 1089 778 1103 ‚

223 1117 380 1156 Adsum,
414 1115 525 1148 filium
550 1113 698 1159 hunc⁴³)
722 1124 869 1146 cernens
893 1109 1042 1145 charum
1068 1110 1170 1144 mise-

585 1165 747 1199 rabiliter

224 1218 454 1252 Interfectum
471 1218 515 1250 ab
530 1214 704 1256 hostibus,
723 1215 822 1249 cuius
839 1214 1046 1248 interfector
1061 1212 1169 1257 longo

586 1274 667 1312 post
681 1274 844 1311 tempore

222 1320 378 1365 Dignam
396 1319 495 1352 dabit
510 1331 665 1363 poenam
676 1345 686 1359 ,
720 1318 865 1351 dolosus
879 1316 1022 1362 Ulysses
1033 1342 1043 1356 ‚

222 1375 254 1406 A
270 1372 343 1405 filio
360 1371 545 1415 Telegono
562 1377 708 1404 necatus
716 1370 776 1416 ⁴⁴¹).

542 1449 800 1501 [Str-opha]

171 1521 246 1559 895
273 1522 389 1556 Luctu
403 1521 598 1556 domestico
609 1548 619 1562 ‚

223 1575 256 1609 O
272 1574 343 1615 fili,
370 1581 404 1607 te
426 1574 542 1617 lugeo.

223 1627 257 1660 O
273 1625 397 1659 matris
413 1625 517 1657 dolor
528 1650 537 1664 ,
566 1623 707 1668 qualern

220 1678 328 1710 Viam
346 1675 516 1720 appulisti
535 1675 580 1707 ad
598 1672 772 1707 Troiam?

224 1729 327 1763 Certe
343 1727 603 1771 inauspicatam
624 1731 658 1758 et
674 1724 840 1758 miseram
852 1749 862 1763 ,

171 1781 246 1815 900
274 1779 333 1812 Me
350 1776 654 1823 reprehendente,
679 1776 858 1820 profectus
877 1786 931 1814 es,

222 1831 269 1864 Et
285 1831 496 1863 adversante
513 1835 614 1873 patre
635 1827 822 1860 violenter.

222 1882 302 1915 Heu
318 1878 409 1915 mihi
426 1886 575 1925 propter
594 1885 646 1919 te,
674 1891 694 1911 o
713 1876 860 1911 charum

222 1931 379 1967 Charum
400 1937 525 1975 caput,
552 1930 621 1970 fili,
649 1928 719 1963 heu
738 1935 770 1962 te
789 1928 951 1973 deploro.

223 1985 322 2020 Ghor.
358 1983 502 2028 Quanta
527 1981 695 2014 convenit
716 1980 852 2014 nullam
878 1975 1017 2023 generis
1040 1985 1168 2019 cogna-

584 2039 721 2066 tionem

171 2084 246 2121 905
272 2085 429 2119 Habenti
447 2083 589 2118 tristitia
602 2110 612 2123 ,
640 2083 744 2116 doleo
760 2088 863 2115 tuum
878 2079 1002 2113 filium.

491 2161 851 2213 [Antistrophe]

222 2238 320 2271 Mus.
346 2235 476 2268 Pereat
495 2233 707 2274 Diomedes,

223 2287 353 2320 Pereat
367 2286 523 2331 Ulysses.

226 2338 298 2382 Qui
316 2350 373 2370 me
390 2337 553 2370 orbatam

223 2388 322 2422 Fecit
339 2389 460 2421 sobole
479 2386 713 2420 nobilissima.

171 2438 248 2474 910
272 2439 403 2472 Pereat
419 2439 553 2472 Helena
567 2465 576 2478 ,
604 2449 694 2483 quae
712 2435 918 2481 relinquens
935 2431 1087 2478 patriam

967 971 1032 1003 ego
1063 959 1171 999 enim,

207 2563 254 2596 4³)
274 2564 359 2592 hunc]
378 2563 419 2586 sic
439 2562 484 2594 (=
500 2562 591 2592 Eun-ip,
611 2557 704 2589 τόνδ’)
725 2559 896 2585 Editt.1558.
917 2560 943 2582 et
961 2558 1093 2587 recentt.;
1117 2557 1167 2582 Ed.

243 2598 318 2623 156².
339 2598 397 2622 huc.

206 2649 254 2680 44)
273 2651 296 2673 Α
315 2649 370 2673 filio
387 2649 478 2678 Teleg.
502 2649 574 2676 nec.]
595 2648 660 2671 haec
681 2647 707 2670 in
727 2648 803 2669 textu
823 2651 865 2676 gr.
885 2650 937 2668 non
953 2644 1098 2674 leguntur,
1118 2641 1167 2666 sed

241 2686 369 2713 tanquam
400 2683 672 2712 interpretamentum
704 2686 825 2711 poenae,
863 2684 942 2710 quam
967 2680 1046 2701 Musa
1071 2676 1167 2708 ulyssi

240 2719 374 2746 minatur,
399 2717 491 2740 addita
509 2717 582 2740 sunt,
1191 2695 1196 2733 i

754 110 877 146 PfflL.
914 111 1026 146 MEL.
1060 111 1262 147 SCRIPTA
1299 113 1635 149 PHILOLOGICA.

2145 119 2221 156 800

1276 199 1467 243 Navigavit
1488 201 1532 233 ad
1548 197 1730 244 Phrygum
1748 197 1942 241 thalamos,
1971 202 2121 238 veniens-

1275 250 1331 283 Ad
1352 250 1467 284 Ilium.
1521 251 1683 284 Perdidit
1698 250 1791 284 enim
1812 258 1845 285 te
1862 252 1899 285 in
1916 253 2026 286 Troia
2039 281 2048 293 ‚

1277 302 1311 334 O
1325 299 1551 342 charissime,
1580 308 1613 334 et
1631 302 1837 336 innumeras
1854 304 2012 338 civitates

1277 352 1473 385 Evacuavit
1494 353 1754 396 praestantibus
1773 353 1868 388 viris.

1226 401 1300 437 915
1326 403 1480 436 Multum
1500 404 1619 444 vivus,
1647 405 1797 437 inultum
1816 405 1923 438 etiam
1941 412 2122 446 mortuus,

1275 454 1309 487 Ο
1326 452 1711 500 filiPhilmnmonis⁴⁵),
1733 456 1894 490 cruciasti
1912 468 2030 489 meum
2047 457 2219 492 animum.

1276 505 1354 538 Tua
1374 505 1468 538 enim
1487 506 1691 550 arrogantia
1704 533 1713 546 ‚
1742 512 1841 552 ‘quae
1857 514 1891 540 te
1910 507 2084 552 perdidit,
2119 514 2154 541 et
2178 509 2219 542 lis

1641 570 1719 590 cum
1738 557 1850 593 Musis

1275 607 1374 640 Fecit
1391 620 1447 640 me
1464 620 1588 652 parere
1604 606 1696 641 hanc
1714 608 1887 642 infelicem
1905 609 2078 643 sobolem.

1276 658 1471 693 Transiens
1490 659 1583 692 enim
1608 659 1756 693 fluvium

1225 708 1301 745 920
1323 710 1625 756 Appropinquavi
1640 709 1806 744 thalamis
1820 711 1998 745 frondosis
2007 710 2221 757 Strymonis,

1275 760 1432 806 Quando
1461 762 1668 796 accessimus
1692 763 1737 795 ad
1762 768 1895 795 terram
1928 774 2056 795 aureae
2086 763 2221 807 glebae,

1635 825 1671 846 in
1696 813 1864 846 verticem

1273 862 1483 907 Pangaeum
1505 864 1697 898 instructae
1719 863 1964 897 instrumentis

1275 913 1419 955 Musae,
1444 915 1482 947 in
1497 916 1693 949 maximum
1712 921 1892 948 certamen
1911 914 1996 948 artis

1276 964 1366 998 Cum
1383 966 1444 999 illo
1460 965 1618 1011 sophista
1636 965 1853 1006 Thracensi‚
1880 973 1914 999 et
1932 963 2195 998 excaecavimus

1224 1014 1299 1050 925
1326 1015 1547 1062 Thamyrin,
1581 1017 1643 1063 qui
1665 1018 1817 1052 multum
1843 1016 2060 1050 conviciatus
2083 1021 2135 1049 est
2156 1027 2220 1048 no-

1634 1075 1729 1102 strae
1745 1069 1826 1102 arti.

1273 1116 1320 1150 Et
1338 1124 1530 1164 postquam
1548 1125 1582 1152 te
1599 1120 1741 1164 peperi,
1768 1131 1909 1153 sorores
1925 1129 2092 1152 reverens

1274 1168 1321 1202 Et
1337 1169 1579 1213 virginitatem
1589 1170 1636 1216 ¹¹⁶)
1648 1197 1657 1211 ‚
1684 1171 1765 1204 veni
1783 1172 1828 1203 ad
1844 1169 1970 1215 aquosi
1988 1168 2100 1213 patris

1275 1219 1456 1259 Vortices;
1500 1227 1534 1254 te
1559 1234 1644 1254 vero
1670 1222 1838 1256 alendum
1863 1221 2008 1261 nonlad
2031 1217 2220 1252 mortalem

1637 1273 1755 1306 focum

1274 1322 1347 1355 Dat
1364 1328 1484 1367 pater,
1511 1324 1572 1357 sed
1586 1324 1743 1358 fontanis
1760 1320 1950 1369 Nymphis.

1223 1373 1298 1408 950
1325 1373 1397 1407 Ubi
1413 1375 1588 1409 enutritus
1604 1375 1738 1419 optime
1755 1387 1775 1408 a
1792 1374 1990 1418 virginibus

1274 1424 1458 1470 Imperans
1482 1423 1658 1459 Thraciae
1683 1424 2007 1470 praestantissimus
2037 1421 2134 1456 fuisti
2169 1421 2221 1453 vi-

1637 1489 1775 1511 rorum.

1273 1525 1320 1559 Et
1336 1533 1370 1559 te
1389 1526 1532 1572 quidem
1554 1527 1591 1560 in
1605 1528 1721 1572 patria
1746 1532 1910 1560 cruentas

1273 1577 1417 1622 Pugnas
1448 1579 1684 1623 proeliantem
1720 1590 1795 1612 non
1828 1575 2032 1613 metuebam
2069 1573 2220 1610 moritu-

1634 1642 1714 1663 rum
1731 1641 1823 1667 esse;

1272 1679 1341 1713 Sed
1356 1680 1402 1712 ad
1417 1679 1567 1713 Troiam
1586 1681 1766 1725 applicare
1783 1677 1974 1724 prohibui,

1222 1729 1298 1765 935
1325 1730 1445 1764 Sciens
1464 1737 1563 1764 tuum
1580 1732 1726 1767 factum.
1780 1731 1850 1765 Sed
1868 1737 1901 1763 te
1917 1726 2081 1762 Hectoris

1273 1781 1487 1826 Legationes
1503 1788 1537 1815 et
1552 1783 1755 1828 frequentes
1771 1788 1890 1815 coetus

1272 1833 1534 1867 Persuaserunt
1549 1834 1671 1867 venire
1688 1834 1902 1879 opitulatum
1919 1829 2053 1864 amicis.

1273 1885 1342 1918 Sed
1363 1882 1467 1919 huius
1485 1885 1594 1919 totius
1611 1886 1719 1920 cladis
1740 1885 1904 1918 Minerva
1922 1893 2027 1915 causa
2044 1885 2106 1914 est.

1271 1934 1371 1970 Nihil
1386 1936 1529 1981 Ulysses
1541 1962 1550 1977 ‚
1577 1935 1668 1970 nibil
1686 1936 1878 1970 Diomedes

1222 1987 1297 2023 940
1314 1987 1430 2026 Fecit;
1453 1987 1641 2022 facientem
1659 2001 1703 2022 ne
1719 1994 1821 2033 putes
1836 1999 1892 2020 me
1908 1984 2031 2018 fallere
2049 1979 2218 2027 potuisse.

1272 2038 1416 2072 Etenim
1434 2045 1532 2072 tuam
1550 2040 1729 2073 civitatem
1745 2052 1811 2073 nos
1826 2048 1967 2072 sorores
1983 2033 2131 2068 colimus

1274 2090 1396 2125 Musae
1414 2090 1587 2131 maxime,
1614 2097 1648 2124 et
1664 2092 1799 2125 utimur
1818 2097 1875 2124 tua
1895 2095 1988 2122 terra
2001 2111 2011 2126 ‚

1272 2140 1319 2174 Et
1331 2142 1583 2187 mysteriorum
1601 2154 1815 2176 arcanorum
1831 2137 2066 2174 revelationes

1273 2191 1406 2226 Docuit
1424 2191 1610 2237 Orpheus,
1637 2193 1872 2228 consobrinus
1891 2186 2074 2223 cadaveris

1221 2242 1296 2278 945
1324 2243 1515 2288 Huius⁴⁷),
1541 2245 1639 2279 cuius
1655 2245 1768 2289 gratia
1788 2250 1822 2277 et
1838 2240 1965 2276 occidit
1981 2250 2061 2272 eum
2084 2241 2118 2269 et
2134 2233 2214 2268 Mu-

1634 2308 1756 2343 saeum
1773 2302 1873 2329 tuum
1888 2321 1897 2335 ‚

1255 2436 1301 2468 45)
1323 2435 1530 2463 Philammonis]
1557 2435 1597 2457 sic
1626 2436 1671 2462 (τ-
1690 2432 1885 2467 ψιλάμμονος)
1913 2433 1996 2458 Editt.
2021 2432 2095 2456 1558.
2115 2431 2142 2454 et
2164 2436 2210 2454 re-

1290 2472 1389 2501 ccntt.;
1416 2470 1464 2494 Ed.
1482 2470 1554 2493 1552.
1575 2469 1749 2493 Pniiamonis.

1254 2520 1301 2551 46)
1322 2520 1521 2550 virginitatem]
1540 2519 1599 2542 huic
1618 2519 1677 2543 voci
1697 2519 1724 2542 in
1744 2525 1830 2546 mara.
1854 2518 1933 2542 Editt.
1953 2517 2043 2544 1558..
2067 2517 2138 2540 ²562.
2160 2516 2210 2539 ad—

1288 2555 1391 2584 scripta
1410 2556 1453 2577 est
1472 2554 1630 2583 explicatio:
1656 2554 1685 2577 ld
1705 2555 1763 2585 est,
1785 2555 1897 2583 propter
1916 2553 2044 2575 omissam
2064 2551 2210 2581 virginita-

1289 2591 1344 2613 tem
1363 2589 1465 2618 pudore
1483 2588 1630 2612 afficiebar.

1254 2639 1302 2671 47)
1321 2639 1502 2663 consobrinus
1521 2638 1664 2662 cadaveris
1686 2639 1788 2667 Huius]
1811 2639 1875 2661 haee
1900 2639 1926 2662 in
1953 2644 2037 2668 marg.
2064 2637 2210 2660 earundem

1289 2675 1369 2698 Editt.
1403 2675 1443 2697 sic
1474 2674 1664 2697 illustrantur:
1701 2673 1765 2703 qnia
1789 2673 1912 2703 calliope
1939 2674 2025 2696 mater
2053 2671 2154 2701 Orphei
2185 2672 2212 2694 et

1288 2708 1470 2738 'terpsichore
1485 2710 1549 2731 sunt
1568 2714 1692 2733 sorores.
