2373 2980
107 86 182 125 249
338 84 410 120 LII.

108 185 207 207 mum
232 183 318 206 uvas
341 171 600 216 aliquantisper
627 171 719 211 sole,
754 177 874 215 postea
903 173 1108 217 exprimunt

110 225 235 258 vinum
251 229 285 255 et
301 222 337 254 in
355 222 471 256 lacum
492 222 695 256 subiiciunt.

213 287 246 308 v.
263 272 348 306 613.
374 273 495 319 (611.)
531 271 745 317 συσκιάσαι]
772 284 789 305 a
817 270 888 307 σὺν
913 279 947 305 et
970 269 1109 314 σκιάζω

112 324 361 369 compositum.
413 324 582 367 Intelligit
601 330 718 357 autem
737 336 777 357 ex
794 324 915 368 aprico
935 324 970 356 in
990 324 1107 356 locum

110 387 183 409 non
203 375 401 419 expositum
419 376 485 409 soli
503 376 713 408 auferendas
732 388 816 408 esse.

213 439 246 461 v.
265 425 349 460 614.
376 425 497 471 (612.)
535 425 783 474 πολυγηθέος]
808 423 1002 470 Epitheton
1020 424 1108 457 Bac-

111 475 187 517 chi,
217 477 318 523 quasi
334 477 430 512 dicas
449 477 685 510 laetificantis.
746 475 987 522 Exhilaratffl)
1013 476 1106 508 enim

111 528 235 561 vinum
266 526 450 568 homines,
491 534 525 560 et
556 534 640 560 nota
672 535 754 561 sunt
781 526 910 560 Bacchi
944 526 1107 560 encomia

111 580 207 624 apud
226 585 367 623 poetas,
396 591 486 624 quae
504 577 572 611 huc
590 585 763 622 spectant,
790 585 829 613 ut
844 577 1087 623 Virgilius⁸¹):

199 638 282 666 Adsit
296 636 341 676 82)
366 638 496 667 laetitiae
519 637 649 666 Bacchus
673 638 766 667 dator.

110 687 244 736 Αὐτὰρ
269 686 360 734 ἐπὴν
383 687 429 734 δὴ
456 687 541 735 etc.]
576 688 683 722 Redit
711 690 755 722 ad
778 689 978 722 arationem
1007 695 1041 721 et
1065 688 1109 720 ad

109 737 277 773 hiemem.
344 740 435 773 Sunt
458 752 543 773 vero
566 752 605 773 ea
631 741 845 784 repetenda,
887 752 977 785 qnae
1002 751 1108 783 supra

111 792 154 824 de
173 791 334 824 aratione
359 791 523 824 diximus.
584 792 676 825 Nam
703 804 769 836 pro
795 791 965 836 qualitate
989 797 1023 823 et
1046 802 1109 822 na-

111 848 190 875 tura
215 841 280 875 soli
306 841 547 886 proscinditur
571 854 665 885 ager.
732 842 900 875 Feracius
930 842 1045 875 solum
1071 847 1111 874 ut

110 892 302 926 minimum
327 898 381 926 ter
408 894 503 926 arari
534 894 634 927 solet.
706 892 777 926 lam
813 906 934 926 mense
960 892 1110 926 Octobri

110 956 217 977 mane
254 956 333 977 cum
359 944 482 977 Tauro
515 944 681 977 occidunt
704 945 866 978 Pleiades
898 951 931 977 et
955 944 1110 989 Hyades,

110 996 196 1028 item
220 995 355 1032 Orion;
400 997 459 1029 sed
491 995 670 1040 principio
696 997 809 1029 noctis
833 1008 975 1029 rursum
1001 1007 1110 1039 appa-

111 1052 203 1080 rent.
270 1045 432 1080 Pleiades
465 1054 547 1080 sunt
580 1048 616 1080 in
649 1054 828 1092 postrema
859 1053 958 1090 parte
985 1046 1110 1085 Tauri,

110 1097 254 1142 Hyades
272 1109 357 1130 vero
374 1097 411 1130 in
426 1099 543 1131 fronte
555 1125 564 1138 ‚
598 1111 686 1144 quas
703 1098 821 1131 Latini
840 1098 986 1131 Suculas
1006 1109 1108 1130 voca-

111 1154 208 1182 runt.
261 1148 378 1193 Atque
398 1149 444 1181 ita
469 1149 621 1182 absolvit
642 1157 747 1193 poeta
772 1161 927 1187 annum,
964 1148 1048 1194 quid
1075 1148 1110 1179 in

112 1211 214 1239 vere,
252 1199 336 1243 quid
363 1199 399 1231 in
423 1206 574 1238 aestate,
610 1200 695 1245 quid
722 1201 758 1233 in
783 1207 978 1238 antimum,
1024 1199 1107 1244 quid

113 1257 195 1294 post
239 1255 450 1282 autumnum
470 1277 479 1289 ‚
531 1251 616 1295 quid
663 1249 780 1284 hieme
815 1251 1015 1283 faciendum
1056 1250 1110 1283 sit.

114 1300 218 1335 Nunc
235 1301 278 1332 de
294 1301 523 1344 navigatione
542 1308 729 1345 praecepta
756 1303 930 1346 quaedam
958 1301 1110 1338 subiicit,

114 1351 197 1396 quia
214 1351 279 1384 suit
296 1351 364 1384 illis
380 1352 556 1384 familiare
572 1351 746 1385 devehere
763 1355 880 1395 fruges
905 1359 938 1385 et
964 1363 1109 1390 merces,

111 1402 415 1447 quemadmodum
445 1402 551 1435 etiam
585 1403 715 1436 alicubi
745 1404 782 1435 in
806 1403 965 1436 Homero
990 1403 1109 1435 videre

112 1459 172 1486 est.
229 1452 424 1486 Constabat
440 1460 557 1486 autem
574 1461 735 1487 veterum
755 1454 949 1498 negotiatio
969 1453 1109 1498 potissi-

108 1516 208 1537 mum
234 1504 272 1536 in
298 1504 618 1551 permutationem)
646 1505 838 1545 mercium,
875 1512 909 1538 et
933 1505 1013 1537 ideo
1040 1504 1109 1537 He-

109 1555 231 1589 siodus
251 1562 439 1599 praecepta
459 1556 580 1590 tradit.

212 1618 245 1640 v.
263 1605 348 1640 618.
372 1606 492 1653 (616.)
523 1608 566 1641 Εἰ
584 1605 623 1641 δὲ
642 1619 680 1642 σε
697 1606 884 1653 ναυτιλίης
900 1605 1110 1653 dub-stelas&-

109 1656 191 1701 λου]
228 1655 402 1691 Prohibet
425 1659 488 1691 sul)
516 1665 727 1692 autumnum
756 1671 828 1692 esse
852 1659 1109 1702 navigandum,

110 1720 188 1740 cum
205 1707 369 1742 Pleiades
396 1709 563 1742 occidunt
588 1716 736 1754 propter
760 1716 1005 1754 tempestatem
1034 1723 1108 1742 ma-

108 1758 175 1797 ris;
204 1759 389 1793 insaniunt
407 1761 500 1793 enim
518 1762 633 1801 venti,
662 1768 695 1794 ct
713 1762 1016 1807 quemadmodum
1029 1761 1108 1793 Vir-

110 1809 215 1853 gilius
233 1810 283 1843 ait
294 1810 359 1857 ⁸⁴¹¹):

196 1869 262 1901 Qua
284 1869 350 1898 data
374 1876 457 1908 porta
481 1876 582 1900 ruunt.

111 1919 299 1953 Caeterum
326 1928 407 1965 post
432 1923 475 1954 de
503 1922 635 1956 aestiva
662 1922 890 1966 navigatione
924 1922 1035 1961 dicet,
1076 1929 1109 1955 et

110 1968 203 2004 hanc
233 1972 381 2016 probat,
423 1972 539 2006 Orion
574 1974 793 2019 insequentis
826 1981 960 2017 gestum
986 1974 1109 2017 {expri-

110 2023 177 2055 mit
201 2023 237 2056 in
266 2023 359 2067 ipsas
381 2024 563 2065 Pleiades,
605 2025 684 2058 ideo
711 2025 799 2058 dixit
832 2024 885 2073 [v.
909 2024 994 2059 619.
1022 2024 1108 2059 620.

111 2074 203 2120 (617
221 2073 312 2122 sq.)]
340 2072 536 2121 Πληϊάδας
550 2073 714 2124 φεύγειν.
769 2077 832 2110 His
855 2077 1009 2120 gestibus
1035 2089 1108 2109 am-

109 2126 243 2171 plificat
275 2127 487 2161 orationem.
593 2127 877 2175 Avgnqucpe‘kov]
914 2126 1107 2172 Epitheton

109 2177 349 2222 navigationis
368 2185 429 2213 est.
482 2179 648 2212 Sentiunt
666 2180 780 2220 enim,
816 2193 923 2225 quam
947 2180 992 2213 sit
1017 2179 1108 2223 peri-

111 2229 270 2263 culosum
304 2237 337 2263 et
366 2230 506 2263 difficile
542 2231 578 2263 in
613 2231 729 2263 alieno
757 2232 933 2264 elemento
962 2230 1108 2269 x‘ersari,

110 2281 171 2326 qui
190 2281 383 2327 aliquando
403 2295 476 2316 sese
495 2282 677 2315 credidere
695 2282 870 2317 fluctibus.
926 2283 1025 2315 Hanc
1046 2294 1107 2314 vo·

144 2415 192 2447 80)
211 2417 373 2446 Extiitarat]
392 2418 442 2441 Ed.
464 2418 536 2442 1532.
558 2423 654 2442 errore
674 2418 804 2449 typogr.:
830 2416 983 2442 Exhilerat.

142 2466 189 2498 81)
210 2468 290 2498 'Vll-g.
311 2470 379 2493 Aen.
398 2469 418 2500 1,
438 2469 497 2493 734.

142 2518 190 2545 82)
210 2519 304 2548 Adsit]
331 2520 370 2543 sic
396 2519 479 2544 Editt.
501 2520 695 2545 ¹532—1591.
716 2522 743 2544 et
762 2521 859 2551 virg.;

179 2553 254 2578 1662.
274 2554 367 2577 Adsis.

141 2604 190 2636 83)
211 2604 238 2628 in
258 2605 471 2637 permutatione]
492 2605 532 2629 sie
545 2606 733 2639 Editt.1532.‚
754 2607 827 2630 1541.
844 2608 890 2637 B..
912 2606 1003 2636 1562.;
1028 2606 1105 2629 cete-

176 2645 223 2663 rae
242 2640 342 2664 Euat:
369 2641 580 2670 permutatione.

139 2692 188 2722 84)
209 2691 287 2722 Virg.
308 2692 373 2715 Aen.
393 2692 416 2722 1,
435 2691 479 2715 8³.

895 2520 977 2544 Editt.
995 2520 1058 2542 1601
1073 2532 1107 2536 -—

458 85 494 121 3.
520 84 805 121 ENARRATIO
833 86 1039 120 OPERUM
1066 87 1130 121 ET
1158 87 1351 123 DIERUM
1379 88 1590 125 HESIODI.
1620 104 1669 125 γε.
1691 91 1924 127 602-638.

2081 91 2157 129 250

1162 186 1235 206 cem
1254 176 1487 220 compositam
1510 189 1586 210 esse
1604 183 1691 220 puto
1710 189 1727 209 a
1748 175 1816 216 δὺς
1833 175 1895 213 καὶ
1916 175 2070 222 πέμπω,
2106 179 2163 211 vel

1161 226 1258 269 quod
1275 238 1378 270 aegre
1397 227 1558 260 remittat
1575 228 1742 268 afflictos,
1770 229 1825 261 vel
1842 229 1938 273 qnod
1961 241 2066 272 saepe
2088 241 2163 262 non

1161 276 1320 309 remittat
1336 278 1560 321 navigantes.
1613 278 1720 311 Varia
1741 280 1925 325 quaeritur
1945 280 2161 324 etymologia

1161 324 1266 360 huius
1282 327 1391 367 vocis,
1413 330 1473 361 sed
1494 335 1614 362 tamen
1629 343 1703 362 non
1720 338 1801 364 sunt
1818 343 1928 376 usque
1948 331 2037 363 adeo
2058 331 2160 363 anxie

1162 379 1408 422 quaerendae,
1438 380 1536 424 quod
1556 385 1694 413 tantum
1719 383 1763 414 ad
1789 383 1989 415 docendum
2016 394 2162 426 compo-

1162 429 1249 462 sitae
1272 429 1353 462 sint.

1265 501 1299 523 v.
1323 488 1409 524 620.
1440 488 1561 536 (618.)
1605 488 1790 537 ἠεροειδέα
1814 489 1969 539 πόντον]
2012 493 2094 539 quia
2113 492 2160 538 85)

1162 538 1270 572 habet
1289 539 1441 584 speciem
1462 541 1567 575 aeris.

1265 611 1297 632 v.
1317 598 1403 633 624.
1429 598 1551 643 (622.)
1582 598 1637 634 ἐπ’
1657 598 1826 647 ἠπείρου]
1853 599 1889 632 in
1907 601 2163 641 continentem,

1163 649 1197 681 id
1214 656 1283 689 est,
1306 650 1499 682 littoralem
1510 650 1557 694 ⁸⁶)
1577 657 1722 685 terram.
1776 650 1861 684 Inde
1880 650 2021 695 Epirus.

1267 722 1298 742 v.
1315 709 1401 744 626.
1427 708 1548 755 (624.)
1573 709 1757 758 χείμαρον
1770 709 1845 758 ⁸⁷)]
1875 723 2006 756 aquam
2033 723 2074 743 ex
2098 710 2163 742 im-

1162 761 1224 792 bre
1249 760 1447 794 collectam.

1266 833 1299 854 v.
1323 820 1409 854 628.
1434 820 1554 867 (626.)
1593 820 1679 867 νηὸς
1713 819 1829 869 πτερὰ
1845 820 1920 869 ⁸⁸)]
1965 833 2083 854 remos
2111 820 2163 852 in-

1165 871 1302 915 telligit.

1268 944 1300 966 v.
1327 930 1414 966 629.
1452 930 1573 978 (627.)

1164 994 1227 1014 nax
1239 982 1284 1022 is,
1314 982 1468 1016 clavum.

1268 1055 1300 1075 v.
1316 1042 1402 1075 630.
1430 1041 1550 1088 (628.)
1588 1039 1730 1089 ὡραῖον
1755 1039 1886 1087 πλόον]
1923 1043 2061 1076 Scilicet
2083 1056 2163 1076 cum

1165 1093 1236 1125 iam
1257 1105 1318 1125 ver
1334 1099 1495 1126 exactum
1513 1100 1575 1126 est.

1268 1156 1300 1177 v.
1317 1144 1403 1177 633.
1423 1143 1544 1189 (631.)
1563 1142 1700 1189 2ng9
1717 1140 1802 1188 ἐμός
1816 1157 1854 1178 τε
1870 1142 1991 1191 πατὴρ
2008 1142 2071 1179 καὶ
2088 1143 2162 1187 σὸς,

1164 1194 1261 1242 μέγα
1287 1192 1392 1240 νήπιε
1414 1194 1558 1241 Πέρση]
1600 1195 1813 1239 Exemplum
1838 1196 1966 1228 adiecit
1989 1196 2165 1230 Hesiodus

1165 1246 1295 1290 patris,
1319 1258 1390 1291 quo
1410 1247 1585 1285 ostendit,
1614 1253 1790 1291 quatenus
1808 1247 1953 1290 probari
1972 1253 2079 1293 queat
2101 1259 2164 1279 na-

1165 1297 1319 1340 xigati0‚
1354 1303 1387 1329 et
1415 1297 1501 1330 dicit
1532 1304 1743 1341 paupertate
1769 1304 1906 1341 patrem
1931 1299 2037 1332 fuisse
2068 1311 2163 1331 com-

1163 1348 1326 1392 pulsum,
1370 1361 1460 1393 quae
1493 1347 1582 1381 nihil
1615 1361 1689 1381 non
1712 1346 1895 1382 hominem
1922 1349 2076 1394 experiri
2101 1351 2164 1383 do-

1164 1405 1260 1437 ceat,
1288 1400 1385 1443 quod
1404 1399 1599 1432 instituerit
1623 1406 1874 1434 mercaturam.
1928 1401 2044 1435 Nemo
2068 1401 2163 1434 enim

1164 1462 1223 1482 eos
1251 1450 1393 1489 laudat,
1426 1450 1486 1495 qui
1512 1462 1590 1483 cum
1615 1452 1717 1483 beate
1745 1458 1888 1495 possent
1910 1452 1946 1484 in
1971 1452 2087 1496 patria
2112 1452 2163 1484 vi-

1164 1512 1265 1543 vere,
1302 1501 1397 1533 ultro
1424 1513 1460 1534 se
1485 1501 1651 1545 periculis
1675 1509 1870 1546 exponunt.
1924 1502 1971 1535 Et
1987 1503 2164 1538 Hesiodus

1163 1558 1269 1595 negat
1294 1564 1334 1584 ex
1349 1552 1432 1585 Asia
1460 1552 1656 1596 profugisse
1683 1559 1868 1597 parentem
1894 1554 1983 1587 sicut
2003 1555 2165 1601 plerique

1164 1603 1277 1642 cives,
1303 1604 1364 1649 qui
1382 1610 1529 1648 propter
1552 1604 1725 1637 invidiam
1754 1618 1795 1638 ex
1819 1605 1946 1649 opibus
1972 1606 2162 1639 conflatam

1162 1655 1199 1687 in
1228 1660 1303 1687 tuto
1324 1667 1470 1688 manere
1489 1668 1563 1688 non
1583 1662 1771 1700 poterant,
1803 1669 1899 1697 non,
1932 1656 2069 1703 inquit,
2103 1658 2165 1691 illa

1163 1719 1266 1739 causa
1284 1706 1370 1746 suit,
1399 1707 1458 1740 sed
1480 1707 1611 1739 victum
1635 1708 1840 1752 quaerebat.

1267 1770 1300 1791 v.
1327 1756 1414 1791 635.
1452 1756 1573 1803 (633.)
1618 1757 1680 1792 καὶ
1712 1756 1796 1804 τῇδ’
1830 1755 1939 1804 ἦλθε]
1982 1759 2163 1803 Significat

1163 1806 1219 1841 hic
1231 1807 1277 1853 ⁸⁹)
1307 1821 1341 1842 se
1366 1810 1401 1841 in
1424 1807 1523 1842 Ionia
1547 1816 1684 1843 natum.
1738 1810 1912 1854 Magnum
1936 1823 2035 1844 mare
2060 1817 2165 1844 vocat

1161 1860 1319 1903 Aegeum
1352 1873 1462 1894 mare.
1535 1860 1718 1893 Aeolicam
1751 1861 1902 1895 Cumam
1934 1861 2015 1895 ideo
2048 1868 2163 1903 vocat,

1164 1910 1246 1955 quia
1267 1912 1394 1945 Aeoles
1419 1924 1496 1944 eam
1524 1912 1774 1947 condiderunt.
1836 1913 1909 1945 Sita
1932 1920 1983 1946 est
2006 1914 2042 1946 in
2066 1914 2163 1946 litto-

1163 1962 1228 1994 rali
1247 1963 1343 1997 Asia.

1267 2026 1298 2047 v.
1325 2013 1410 2047 637.
1448 2012 1569 2060 (635.)
1607 2014 1759 2062 ἄφενος]
1802 2014 1944 2048 divitias
1976 2014 2162 2058 significat,

1162 2065 1308 2109 proprie
1338 2072 1459 2097 tamen
1486 2067 1640 2105 reditus,
1684 2066 1746 2111 qui
1777 2065 1970 2111 quotannis
1999 2066 2162 2105 redeunt,

1162 2115 1234 2149 sive
1258 2116 1368 2149 annui
1391 2116 1544 2156 reditus;
1578 2119 1717 2161 fingunt
1741 2124 1859 2150 autem
1883 2117 2005 2150 venire
2032 2117 2076 2148 ab
2101 2115 2161 2158 εἵς,

1162 2164 1255 2206 ἑνός.

1266 2231 1297 2251 v.
1316 2218 1401 2252 638.
1420 2218 1542 2265 (636.)
1564 2217 1670 2253 Ἀλλὰ
1686 2217 1805 2264 κακὴν
1819 2216 1968 2263 πενίην,
1993 2215 2057 2263 τὴν
2068 2216 2163 2257 Ζεὺς

1162 2266 1337 2315 ἄνδρεσσι
1356 2267 1507 2314 δίδωσι]
1536 2270 1601 2303 Hic
1618 2271 1716 2303 locus
1731 2272 1774 2302 ad
1792 2269 2056 2313 providentiam
2081 2282 2162 2314 per-

1162 2320 1275 2353 tinere
1293 2320 1452 2361 videtur,
1483 2334 1561 2354 cum
1581 2321 1684 2362 dicit,
1715 2320 1834 2354 lovem
1851 2319 2058 2355 hominibus
2076 2323 2160 2354 dare

1628 929 1839 978 Πηδάλιον]
1884 933 2039 976 guberna
2046 932 2162 965 culum

1195 2455 1243 2482 85]
1263 2454 1339 2485 qnia]
1360 2455 1400 2478 sic
1419 2455 1502 2480 Editt.
1524 2455 1736 2483 1532—1601.;
1761 2456 1844 2479 Editt.
1866 2457 1959 2485 1623..
1982 2457 2056 2481 1662.
2077 2456 2131 2487 qni.

1193 2504 1243 2536 86)
1263 2506 1429 2534 littoralem]
1452 2507 1500 2530 Ed.
1521 2507 1597 2531 1541.
1613 2508 1642 2531 Β.
1662 2513 1759 2531 errore
1777 2509 1905 2538 typogr.:
1932 2508 2089 2534 litteralem.

1194 2555 1241 2587 87)
1262 2557 1413 2587 χείμαρον]
1434 2557 1609 2583 ΕιΙ,1541,Ρ,
1630 2557 1656 2580 in
1676 2559 1753 2581 textu
1773 2559 1800 2582 et
1819 2560 1964 2583 comment.
1985 2561 2011 2582 et
2021 2560 2070 2584 Ed.
2085 2559 2159 2586 1557.

1230 2591 1257 2613 in
1277 2597 1372 2615 comm.
1392 2592 1480 2614 male:
1506 2592 1650 2623 κείμαρον.

1193 2642 1241 2669 88)
1261 2640 1360 2673 πτερά]
1380 2642 1429 2667 Ed.
1446 2642 1520 2667 1557.
1541 2642 1568 2665 in
1590 2645 1734 2668 comment.
1755 2649 1853 2667 errore
1868 2645 1996 2675 typog1·.:

1194 2693 1242 2721 89)
1261 2693 1319 2721 hie]
1341 2693 1365 2716 tu
1385 2694 1434 2719 Ed.
1457 2693 1532 2718 1557.
1551 2694 1646 2718 omiss.

2016 2644 2123 2676 πιπριὶ.
