2373 2980
218 100 291 135 935

270 187 316 220 Et
333 186 443 219 multa
462 184 643 229 pariebant
662 181 817 214 assidens
833 188 953 222 noctu,

221 238 294 273 995
320 238 366 271 Ut
384 237 534 280 perdens
553 240 585 268 et
605 232 817 265 interficiens
833 245 930 267 meos
952 232 1126 273 inimicos,

272 289 433 322 Tandem
450 299 523 319 non
539 297 648 318 essem
668 283 702 315 in
723 289 829 316 metu.

272 340 391 374 Sciens
410 350 482 370 non
500 347 709 373 numerum,
736 335 796 368 sed
817 346 896 368 vere

274 389 453 433 virum-5⁷)
472 400 544 422 esse
566 394 665 420 tuum
692 385 818 418 filium:
846 398 1064 431 quamquam
1088 385 1205 418 inimi-

645 449 704 469 cus
722 437 799 475 suit,

274 493 413 525 Tamen
433 504 450 522 a
471 502 525 522 me
543 487 821 533 praedicabitur,
849 499 925 520 cum
950 488 1055 521 suerit
1075 488 1126 520 vir
1151 500 1204 520 ex<

639 539 784 576 cellens;

228 595 323 629 1000
347 592 415 627 Isto
436 604 519 624 xero
541 590 761 629 discedente,
787 601 906 622 nonne
925 590 1112 634 oportebat
1129 602 1184 622 me

276 645 431 678 Invisum
449 643 522 677 istis
534 669 542 682 ‚
569 648 603 674 et
618 641 785 675 scientem

277 694 501 729 inimicitiam
523 699 721 738 paternam,
736 702 876 725 omnem
896 690 1049 734 lapidem
1066 704 1207 723 movere

277 746 537 784 interficiendo,
554 744 739 782 efficiendo,
758 749 789 775 et
806 742 923 774 omnia
945 740 1209 775 machinando?

279 798 335 832 Sic
353 797 491 841 agenti,
518 808 594 828 mea
613 800 714 828 erant
731 794 765 826 in
784 800 872 826 tuto.

231 848 327 884 1005
351 849 407 882 An
423 855 460 881 tu
479 859 551 880 non
567 846 739 889 recipiens
760 856 872 877 meam
891 843 1086 883 fortunam,

280 900 478 944 Pepnlisses
491 897 644 942 pupillos
666 896 809 928 infestos
826 893 961 926 inimici
979 894 1108 931 leonis;

281 952 349 985 Sed
370 949 559 995 tranquille
578 947 716 981 sivisses
731 944 892 978 habitare
909 944 1047 988 Argos?
1076 946 1209 977 nemini

646 996 885 1041 persuadebis.

281 1054 383 1087 Nunc
398 1052 506 1096 igitur
522 1062 599 1082 cum
619 1061 691 1081 non
712 1045 953 1080 interfecerint
970 1058 1036 1085 me,

233 1105 330 1138 1010
359 1103 563 1136 pariturum
580 1100 714 1144 legibus
732 1099 965 1135 Graecorum,

281 1156 363 1190 Bon
380 1155 460 1187 licet
478 1165 532 1185 me
548 1151 709 1184 interfici.

283 1206 376 1240 Urbs
394 1204 527 1238 dimisit
545 1216 600 1236 me
612 1230 620 1241 ‚
643 1202 799 1235 modeste
819 1212 937 1243 agens,

283 1257 400 1291 Pluris
415 1256 545 1289 faciens
562 1255 676 1287 Deum
694 1251 772 1285 mea
788 1249 983 1283 inimicitia.

284 1307 467 1352 Respondi
483 1308 527 1339 ad
545 1318 582 1339 ea
597 1332 606 1345 ,
632 1317 722 1350 quae
738 1302 872 1337 dixisti:
898 1302 980 1333 inde
998 1306 1140 1344 oportet
1157 1305 1189 1332 te

236 1358 332 1394 1015
360 1358 497 1392 Vocare
516 1357 630 1390 Deum
649 1356 818 1388 victorem
835 1360 868 1386 et
885 1350 1081 1396 so1·tem⁵⁸).

285 1411 341 1445 Sic
367 1422 401 1445 se
424 1408 557 1443 habent
582 1421 638 1442 res
660 1419 777 1440 meae:
818 1416 891 1437 non
920 1402 1084 1448 equidem
1112 1400 1214 1444 cupio

652 1470 763 1495 mor1;

287 1516 355 1547 Sed
375 1521 492 1546 tamen
510 1511 686 1549 moriens,
713 1520 786 1541 non
805 1505 945 1539 dolebo.

289 1567 384 1600 Chor.
410 1563 501 1597 Volo
519 1561 583 1595 tibi
600 1572 711 1605 pauca
730 1559 845 1592 dicere
858 1584 866 1597 ‚
891 1568 911 1588 o
929 1555 1114 1589 Alcmene:

288 1616 437 1649 Dimitte
452 1613 546 1648 hunc
565 1612 680 1646 virum
694 1638 703 1652 ‚
727 1610 809 1656 quia
828 1607 908 1642 urbi
928 1606 1079 1639 videtur.

244 1668 336 1703 1020
360 1668 434 1702 Alc.
458 1665 554 1711 Quid
569 1663 597 1698 si
614 1662 810 1701 moriatur,
833 1665 866 1692 et
883 1664 1002 1691 tamen
1021 1668 1087 1689 nos
1104 1666 1218 1688 serve-

648 1726 726 1747 mus
743 1713 834 1756 leges
850 1709 946 1743 urbis
964 1705 1179 1751 vestrae⁵⁹)?

290 1771 387 1804 Cher.
412 1767 451 1801 Id
468 1767 575 1801 fuerit
590 1765 783 1810 optimum;
805 1761 987 1808 quomodo
1003 1757 1070 1792 boc
1087 1756 1170 1790 fiet?

289 1822 363 1854 Alc.
393 1819 519 1853 Statim
540 1818 722 1851 ostendam
738 1829 744 1847 :
771 1814 799 1848 si
818 1825 882 1856 ego
898 1811 1118 1847 interfecero,

271 1922 319 1953 57)
348 1918 458 1951 Virum]
488 1919 527 1942 sic
553 1917 599 1948 (z
624 1915 716 1945 Eurip.
739 1908 846 1944 Ἄνδρ’)
877 1909 960 1934 Editt.
987 1910 1106 1937 receut.;
1139 1907 1221 1930 Editt.

308 1956 382 1980 ¹558.
392 1973 398 1985 ‚
420 1953 495 1978 1562.
514 1953 628 1975 Verum.

272 1990 319 2022 58)
339 1991 447 2020 oportet
472 1990 500 2010 te
518 1986 628 2010 Vocare
645 1997 679 2002 —
698 1980 820 2012 fortem]
847 1980 886 2004 sic
911 1978 992 2002 Editt.
1017 1977 1105 2016 1558,
1133 1976 1222 2014 1562;;

307 2026 428 2055 Musgr.:
459 2022 567 2051 oportet
587 2020 678 2043 lovem
698 2016 848 2047 supplicum
868 2016 894 2038 et
913 2014 1090 2051 certauimum
1110 2011 1222 2034 Praem-

307 2060 367 2082 dem
386 2058 533 2085 invocare3
557 2055 638 2077 Barn.
650 2070 658 2083 ‚
684 2052 758 2076 Fix.:
784 2049 893 2080 oportet
912 2047 1068 2077 supplicem
1086 2051 1118 2069 ac
1136 2050 1221 2075 gene-

309 2098 401 2117 rosum
421 2090 509 2123 [Fix.:
528 2085 640 2118 fortem]
659 2091 761 2110 vocare
778 2090 829 2109 me.

271 2126 318 2158 59)
339 2128 365 2150 et
383 2128 475 2150 tamen
495 2129 545 2148 nos
565 2127 708 2146 servemus
733 2120 810 2149 leges
830 2116 906 2141 urbis
926 2116 1038 2139 vestrae
1049 2112 1074 2145 22]
1099 2113 1137 2136 sic
1155 2118 1222 2136 con-

307 2160 392 2185 textui
417 2158 601 2189 congruenter
625 2153 740 2184 scrips13
769 2152 852 2176 Edttt.
875 2151 966 2179 1558,
987 2148 1060 2172 1562.
1087 2149 1114 2171 et
1133 2149 1222 2170 tamen

309 2201 362 2219 non
380 2193 499 2218 servetis
526 2193 602 2221 leges
627 2189 702 2213 urbis
721 2182 855 2212 vestrae?
880 2185 963 2209 Editt.
983 2183 1101 2206 receut.:
1117 2182 1154 2223 ‚et
1170 2188 1223 2220 iios

309 2226 452 2259 (vestrae)
479 2225 585 2250 civitati
617 2229 762 2255 pareamus
794 2216 902 2247 simul?
933 2217 1040 2250 (Eurip.
1076 2224 1121 2239 και
1146 2214 1224 2238 nom

308 2260 468 2294 πειθώμεθα
478 2259 510 2291 ;).

793 96 916 130 PHIL.
952 95 1064 130 MEL.
1099 94 1299 129 SCRIPTA
1334 91 1668 126 PHlLOLOG1CA.

2171 94 2244 128 936

1305 178 1442 212 Deinde
1458 178 1550 211 dabo
1569 175 1769 221 petentibus
1785 176 1906 211 amicis
1921 178 2082 213 cadaver.

1308 230 1445 274 Corpus
1463 229 1557 261 enim
1574 239 1648 260 non
1662 226 1799 269 negabo
1822 233 1951 262 terrae.

1259 279 1357 317 1025
1380 281 1447 314 Sed
1465 280 1534 312 iam
1554 278 1652 311 dabit
1669 275 1757 310 mihi
1773 290 1927 321 poenam
1946 280 2161 315 interfectus.

1311 334 1392 366 Eur.
1424 329 1602 370 Interfice,
1636 340 1710 362 non
1737 329 1920 373 deprecor.
1971 331 2167 378 Postquam
2185 345 2239 366 me

1664 379 1799 413 dimisit
1814 380 1949 420 civitas,

1309 433 1354 466 Et
1371 431 1521 465 reverita
1542 436 1592 464 est
1609 430 1822 464 interficere:

1309 483 1462 516 Donabo
1483 482 1660 514 civitatem
1677 482 1821 516 oraculo
1841 482 1989 528 antiquo
2005 483 2192 528 Apollinis,

1311 535 1416 579 Quod
1440 533 1518 578 plus
1541 533 1718 577 proderit,
1757 544 1865 578 quam
1898 533 2090 568 existimari
2123 536 2244 580 possit,

1669 596 1747 617 cum
1765 590 1938 629 tempore.

1266 636 1360 670 1030
1385 635 1442 668 Me
1461 642 1641 669 mortuum
1660 634 1854 679 sepelietis,
1881 636 1943 669 ubi
1961 643 2011 670 est
2025 638 2143 677 fatale,

1311 687 1403 719 Ante
1420 687 1593 731 templum
1609 686 1720 719 Dicae
1737 686 1950 726 Pallenidis;

1313 737 1358 771 Et
1376 737 1438 771 tibi
1454 750 1593 782 semper
1613 749 1673 770 ero
1690 738 1901 778 benevolus,
1924 745 1957 772 et
1975 739 2055 772 urbi
2071 739 2246 780 salutaris,

1313 789 1406 833 Quia
1425 801 1485 822 ero
1502 789 1698 834 inquilinus
1714 795 1829 822 vester
1838 788 1898 835 ⁶⁰),

1313 840 1358 873 Et
1372 840 1635 873 inimicissimus
1653 837 1783 873 horum
1802 840 1963 884 posteris,

1267 889 1363 926 1035
1391 891 1687 936 Quandocunque
1705 891 1867 924 venerint
1885 889 1954 924 huc
1974 903 2053 925 cum
2069 893 2223 926 exercitu

1313 942 1509 975 Prodentes
1526 940 1594 975 hoc
1610 942 1838 975 beneficium:
1863 942 1949 976 tales
1965 940 2122 987 hospites

1315 992 1524 1027 Defenditis.
1578 993 1732 1037 Quando
1752 993 1859 1036 igitur
1875 991 1960 1026 haec
1979 1006 2042 1037 ego
2058 994 2217 1033 audiens,

1316 1043 1392 1075 Huc
1410 1043 1509 1083 veni,
1538 1051 1571 1076 et
1586 1056 1659 1076 non
1678 1045 1777 1087 parui
1798 1044 1969 1076 oraculo?

1316 1093 1487 1126 lunonem
1506 1106 1630 1127 censeo
1650 1094 1887 1138 potentiorem
1907 1095 2064 1133 oraculo,

1269 1144 1366 1178 1040
1402 1144 1445 1177 Et
1471 1157 1543 1177 non
1569 1146 1792 1188 prodituram
1818 1157 1893 1182 me;
1935 1147 1994 1178 sed
2022 1157 2136 1190 neque
2161 1144 2249 1178 mihi

1682 1194 1826 1228 inferias
1843 1195 1959 1233 facite,

1321 1245 1444 1291 Neque
1475 1246 1668 1290 permittite
1700 1246 1909 1289 sanguinem
1933 1246 2042 1279 fluere
2069 1246 2105 1278 in
2133 1258 2251 1280 meum

1681 1297 1812 1337 locum,

1321 1347 1414 1392 Quia
1431 1347 1563 1381 malum
1583 1348 1734 1381 reditum
1752 1347 1801 1381 eis
1818 1359 1883 1391 pro
1901 1344 1955 1381 his
1971 1348 2075 1381 dabo.

1320 1399 1510 1431 Geminum
1531 1411 1615 1431 vero
1632 1399 1768 1432 lucrum
1787 1396 1933 1431 habebis
1950 1410 1967 1430 a
1985 1410 2058 1430 me:

1320 1449 1409 1483 Urbi
1426 1449 1643 1482 benefaciam
1657 1476 1665 1489 ‚
1691 1455 1724 1481 et
1741 1449 1815 1482 istis
1831 1449 1979 1482 nocebo.

1273 1498 1370 1534 1045
1401 1501 1475 1534 Alc.
1504 1500 1598 1545 Quid
1623 1500 1730 1544 igitur
1747 1498 1986 1532 cunctamini?
2017 1499 2064 1532 sic
2082 1498 2149 1531 erit
2162 1498 2253 1532 salu-

1684 1551 1770 1584 taris
1788 1562 1883 1584 mors
1900 1549 1993 1589 urbi,

1321 1601 1474 1645 Propter
1491 1599 1558 1635 hoc
1575 1607 1716 1646 oportet
1732 1613 1797 1635 nos
1816 1601 2011 1634 interficere
2023 1597 2116 1633 hunc
2129 1599 2255 1641 virum²

1683 1665 1763 1685 cum
1780 1652 2021 1686 audiverimus
2037 1649 2134 1685 haec.

1322 1702 1487 1736 Ostendit
1503 1703 1595 1735 enim
1616 1703 1709 1736 viam
1726 1703 1951 1737 tutissimam.

1323 1753 1386 1786 Vir
1404 1754 1567 1788 inimicus
1587 1761 1655 1792 est;
1683 1756 1828 1798 prodest
1847 1766 1931 1787 vero
1950 1759 2124 1786 mortuus.

1277 1803 1373 1838 1050
1399 1805 1544 1838 Auferte
1564 1806 1667 1839 istum
1686 1806 1830 1846 famuli,
1852 1805 1980 1839 deinde
1998 1809 2138 1848 oportet

1325 1855 1480 1890 Canibus
1499 1857 1584 1890 dare
1605 1864 1785 1890 mortuum
1799 1883 1808 1897 ‚
1832 1868 1947 1902 neque
1964 1867 2095 1900 speres,

1326 1907 1374 1940 Ut
1393 1919 1514 1941 rursus
1535 1920 1590 1941 me
1608 1908 1726 1941 eiicias
1743 1908 1844 1941 vivus
1862 1920 1901 1941 ex
1920 1907 2047 1952 patria.

1325 1959 1421 1993 Ghor.
1445 1958 1579 1992 Eadem
1598 1957 1689 1992 mihi
1704 1959 1864 2004 placent,
1890 1958 1936 1992 ite
1949 1958 2085 1992 famuli.

1324 2008 1415 2042 Illud
1431 2011 1613 2054 negotium
1625 2037 1633 2051 ‚
1659 2011 1756 2056 quod
1771 2011 1815 2043 ad
1833 2022 1899 2043 nos
1917 2009 2055 2049 attinet,

1278 2059 1374 2094 1055
1400 2060 1482 2095 Non
1498 2062 1632 2105 polluet
1646 2068 1787 2096 nostros
1805 2060 1995 2105 principes.

1307 2176 1355 2209 60)
1375 2179 1402 2201 et
1421 2177 1480 2202 urbi
1498 2177 1641 2205 salutaris,
1661 2177 1730 2206 Quia
1741 2191 1774 2195 -
1788 2176 1894 2209 vester]
1914 2177 1956 2201 sic
1968 2176 2052 2200 Editt.
2067 2175 2151 2207 1558„
2166 2175 2257 2206 1562.;

1343 2212 1425 2235 Editt.
1449 2213 1552 2236 recent.
1578 2214 1625 2241 (=
1646 2213 1712 2236 text.
1731 2213 1788 2244 gr.)
1815 2214 1840 2236 et
1865 2211 1924 2236 urbi
1950 2210 2081 2236 salutaris
2106 2209 2256 2241 luquilinus

1341 2252 1449 2276 semper
1468 2246 1561 2271 iacebo
1582 2247 1631 2271 sub
1650 2247 1734 2272 terra.
