2373 2980
137 88 215 130 285
630 89 705 125 LV.
747 85 1149 124 INTERPRETATIO
1173 58 1400 123 HECUBAE
1426 87 1676 123 EURIPIDIS.
2102 93 2176 128 286

140 182 226 206 natus
247 175 386 203 foverunt
408 181 508 209 meos,
534 174 564 202 in
585 183 634 203 me
665 175 808 203 beneficia
830 173 1022 211 Reipublicae
1053 177 1083 200 et
1105 172 1325 202 Maecenatibus
1354 174 1426 202 meis
1455 172 1576 202 utilitati
1597 174 1737 211 laudique
1760 181 1825 201 esse
1853 174 2066 212 intelligantur.
2116 177 2178 204 Va-

140 221 202 249 leat
223 218 259 247 T.
276 219 311 245 A.
334 224 460 253 eamque
473 216 554 244 Deus
576 217 756 255 reipublicae
775 216 892 254 suisque
915 216 964 244 diu
987 215 1164 243 incolumem
1177 221 1288 243 servet.
1333 215 1486 253 Basileae,
1510 215 1577 245 1111.
1592 217 1661 245 Kal.
1685 217 1836 254 Septemb.
1858 217 1943 245 Anno
1958 217 2068 246 Salutis
2085 216 2179 248 1558.

348 286 406 318 Ad
425 287 606 318 candidum
625 288 815 327 laederem,
838 287 1019 330 Xylandri
1037 287 1236 328 praefatio,
1258 287 1417 318 editionis
1438 288 1538 318 huius
1560 291 1726 318 rationem
1749 287 1977 328 ostendens*).

271 339 503 375 Quadriennium
530 343 587 370 iam
615 342 682 375 fere
709 343 842 380 elapsum
871 347 916 370 est
946 343 983 370 ab
1013 350 1049 370 eo
1072 347 1222 379 tempore,
1253 349 1310 377 quo
1332 339 1516 377 Philippeam
1538 340 1687 378 Euripidis
1720 339 1935 377 tragoediarum
1958 340 2178 368 translationem

142 384 275 413 Basileae
297 383 339 412 ita
360 382 515 420 adornavi,
544 391 575 412 ut
597 394 663 413 cum
684 385 800 423 aliqua,
833 390 864 413 et
883 384 1001 422 quidem
1023 393 1088 413 meo
1110 383 1229 412 arbitrio
1250 391 1308 409 non
1330 382 1510 420 poenitenda
1532 382 1659 409 utilitate
1682 381 1875 410 studiosorum
1898 381 2050 411 ederetur.
2115 382 2182 415 Qua

144 427 182 455 de
204 433 237 455 re
261 435 326 454 cum
350 425 458 454 dictum
480 426 516 454 sit
538 431 686 464 utcunque
708 428 779 455 satis
800 436 836 455 ea
857 427 998 465 epistola,
1023 436 1081 464 qua
1104 434 1169 454 eam
1192 425 1352 453 editionem
1374 424 1550 461 amplissimo
1572 424 1634 451 viro
1656 423 1694 451 D.
1717 423 1818 451 Ioanni
1840 423 1989 461 Baptistae
2006 424 2183 461 Heinzellio,

145 469 211 497 Cos.
233 469 403 506 Augustam)
425 468 638 497 dedicavimus:
666 470 751 507 plura
772 469 820 497 hic
841 479 899 497 non
922 469 1037 497 addam.
1080 468 1237 497 Enimvero
1261 475 1324 494 cum
1348 465 1549 504 typographus
1573 465 1726 493 divenditis
1750 466 1965 501 exemplaribus
1987 476 2091 494 novam
2117 466 2182 494 edi-

145 511 256 540 tionem
276 510 444 546 moliretur,
473 518 648 547 mecumque
678 520 714 539 ea
735 511 775 539 de
797 508 831 540 re
859 512 1102 539 communicat-etz
1134 509 1251 538 tametsi
1279 517 1360 536 eram
1393 509 1472 537 varie
1500 513 1673 546 occupatus,
1701 507 1789 534 malui
1817 513 1915 535 tamen
1938 508 2095 537 honestum
2117 509 2179 536 eius

146 558 300 589 conatum,
328 552 493 589 bonumque
521 553 671 590 publicum
699 555 786 581 etiam
816 562 881 582 meo
912 563 977 581 cum
1006 552 1186 581 incommodo
1215 551 1430 588 dispendioque
1457 550 1612 586 adiuvare,
1641 558 1728 587 quam
1750 549 1944 585 suspicionem
1966 551 2072 587 proditi
2095 550 2182 578 officii

147 596 186 624 de
208 604 257 623 me
280 594 421 622 excitare.
471 594 576 632 Itaque
605 604 741 632 operam,
770 605 857 634 quam
879 597 976 633 potui,
1004 596 1034 623 in
1057 595 1112 622 hoc
1135 594 1221 631 dedi,
1250 598 1282 621 ut
1311 603 1370 621 non
1398 594 1495 621 denuo
1524 597 1638 620 tantum
1668 592 1745 629 typis
1774 591 1990 619 describeretur
2012 593 2183 631 Philippeus

146 636 319 675 Euripides,
351 636 404 663 sed
427 640 456 663 et
478 637 636 664 correctior
658 639 828 676 auctiorque
850 638 880 665 in
903 638 999 666 lucem
1022 636 1167 675 prodiret.
1220 635 1348 664 Primum
1378 635 1456 663 enim
1483 635 1599 662 interea
1622 634 1770 662 Hecubam
1792 632 1896 661 Latine
1920 642 1960 661 ex
1981 642 2033 661 ore
2055 636 2092 662 D.
2114 635 2184 662 Phi-

148 680 223 717 lippi
244 677 442 706 Melanthonis
463 684 617 716 exceptam
639 685 741 708 nactus
761 680 908 718 Oporinus
930 685 1046 715 noster,
1069 679 1138 706 mihi
1162 676 1254 717 (quod
1276 678 1306 705 in
1329 678 1450 715 reliquis
1472 677 1582 705 factum
1607 676 1722 705 ostendi
1748 674 1919 714 tragoediis)
1941 677 2075 713 praebuit
2099 677 2184 704 casti-

149 721 277 760 gandam
300 725 330 748 et
352 721 592 751 concinnandam.
646 722 716 750 Feci
737 722 791 750 hoc
813 732 870 750 non
893 723 1060 758 illibenter,
1083 727 1114 749 et
1137 722 1188 759 qui
1209 725 1295 756 ante,
1318 730 1390 758 opus
1413 728 1452 746 ne
1475 724 1554 747 esset
1577 715 1756 758 ἀκέφαλον,
1777 717 1925 745 Hecubam
1949 718 1987 746 de
2009 727 2074 746 ineo
2096 727 2186 755 prae-

148 772 323 802 posueram,
352 772 431 790 nuuc
451 763 636 801 Philippeam
658 765 754 801 vobis,
783 773 850 792 mea
871 765 1003 800 sublata,
1031 763 1173 799 exhibeo,
1207 768 1238 790 ut
1262 761 1422 800 (quantum
1446 762 1508 789 eius
1538 761 1601 789 fieri
1630 760 1743 799 potuit)
1765 769 1823 788 una
1844 760 1935 788 oratio
1958 761 2082 799 ubique,
2110 769 2185 788 unus

149 808 188 837 sit
209 806 312 843 stylus.
362 805 439 833 Nam
466 814 561 833 meam
585 806 703 843 quidem
732 807 832 844 perire
860 806 948 834 facile
970 806 1045 835 sero.
1095 805 1280 843 Iphigeniam
1304 813 1421 842 quoque
1443 803 1618 840 Tauricam,
1643 804 1759 838 Ionem,
1788 807 1818 830 et
1840 802 2000 830 Herculem
2028 803 2186 838 furentem,

149 849 242 887 priori
264 847 394 875 editione
415 847 524 875 incuria
547 856 663 885 eorum,
693 849 795 885 quibus
817 848 961 877 Basileam
983 857 1033 876 eas
1054 848 1227 885 perferendi
1254 853 1355 884 partes
1378 846 1599 882 mandaramus,
1627 846 1824 883 interceptas,
1853 845 1892 873 ita
1920 850 1952 872 ut
1981 844 2100 873 aliunde
2123 855 2188 872 cor-

150 890 248 928 rogat-i
270 890 413 927 tantisper
434 889 604 927 debuerint,
627 891 756 928 integras
777 900 854 918 nunc
877 891 995 926 damus,
1017 891 1186 928 optimaque
1207 889 1268 917 fide
1290 898 1308 917 a
1328 889 1411 917 nobis
1433 888 1610 917 emendatas.
1655 889 1696 916 Ac
1718 896 1756 915 ne
1779 887 1856 926 quod
1878 887 2087 925 Euripideum,
2110 888 2188 924 quod

152 933 270 972 quidem
291 933 330 960 ad
352 941 404 959 nos
427 932 572 970 perlatum
597 938 691 969 esset,
714 933 814 961 drama
836 933 884 961 hic
907 933 1142 969 desideraretur,
1171 932 1374 960 Stiblinianam
1404 931 1679 969 interpretationem
1701 930 1837 958 Electrae
1867 931 1897 957 in
1925 930 1985 958 fine
2014 929 2082 957 addi
2104 939 2188 957 cura-

152 976 257 1004 vimus.
305 974 426 1002 Constat
456 974 533 1002 enim
554 975 704 1003 Electram
733 984 798 1003 eam
826 983 892 1004 esse
913 975 1063 1013 Euripidis
1091 975 1265 1012 genuinam3
1296 979 1325 1002 et
1354 974 1394 1002 ita
1424 978 1555 1009 constet,
1584 979 1615 1001 ut
1645 973 1735 1000 mirer
1757 981 1839 1005 esse,
1870 972 1937 1009 qui,
1965 972 2063 1000 nescio
2085 972 2189 1009 quibus

153 1018 326 1047 coniecturis
349 1017 476 1052 inducti,
506 1017 543 1045 de
567 1026 601 1045 eo
624 1018 759 1046 dubitare
782 1018 901 1054 malint,
930 1027 1018 1055 quam
1040 1018 1090 1053 iis,
1119 1025 1194 1054 quae
1216 1016 1397 1044 doctissimus
1420 1015 1506 1043 homo
1530 1015 1635 1043 Petrus
1658 1015 1821 1048 Victorius,
1851 1024 1916 1041 cum
1946 1023 2010 1042 eam
2039 1013 2190 1051 proferret

152 1061 183 1088 in
199 1058 358 1097 lucem**),
380 1059 536 1096 perhibuit,
558 1061 756 1098 acquiescere,
775 1061 949 1098 praesertim
972 1070 1037 1088 cum
1060 1065 1091 1087 et
1114 1068 1188 1096 quae
1211 1067 1250 1086 ex
1273 1067 1307 1086 ea
1329 1059 1359 1085 in
1381 1057 1533 1094 Lysandro
1554 1056 1796 1094 Plutarchus***)
1818 1056 1925 1092 refert,
1948 1057 1995 1084 hic
2017 1061 2136 1092 extent,
2160 1062 2190 1084 et

153 1103 192 1131 ad
213 1102 333 1130 verbum
354 1102 563 1139 reperiantur,
595 1111 670 1139 quae
693 1112 750 1130 non
773 1104 813 1130 ita
835 1112 947 1140 pauca,
975 1109 1006 1130 ut
1028 1101 1180 1130 dubitandi
1201 1101 1295 1129 locum
1319 1101 1505 1137 relinquant,
1526 1097 1612 1139 λόγῳ
1635 1100 1687 1128 ml.
1709 1100 1777 1127 citat
1799 1097 2038 1135 stobaeus****).
2093 1096 2190 1126 Vitam

154 1153 272 1183 quoque
294 1143 444 1181 Euripidis
466 1153 482 1171 a
505 1153 553 1172 me
575 1145 643 1172 olim
667 1145 858 1182 conscriptam
882 1146 1040 1182 diligenter
1062 1143 1250 1180 amplificavi,
1280 1143 1309 1170 id
1332 1143 1409 1180 quod
1432 1148 1547 1180 gratum
1570 1151 1635 1170 esse
1658 1142 1746 1170 debet
1768 1141 2007 1179 Phileuripideis.
2062 1141 2137 1173 Quin
2163 1146 2193 1168 et

154 1187 282 1215 indicem
304 1187 483 1223 comportavi
507 1194 607 1214 earum
631 1187 866 1224 tragoediarum,
896 1196 968 1224 quas
990 1192 1022 1214 ut
1045 1187 1080 1213 ab
1102 1185 1243 1223 Euripide
1266 1186 1388 1222 scriptas
1408 1194 1425 1212 a
1444 1185 1504 1212 fide
1527 1185 1621 1222 dignis
1643 1184 1789 1212 autoribus
1819 1185 1961 1211 nominari
1988 1184 2193 1211 memineram:

157 1238 222 1257 cum
244 1227 363 1264 quidem
385 1228 504 1254 nomina
527 1234 657 1264 tantum,
687 1235 717 1256 et
746 1229 872 1256 frustula
901 1238 1001 1256 earum
1031 1226 1127 1266 aliqua
1156 1229 1194 1256 ad
1216 1237 1268 1255 nos
1291 1233 1420 1255 vetustas
1445 1232 1475 1255 et
1496 1227 1609 1254 incuria
1631 1227 1791 1262 maiorum,
1823 1226 2005 1263 iniuriaeque
2027 1232 2193 1262 temporum

155 1270 381 1299 transmiserint.
424 1270 460 1297 Ei
485 1271 616 1307 catalogo
639 1270 729 1298 addet
750 1271 824 1308 alia,
847 1271 895 1308 qui
918 1271 1068 1304 inveniet3
1091 1279 1144 1298 nos
1168 1271 1246 1298 enim
1268 1271 1363 1298 obiter
1386 1269 1472 1297 modo
1495 1269 1549 1297 hoc
1572 1270 1694 1306 egimus.
1739 1269 1817 1296 Haec
1841 1268 1880 1306 (si
1902 1274 1983 1296 recte
2006 1266 2115 1305 iudico)
2138 1276 2194 1295 ne-

157 1321 217 1351 que
240 1312 453 1339 contemnenda
475 1317 519 1339 est
540 1312 640 1340 addita
662 1313 699 1340 ad
728 1313 909 1350 superiorem
940 1314 1098 1342 editionem
1121 1313 1263 1340 accessio:
1294 1317 1324 1339 et
1353 1321 1439 1349 quam
1469 1317 1551 1350 grato
1581 1312 1684 1349 utique
1712 1310 1806 1338 animo
1831 1316 1861 1338 et
1884 1311 1993 1348 optima
2015 1316 2116 1338 mente
2139 1318 2194 1337 ex-

158 1355 266 1393 cipient
289 1355 326 1390 ii,
357 1364 428 1391 quos
450 1363 502 1381 sua
523 1355 688 1391 ingenuitas
711 1355 798 1384 docet
823 1364 861 1383 ex
884 1356 988 1383 alienis
1010 1355 1154 1383 laboribus
1177 1364 1229 1382 sua
1251 1363 1359 1392 capere
1382 1364 1437 1391 quo
1462 1355 1550 1382 decet
1572 1354 1656 1381 modo
1680 1353 1840 1382 commoda.
1891 1353 1998 1390 Neque
2020 1353 2098 1382 enim
2121 1360 2194 1390 ope-

158 1405 210 1424 rae
234 1396 363 1433 pretium
386 1396 522 1423 existimo
545 1397 579 1423 iis
600 1397 783 1433 respondere
806 1397 861 1424 hoc
885 1398 963 1433 loco,
987 1398 1037 1434 qui
1059 1407 1112 1434 pro
1135 1397 1234 1433 pueris
1256 1402 1287 1424 et
1309 1396 1474 1424 rudioribus
1496 1396 1641 1423 institutas
1656 1395 1818 1423 huiusmodi
1833 1396 2003 1433 optimorum
2023 1396 2194 1432 scriptorum

156 1438 306 1466 versiones
336 1438 385 1465 vel
415 1442 620 1474 contemnunt,
650 1439 699 1466 vel
731 1439 922 1467 criminantur
952 1440 1049 1467 etiam.
1109 1439 1206 1466 Satius
1235 1447 1298 1466 esse
1326 1444 1413 1475 puto,
1443 1439 1497 1465 hoc
1526 1439 1554 1464 in
1578 1446 1690 1474 genere
1712 1439 1799 1465 fidem
1823 1439 1857 1465 iis
1887 1437 2045 1473 adhibere,
2073 1437 2122 1474 qui
2144 1445 2195 1464 suo

156 1477 356 1509 emolumento
379 1480 497 1517 experti
519 1485 678 1516 testantur,
708 1482 882 1518 praesertim
906 1481 966 1518 his,
996 1481 1045 1518 qui
1068 1481 1133 1508 viva
1156 1480 1288 1508 docentis
1309 1489 1381 1508 voce
1403 1481 1621 1516 destituuntur,
1647 1479 1811 1507 huiusmodi
1833 1480 1961 1517 opellam
1984 1479 2105 1506 mirifice
2127 1489 2197 1516 pro-

156 1523 253 1551 desse.
305 1522 372 1550 Non
395 1531 489 1559 neg0‚
516 1523 607 1550 multo
636 1523 818 1560 splendidius
841 1530 930 1561 atque
953 1524 1114 1552 accuratius
1135 1523 1306 1561 Euripidem
1337 1523 1466 1560 potuisse
1496 1523 1525 1549 in
1548 1521 1685 1551 Latinum
1708 1530 1874 1550 sermonem
1899 1521 2081 1556 transscribi,
2111 1530 2196 1558 quam

155 1566 212 1593 hac
234 1568 332 1592 nostra
354 1565 499 1601 editione,
521 1565 654 1602 adeoque
677 1566 822 1601 omnium,
845 1575 916 1604 quas
938 1575 992 1603 ego
1016 1565 1155 1601 viderim,
1178 1566 1213 1593 sit
1234 1564 1355 1593 factum.
1399 1565 1459 1592 hno
1485 1565 1572 1593 etiam
1595 1565 1714 1599 hortor,
1736 1564 1870 1602 adeoque
1893 1565 2020 1592 obtestor
2042 1572 2108 1598 eos,
2132 1564 2197 1600 qui-

157 1608 212 1636 bus
240 1607 295 1635 hoc
322 1607 492 1635 eruditionis
520 1613 551 1635 et
583 1609 632 1635 otii
660 1608 846 1645 suppeditat,
874 1614 905 1636 ut
927 1608 1101 1646 Euripidem
1130 1609 1170 1635 ita
1200 1608 1317 1636 civitate
1340 1608 1471 1635 Romana
1492 1607 1621 1644 donent,
1653 1615 1691 1634 ne
1721 1607 1790 1644 quid
1814 1607 1960 1635 Graecum
1983 1616 2070 1644 porro
2095 1607 2123 1633 in
2150 1614 2197 1642 e0,

159 1655 244 1679 extra
266 1650 407 1678 sermonis
428 1650 518 1677 nativi
540 1650 799 1688 incomparabilem
821 1655 1005 1679 venustatem
1028 1655 1117 1688 atque
1140 1651 1342 1687 maiestatem,
1361 1650 1560 1678 desideretur.
1606 1650 1666 1677 Hoc
1691 1650 1740 1687 qui
1763 1650 1940 1687 praestabit,
1962 1650 1986 1676 is
2009 1658 2119 1676 summo
2143 1648 2196 1675 sibi

157 1701 259 1721 omnes
281 1693 422 1720 bonarum
443 1692 606 1720 litterarum
628 1693 772 1720 studiosos
793 1693 952 1730 beneficio,
982 1693 1108 1721 maxime
1131 1694 1258 1721 omnium
1282 1702 1348 1729 eos,
1379 1693 1428 1731 qui
1454 1693 1571 1720 Graece
1599 1701 1658 1719 non
1688 1692 1827 1728 audiunt,
1857 1691 2041 1727 devinxerit,
2072 1698 2196 1727 remque

156 1735 281 1774 perenni
312 1735 428 1773 dignam
458 1735 546 1763 laude
573 1740 661 1772 atque
690 1736 783 1773 gloria
812 1735 983 1765 confecerit.
1033 1736 1144 1763 Verum
1174 1735 1253 1763 idem
1282 1735 1399 1763 interim
1422 1735 1458 1764 D.
1482 1734 1610 1772 Philippi
1641 1735 1791 1762 consilium
1817 1733 1875 1772 (ad
1899 1733 1975 1771 quo'd
1998 1742 2049 1760 nos
2071 1734 2198 1760 rationes

155 1782 269 1807 nostras
290 1777 337 1805 hic
359 1777 578 1805 accommodare
600 1786 723 1805 11000330
745 1776 913 1816 habuimus)
933 1788 991 1806 non
1014 1778 1215 1815 damnaverit,
1249 1778 1298 1815 qui
1327 1777 1366 1805 ita
1394 1778 1586 1815 interpretari
1616 1776 1752 1814 dignatus
1775 1782 1819 1804 est
1843 1776 1971 1804 divinum
2000 1782 2137 1812 poetam,
2167 1781 2197 1801 ut

155 1820 193 1848 ad
215 1820 278 1857 ipsa
300 1828 418 1857 quoque
440 1820 578 1848 vocabula
606 1820 818 1848 consideranda
847 1827 936 1857 atque
958 1820 1161 1857 cognoscenda
1183 1821 1265 1858 quasi
1287 1829 1375 1848 manu
1404 1820 1545 1848 lectorem
1568 1820 1597 1847 in
1620 1820 1754 1847 Graecae
1784 1819 1904 1856 linguae
1927 1818 2137 1846 exercitatione
2161 1818 2198 1844 ti-

156 1862 296 1890 rocinium
318 1862 435 1899 aliquod
458 1862 659 1900 depositurum
682 1862 855 1891 deduceret.
899 1863 956 1894 Qui
979 1871 1050 1890 vero
1072 1863 1127 1890 iam
1151 1863 1266 1890 rudium
1290 1867 1395 1900 putant
1416 1863 1559 1890 rationem
1581 1871 1640 1889 non
1664 1870 1728 1890 esse
1751 1861 1932 1889 habendam:
1959 1861 1993 1888 iis
2016 1860 2198 1897 cogitandum

157 1904 282 1942 mand0,
304 1904 457 1932 vellentne
476 1913 510 1932 eo
534 1910 686 1943 tempore,
708 1915 764 1942 quo
787 1905 842 1943 ipsi
862 1905 972 1933 erudiri
994 1905 1119 1942 primum
1144 1911 1321 1942 coeperunt,
1345 1905 1473 1933 eundem
1496 1905 1545 1940 iis,
1567 1913 1621 1942 per
1638 1914 1709 1941 quos
1721 1904 1932 1942 profecerunt,
1954 1903 2045 1931 fuisse
2061 1903 2198 1930 animum.

155 1947 195 1975 Et
217 1955 287 1975 vero
309 1953 341 1975 ut
364 1956 442 1974 nunc
463 1951 531 1975 sunt
553 1956 620 1982 res,
650 1952 682 1975 ut
705 1948 816 1984 studia,
846 1953 878 1975 ut
900 1948 1056 1975 industria:
1084 1947 1161 1975 haud
1191 1947 1267 1984 scio,
1289 1957 1326 1975 an
1350 1947 1456 1975 fideles
1477 1951 1687 1984 praeceptores
1717 1947 1765 1975 vel
1797 1947 1929 1984 inprimis
1952 1945 2005 1973 11οο
2030 1946 2086 1972 31113
2110 1953 2198 1982 agere

158 1989 285 2017 debeant
316 1989 580 2026 lucubrationibus,
613 1996 644 2017 ut
672 1990 833 2018 rudioribus
862 1996 912 2018 aut
940 1994 1165 2027 praeceptorum
1196 1999 1252 2027 ope
1282 1990 1429 2018 destitutis
1452 1998 1625 2027 quocunque
1648 1989 1732 2017 modo
1755 1989 1792 2017 ad
1815 1988 2009 2017 eruditionem
2033 1986 2198 2024 adspirandi

157 2033 232 2060 viam
255 2032 445 2070 patefaciant.
490 2032 552 2060 Sed
575 2032 649 2060 haec
670 2032 718 2060 hic
740 2031 864 2069 satis†).

287 2083 361 2111 Huic
375 2083 573 2111 Melanthonis
596 2083 834 2120 interpretationi
847 2082 943 2110 XVIII
960 2084 1124 2121 tragoedias
1137 2082 1285 2120 Euripidis
1299 2083 1457 2111 continenti
1472 2092 1528 2110 una
1543 2087 1655 2110 tantum
1671 2082 1850 2120 praecessit,
1871 2089 1947 2119 quae
1974 2080 2090 2108 easdem
2105 2079 2200 2106 XVIII

157 2133 231 2165 trag.
247 2127 462 2164 complectitur,
485 2134 592 2163 nempe
606 2123 782 2163 Rudolplzi
796 2124 932 2161 Collini,
954 2126 1080 2154 Scliolae
1095 2125 1256 2164 Tigurinae
1270 2125 1464 2161 Prosessoris,
1488 2126 1567 2152 euius
1582 2125 1693 2161 versio,
1708 2125 1759 2153 sed
1777 2125 1839 2161 ipso
1856 2124 1956 2160 inscio,
1978 2123 2030 2150 sub
2047 2122 2113 2149 ficto
2127 2118 2200 2149 Do-

157 2167 267 2199 rothei
282 2168 419 2199 Camilli
431 2168 550 2196 nomine
565 2169 691 2206 primum
699 2168 833 2197 Basileae
850 2166 945 2198 1541.
960 2167 990 2197 8.
1012 2169 1131 2205 prodiit,
1146 2169 1313 2204 iterumque
1326 2168 1433 2196 ibidem
1451 2166 1546 2197 1558.
1562 2166 1596 2197 8.
1619 2167 1718 2196 addita
1732 2166 1813 2195 xlx.
1828 2166 1978 2204 tragoedia
1994 2164 2113 2192 Electra
2122 2161 2198 2202 Η).

192 2296 224 2331 *)
245 2298 292 2324 Sic
307 2296 449 2328 Xylandri
466 2295 602 2327 praefatio
621 2294 738 2319 alterius
757 2294 885 2319 editionis
905 2301 930 2319 a.
952 2294 1027 2319 1562.
1049 2295 1091 2317 est
1109 2291 1252 2324 inscripta.
1288 2294 1366 2318 Hanc
1384 2294 1584 2325 praefationem
1604 2294 1628 2318 h.
1646 2293 1664 2316 l.
1683 2292 1819 2323 integram
1838 2291 1942 2315 damus.

191 2348 243 2381 **)
261 2350 340 2374 Anno
354 2348 441 2379 1545„
459 2348 523 2372 vide
542 2353 628 2378 supra
645 2347 778 2377 11279511.
798 2345 982 2375 notamssssss).
997 2360 1031 2365 —
1048 2346 1090 2369 De
1103 2343 1268 2370 Stibliniana
1284 2345 1424 2376 Euripidis
1442 2342 1672 2375 interpretauoue
1692 2347 1777 2372 supra
1795 2341 1876 2372 p.281
1888 2348 1929 2372 sq.
1949 2340 2055 2370 notass)
2074 2340 2200 2366 diximuS.

193 2399 265 2433 *μὴ
283 2401 354 2425 Plut.
373 2400 430 2424 vita
447 2398 590 2431 Lysandri
609 2406 632 2423 0.
649 2399 689 2423 15.

194 2450 284 2485 ***ss)
304 2453 439 2476 stobaeus
458 2451 487 2475 in
508 2450 643 2481 Florileg.
663 2451 750 2475 serm.
769 2450 812 2475 84.
831 2448 978 2480 antiquior.
998 2447 1082 2473 Editt.
1104 2447 1207 2480 (Sci-n.
1224 2447 1267 2471 86.
1285 2447 1310 2477 S.
1323 2449 1353 2473 4.
1368 2447 1415 2470 Ed.
1436 2444 1591 2475 Gaist'ord.)
1610 2445 1700 2469 locum
1718 2445 1848 2469 Electrae
1865 2442 2006 2473 Euripidis
2025 2442 2118 2466 affert.

194 2503 233 2536 †)
253 2505 302 2529 His
319 2504 411 2529 verbis
429 2504 523 2529 finitur
542 2503 682 2534 Xylaudri
701 2503 729 2527 in
747 2503 866 2528 alteram
884 2502 1032 2526 editionem
1049 2501 1129 2526 huius
1146 2499 1213 2525 libri
1230 2498 1378 2530 praefatio.

195 2554 258 2588 ††)
283 2556 370 2581 liuius
389 2555 626 2588 interpretationis
647 2555 731 2579 editio
750 2556 897 2587 princeps,
923 2559 990 2585 quae
1010 2554 1037 2577 in
1056 2554 1124 2577 meis
1142 2552 1224 2577 libris
1242 2552 1304 2581 est,
1324 2549 1366 2573 310
1383 2550 1426 2573 est
1437 2547 1594 2588 inscripta:
1743 2582 1749 2587 ·
2144 2578 2149 2583 .

315 2592 469 2622 Euripidis
490 2593 594 2623 poetae
618 2590 817 2621 antiquissimi
842 2596 877 2614 ac
902 2589 1128 2620 sapientissima,
1159 2587 1352 2618 Tra-(sicerum
1376 2589 1456 2623 uero·
1473 2584 1520 2611 (ιιι
1545 2583 1630 2608 Plato
1649 2582 1677 2606 et
1691 2581 1870 2622 ιΑνιεΐοίεῐεε
1889 2580 2053 2621 testantur)
2074 2584 2200 2617 orn-mum

366 2626 522 2658 principis,
549 2625 689 2656 cuiusque
707 2625 837 2656 sinqulos
863 2624 967 2648 uer‘sus
985 2625 1103 2655 sinqula
1122 2629 1153 2646 se
1170 2620 1337 2646 testimonia
1362 2618 1403 2642 M.
1423 2618 1523 2642 Cicero
1540 2619 1648 2649 putare
1667 2617 1728 2647 att,
1755 2615 1936 2656 Tra-yoedwe
1956 2613 2072 2654 ,XV—111.
2095 2618 2199 2642 saugm—

366 2660 427 2684 lari
444 2667 522 2684 nunc
537 2661 665 2691 primum
683 2659 838 2691 diliyentia
857 2665 893 2682 ac
916 2657 972 2689 fide
999 2664 1051 2689 per
1070 2657 1247 2682 Dorotheum
1267 2654 1420 2678 Camillum
1439 2653 1466 2677 et
1486 2652 1575 2677 Latio
1595 2652 1737 2681 donatae,
1763 2651 1791 2675 et
1809 2657 1841 2674 m
1861 2651 1954 2690 lucent
1970 2649 2071 2688 editqe.
2117 2648 2199 2676 Qua-

366 2700 431 2719 rum
448 2694 615 2726 catalogum
633 2700 722 2719 uersa
744 2694 847 2719 statim
863 2693 979 2724 payellu
999 2693 1134 2723 reperies.
1173 2689 1335 2716 Adiecimus
1354 2694 1465 2719 quoque
1482 2688 1516 2712 de
1534 2687 1643 2712 Poetae
1660 2687 1739 2716 uita,
1760 2686 1788 2710 et
1810 2683 1954 2709 scribendi
1972 2683 2091 2707 ratione
2109 2686 2198 2712 quae-
