2373 2980
70 61 144 96 913
435 61 555 96 LXIX.

122 146 283 183 Pittheus
308 148 452 195 quidem
476 149 567 184 filius
591 157 641 185 est
666 151 824 196 Pelopis;
855 164 894 185 ex
913 149 1056 185 Pittheo

487 214 571 234 vero

120 249 271 288 Aethram
296 257 398 296 pater
413 264 498 285 vero
516 265 556 286 ex
575 250 640 286 hac
657 255 813 288 nascitur
833 260 912 287 tuus

70 303 144 338 210
167 300 338 337 Theseus.
390 303 527 338 Rursus
544 306 650 338 redeo
666 307 708 338 ad
731 306 871 338 illorum
889 317 1009 349 genus.

121 354 289 388 Hercules
303 359 379 388 erat
394 354 487 389 Iovis
504 362 535 388 et
553 356 744 390 Alcmenae
762 357 871 395 filius;

120 405 213 438 Haec
239 418 322 439 vero
353 412 386 438 et
410 407 554 451 Pelopis
577 409 737 452 filiae¹⁷).

484 458 579 491 brini

120 508 277 542 Fuerunt
295 516 375 543 tuus
392 516 493 554 pater
516 516 549 542 et
567 508 696 543 horum
715 518 826 555 pater.

120 561 275 605 Attingis
288 561 335 595 sic
353 560 417 595 hos
435 573 563 606 genere
576 589 583 601 ,
611 575 629 594 o
649 561 902 606 Demophoon.

69 611 142 647 215
180 612 279 657 Quae
310 620 494 657 praeterea
531 620 626 646 extra
663 615 732 646 iani
767 614 896 646 dictam
928 626 1056 655 cogna-

483 664 617 697 tionem
637 672 670 698 te
688 671 830 710 oportet

119 716 326 749 Persolvere
368 717 467 757 filiis,

484 767 568 800 olim

117 817 174 849 Me
203 818 336 852 socium
374 819 466 853 uisse
488 817 647 856 Theseo,
674 831 752 851 cum
780 831 887 853 essem
915 819 1059 852 scutifer

478 869 639 903 Herculis

118 921 171 953 Ad
199 922 390 964 petendum
422 920 625 959 baltheum,
663 921 723 967 qui
746 922 812 954 suit
836 934 940 955 causa
968 923 1057 954 mul—
1085 908 1086 914 ἵ

482 979 597 1005 tarum
617 973 791 1006 caedium.

119 1022 274 1056 Reduxit
309 1023 477 1057 Hercules
512 1036 552 1056 ex
586 1025 773 1067 profundis
801 1024 939 1068 angulis
973 1024 1057 1056 infe-

480 1087 602 1107 rorum

2 1161 3 1168 ἵ
67 1125 141 1160 220
170 1124 313 1157 Patrem
333 1132 446 1160 tuum.
500 1127 577 1158 Hoc
595 1126 659 1159 scit
676 1133 747 1159 tota
767 1126 931 1165 Graecia,

118 1176 188 1208 Pro
215 1177 343 1221 quibus
368 1178 518 1210 reddere
546 1184 577 1210 te
603 1177 659 1210 isti
693 1178 844 1211 vicissim
877 1177 1054 1221 postulant
1085 1182 1086 1187 ¹

476 1229 640 1269 gratiam,

118 1278 170 1311 Ne
190 1285 361 1321 cogantur
378 1279 556 1313 discedere
574 1292 591 1311 a
612 1286 719 1320 terra,

118 1329 163 1361 Vi
179 1330 340 1363 distracti
358 1331 401 1364 ab
421 1331 491 1364 aris
510 1331 590 1365 tuis.

120 1380 235 1420 „Tibi
261 1381 355 1414 enim
375 1381 543 1426 privatim
563 1380 630 1414 hoc
648 1388 749 1426 turpe
775 1382 899 1421 fuerit,
924 1388 957 1414 et
975 1382 1058 1414 civi-

476 1432 542 1465 tati
560 1433 714 1466 malum:

67 1481 142 1519 225
175 1483 403 1524 „Proiecisse
430 1485 606 1528 supplices
635 1485 752 1518 exules
778 1489 948 1528 cognatos
973 1482 1058 1529 (heu

480 1536 605 1581 mala).

120 1586 261 1620 Intuere
281 1598 360 1625 eos,
383 1585 464 1619 vide
482 1598 542 1621 eos
560 1584 655 1619 trahi
670 1586 716 1620 vi.

119 1638 188 1671 Sed
204 1651 291 1683 rogo
310 1644 363 1678 te,
392 1644 427 1670 et
444 1650 578 1671 corono
594 1644 672 1671 tuas
690 1649 831 1677 manus,

119 1688 166 1723 Et
186 1701 314 1735 precor
337 1695 369 1722 te
395 1690 557 1723 osculans
581 1695 741 1722 mentum
774 1697 872 1723 tuum
887 1716 895 1727 ,
936 1701 978 1723 ne
1000 1703 1059 1723 ne-

479 1741 589 1786 gligas

118 1792 229 1826 Filios
248 1792 432 1832 Herculis,
458 1805 536 1826 cum
556 1792 662 1826 semel
682 1792 727 1825 ad
743 1797 776 1825 te
794 1792 968 1826 venerint.

67 1844 142 1880 230
165 1844 219 1878 Sis
235 1856 320 1877 vero
338 1844 405 1878 illis
423 1851 613 1887 cognatus,
638 1844 684 1877 sis
700 1844 847 1881 amicus,

120 1896 247 1936 Pater,
270 1896 400 1935 frater,
424 1896 611 1933 dominus;
639 1895 759 1928 omnia
776 1895 870 1927 enim

118 1947 214 1980 Haec
233 1953 315 1981 sunt
333 1947 496 1992 potiora,
519 1959 626 1993 quam
646 1946 801 1979 incidere
820 1947 856 1979 in
876 1945 1039 1990 Argivos.

121 2000 218 2033 Cher.
242 1998 411 2032 Misertus
427 2011 503 2032 sum
523 2011 587 2043 ego
607 1998 753 2031 audiens
778 1998 861 2032 istas
879 1998 1059 2031 calamita-

485 2056 554 2089 tes,
582 2062 602 2083 o
620 2062 692 2089 rex,

120 2100 352 2135 Nobilitatem
374 2108 589 2146 prostratam
608 2113 626 2134 a
644 2102 786 2134 fortuna

68 2150 143 2188 235
165 2152 269 2187 Nunc
285 2152 439 2186 maxime
458 2153 542 2187 vidi.
596 2151 656 2186 Isti
676 2154 769 2185 enim
789 2164 805 2184 e
824 2158 923 2196 patre

119 2204 267 2249 Optimo
286 2206 381 2244 nati,
402 2211 484 2238 sunt
500 2205 537 2237 in
554 2204 710 2238 maxima
729 2203 941 2237 calamitate.

119 2258 217 2290 Dem.
242 2256 332 2290 Tres
346 2268 402 2289 me
420 2256 499 2289 viae
516 2254 621 2290 huius
638 2268 737 2290 casus
755 2261 897 2299 cogunt,

120 2306 153 2340 Ο
166 2306 280 2347 Iolae,
302 2314 343 2341 ut
357 2320 401 2341 ne
420 2308 596 2352 depellam
613 2315 692 2341 tuos
708 2305 878 2352 hospites.

120 2358 242 2391 Prima
259 2370 361 2393 causa
376 2386 385 2399 ,
404 2357 558 2404 Iupiter,
580 2360 618 2392 in
636 2359 733 2393 cuius
750 2371 810 2391 ara

69 2408 144 2445 240
167 2409 226 2443 Tu
250 2410 368 2450 sedes,
398 2408 533 2445 habens
557 2409 653 2445 hunc
675 2417 813 2444 coetum
844 2409 1038 2453 pullorum,

124 2460 258 2495 Deinde
272 2462 451 2506 cognatio.
476 2461 521 2495 Et
531 2475 593 2506 ego
613 2475 691 2496 cum
710 2463 777 2496 illis
795 2468 876 2495 ante
896 2462 1057 2501 debeam,

478 2520 572 2546 recte

107 2611 151 2642 ¹7)
173 2612 281 2642 Pelopis
300 2611 394 2643 filiae]
421 2611 462 2634 his
482 2612 508 2634 in
529 2617 614 2642 marg.
634 2612 716 2635 Editt.
739 2613 831 2640 ¹55R,
854 2612 918 2634 15⁶2
952 2612 1059 2635 adit-vta

142 2649 185 2670 est
211 2647 368 2670 annotatio:
397 2646 559 2676 LysidIces,
589 2646 650 2669 vide
677 2645 1056 2677 rumaren.'riuese0.[}¹1ut.

140 2681 197 2704 vita
215 2682 312 2704 Thesei
331 2688 354 2706 e.
373 2681 412 2709 7.]

72 2724 253 2754 MELANTH.
279 2724 385 2754 Ormi.
411 2724 493 2753 Ver..
519 2722 640 2752 xvm.

618 62 1014 99 INTERPRETATIO
1051 64 1440 101 HERACLIDARUM
1474 66 1726 104 EURIPIDIS.

1082 186 1084 206 ι

1081 253 1084 328 Ε
1525 257 1730 301 sollicitum,

1082 364 1084 388 Ι

1082 390 1084 407 Ι

806 408 901 452 Ergo
933 419 1055 441 conso·
1082 453 1085 459 .

517 716 631 749 dicam
670 717 752 754 tibi;
791 717 926 761 glorior
962 715 1086 748 cuim*

2027 75 2100 109 914

1164 151 1216 184 [ili
1234 160 1424 197 reposcunt
1443 166 1460 187 a
1478 153 1582 187 nobis
1601 161 1787 199 paternum
1806 160 2027 196 beneficium.

1160 203 1205 236 L't
1221 203 1296 248 ipsa
1317 206 1522 250 turpitudo,
1547 207 1590 238 de
1610 219 1678 252 qua
1698 210 1851 244 maxime
1871 219 2011 257 oportet
2028 227 2100 249 esse

1108 303 1183 339 245
1223 305 1257 338 Si
1292 307 1495 350 permittam
1531 305 1622 342 hanc
1647 308 1666 326 ’κ
1689 324 1787 346 aram
1819 315 1987 357 sacrilega
2020 330 2101 361 spo-

1522 359 1603 392 liari
1622 361 1656 393 vi

1160 407 1214 439 Ab
1233 405 1391 452 hospite,
1420 422 1492 442 nou
1508 411 1659 445 liberam

1161 458 1320 491 Videbor
1346 461 1526 504 possidere
1552 468 1703 502 terram;
1736 464 1877 510 Argivis
1905 475 2020 502 autem
2044 484 2101 504 xe-

1525 524 1607 546 reor

1165 560 1299 594 Dedere
1327 562 1522 606 supplices,
1545 564 1609 597 etsi
1636 562 1704 598 hoc
1730 573 1780 600 est
1803 580 1915 614 prope
1939 578 2101 617 strangu-

1530 614 1702 650 lationem
1714 616 1773 663 l⁸).

1163 663 1310 697 Utinam
1330 678 1414 698 xero
1432 672 1512 699 tuus
1532 667 1704 702 adventus
1721 669 1843 703 suisset
1863 672 2011 709 felicior,

1164 715 1230 748 Sed
1250 722 1368 748 tamen
1386 729 1429 750 ne
1455 730 1550 751 nunc
1568 719 1711 763 quidem
1735 721 1894 765 trepida,
1921 737 1965 758 ne
1991 732 2023 760 te
2040 728 2102 760 ali-

1530 770 1608 814 quis
1625 795 1629 797 -

1085 847 1086 868 ;
1111 815 1186 852 250
1212 818 1301 850 Cum
1320 819 1438 863 pueris
1457 821 1587 854 avellat
1607 821 1649 854 ab
1669 819 1734 855 hac
1751 835 1810 856 ara
1830 825 1875 858 vi.

1163 868 1218 902 Tu
1238 871 1326 902 vade
1344 872 1477 916 Argos,
1503 878 1536 905 et
1555 873 1610 905 dic
1628 872 1692 905 ista
1711 873 1925 919 Eurystheo,

1161 920 1216 953 Ad
1263 919 1349 954 haec
1384 923 1412 956 si
1449 936 1556 969 quam
1606 922 1711 957 habet
1756 938 1897 961 causam
1935 932 2103 966 adversus

1523 972 1693 1019 hospites,

1163 1022 1410 1069 Consequetur
1438 1025 1626 1066 iudicium,
1663 1027 1747 1061 istos
1772 1042 1957 1076 nunquam
1980 1040 2017 1068 tu
2043 1036 2102 1068 ab-

1526 1079 1642 1111 duces.

1165 1128 1240 1168 Gop.
1267 1126 1349 1159 Non
1375 1127 1548 1161 abducam
1568 1142 1632 1173 ego
1646 1156 1654 1168 ‚
1677 1130 1704 1163 si
1722 1132 1828 1165 suerit
1845 1133 1975 1168 iustum
1988 1163 1996 1176 ,
2025 1143 2057 1170 et
2074 1138 2103 1171 si

1522 1180 1639 1214 vicero
1661 1193 1801 1216 causam
1817 1183 1831 1217 ?

1084 1232 1086 1267 Ξ
1111 1226 1186 1263 255
1212 1231 1310 1263 Dem.
1338 1230 1532 1275 Quomodo
1556 1238 1671 1276 potest
1696 1245 1768 1268 esse
1793 1235 1944 1277 iustum,
1970 1240 2104 1285 suppli-

1524 1295 1598 1316 cem
1619 1284 1795 1319 abducere
1813 1287 1872 1320 vi?

1164 1335 1240 1375 Cep.
1263 1332 1500 1379 Nequaquam
1522 1333 1609 1368 mihi
1636 1333 1704 1369 hoc
1729 1343 1831 1382 turpe
1858 1346 1929 1380 est,
1954 1343 2014 1374 sed
2040 1343 2103 1376 tibi

1529 1387 1636 1419 fuerit
1651 1388 1783 1423 decori.

1164 1437 1261 1468 Dem.
1303 1435 1405 1468 Certe
1430 1435 1518 1470 mihi
1545 1438 1612 1471 erit
1635 1439 1804 1480 dedecus,
1843 1442 1870 1475 si
1898 1455 2103 1478 concessero

1527 1488 1611 1522 istos
1628 1489 1845 1526 abstrahere.

1165 1538 1241 1579 Gop.
1270 1536 1326 1570 Tu
1345 1538 1459 1582 relega
1485 1552 1544 1573 eos
1562 1552 1602 1573 ex
1623 1541 1691 1575 tuis
1708 1542 1856 1584 finibus,
1881 1551 1914 1578 et
1934 1545 2016 1581 inde
2040 1560 2104 1592 ego

1083 553 1085 583 Ι

1084 626 1085 642 ι

1524 1592 1711 1627 abducam.

1165 1641 1261 1673 Dem.
1301 1640 1469 1680 „Pravus
1498 1654 1554 1683 es,
1594 1643 1623 1677 si
1647 1644 1698 1678 vis
1731 1646 1958 1682 cavillatione
1988 1648 2105 1684 Deum

1086 1690 1089 1736 ξ
1526 1695 1681 1729 eludere.

1113 1741 1188 1776 260
1223 1745 1298 1784 Cop.
1332 1742 1428 1788 Ergo
1445 1742 1512 1778 huc
1530 1744 1586 1791 (ut
1602 1747 1758 1790 videtur)
1776 1750 1879 1784 malis
1898 1752 2105 1796 fugiendum

1529 1804 1591 1831 est.

1164 1846 1263 1878 Dem.
1294 1844 1502 1885 „Omnibus
1521 1855 1571 1881 est
1595 1856 1775 1894 receptum
1796 1856 2104 1897 propugnaculum

1526 1912 1587 1933 ara
1605 1900 1778 1936 Deorum.

1165 1948 1240 1990 cop.
1266 1947 1361 1981 Haec
1378 1961 1451 1982 non
1471 1951 1687 1986 videbuntur
1702 1954 1837 1997 pariter
1853 1955 2067 2001 Mycenaeis.

1164 2000 1263 2032 Dem.
1288 1999 1417 2034 Nonne
1439 1999 1496 2034 hic
1513 2016 1577 2046 ego
1595 2016 1673 2037 sum
1692 2006 1884 2040 domiuus?

1164 2051 1240 2092 Gop.
1269 2049 1367 2084 Nihil
1389 2053 1530 2088 laedens
1551 2055 1649 2096 illos,
1674 2056 1702 2090 si
1720 2057 1826 2101 sapis.

1113 2098 1187 2133 265
1220 2103 1319 2136 Dem.
1347 2102 1550 2138 Laedimini
1576 2118 1681 2151 ergo,
1706 2108 1735 2142 si
1756 2121 1820 2153 ego
1847 2122 1920 2143 non
1945 2112 2103 2155 polluam

1528 2157 1648 2192 Deos?

1166 2205 1241 2246 Gop.
1265 2203 1347 2238 Nou
1366 2207 1491 2240 vellem
1511 2214 1543 2241 te
1558 2209 1691 2242 bellum
1712 2224 1856 2245 movere
1872 2212 2026 2257 Argivis.

1164 2256 1262 2288 Dem.
1286 2255 1332 2290 Et
1356 2270 1419 2302 ego
1443 2259 1492 2292 sic
1517 2273 1595 2293 sum
1620 2261 1782 2300 affectus;
1808 2263 1893 2297 istos
1918 2277 2003 2298 vero
2029 2279 2102 2300 non

1526 2312 1699 2346 deseram.

1166 2359 1241 2401 Cop.
1266 2358 1342 2404 Ego
1361 2360 1535 2394 abducam
1554 2375 1664 2396 meos.

1163 2411 1261 2443 Dem.
1286 2411 1342 2443 An
1361 2424 1434 2445 non
1452 2412 1520 2446 cito
1539 2414 1613 2448 abis
1632 2420 1727 2447 retro
1745 2415 1886 2460 Argos?

1111 2459 1186 2493 270
1214 2463 1290 2504 Cep.
1318 2462 1434 2496 Sciam
1454 2465 1638 2509 experiens
1657 2465 1738 2500 cito.

1162 2513 1260 2545 Dem.
1286 2513 1437 2548 Plorans
1456 2523 1552 2550 certo
1573 2517 1743 2563 attinges,
1768 2517 1876 2564 idque
1892 2520 2022 2555 statim.

1150 2646 1193 2675 15)
1215 2652 1300 2677 prope
1318 2648 1592 2679 strangulationem]
1613 2651 1654 2674 his
1673 2652 1698 2674 iu
1720 2658 1806 2679 mai-z.
1826 2653 1897 2675 Editt
1925 2654 2006 2677 1554.
2024 2656 2096 2679 ¹562.

1180 2680 1319 2712 adeon-ima
1338 2684 1381 2706 est
1400 2683 1606 2714 interpretatio:
1629 2687 1820 2716 periculosum.

1544 2719 1591 2754 58
