2373 2980
202 125 274 159 787

252 210 328 254 ljgo
348 209 520 244 cohibebo
539 210 732 254 gloriantes
748 211 842 245 bello

248 260 402 297 Achivos
418 273 622 307 expugnans
633 287 642 302 ‚
670 275 892 309 quamquam
909 275 990 297 sero
1007 263 1165 299 veniens.

562 343 832 394 [Systema]

251 413 348 446 Chor.
375 411 434 452 Io,
461 418 561 456 grata
582 412 684 446 dicis:

200 461 273 497 455
302 463 358 496 Tu
377 464 471 497 solus
490 476 507 496 a
527 462 610 496 love
629 476 664 497 es
681 463 828 498 amicus.

251 515 418 548 Summus
434 514 568 558 lupiter
586 515 771 549 molestam
790 515 963 549 invidiam

248 565 301 597 De
320 566 386 599 tuis
404 566 629 600 sermonibus
646 567 731 599 velit

248 618 392 651 Arcere.
446 617 594 658 Classis,
622 629 711 663 quae
730 629 771 650 ex
783 616 880 662 Argo
899 618 1015 659 venit,

249 668 372 713 Neque
391 669 508 713 prius,
534 682 650 714 neque
665 681 759 702 nunc
783 669 939 715 aliquem

200 720 273 754 460
301 721 459 753 Adduxit
477 727 509 753 te
526 721 842 765 praestantiorem:

251 771 406 815 Quando
426 769 581 806 Achilles
598 778 697 805 tuam

248 821 396 855 Hastam
417 823 550 867 poterit

249 872 294 905 Et
310 876 454 919 quando
472 875 564 908 Aiax
579 872 777 906 sustinere?

250 924 396 957 Utinam
415 938 479 969 ego
500 923 591 958 hanc
606 924 701 956 diem

198 974 273 1009 465
299 975 468 1016 Videam,
497 988 517 1008 o
536 987 617 1014 rex,
645 980 685 1007 ut
700 973 887 1007 bellicosae

249 1027 378 1060 Manus
394 1025 494 1060 hasta
510 1027 642 1059 fruare.

249 1079 348 1111 Rhes.
378 1078 480 1111 Talia
498 1090 564 1122 pro
583 1078 689 1119 longa
710 1074 869 1108 absentia

248 1129 391 1162 Faciam
403 1156 412 1170 ‚
441 1142 518 1163 cum
536 1127 702 1162 Adrastia
720 1138 805 1158 vero
824 1123 912 1158 haee
930 1124 1080 1157 dixerim
1090 1124 1147 1171 ¹⁰).

246 1181 442 1225 Postquam
463 1181 506 1213 ab
524 1178 685 1213 hostibus
699 1175 792 1210 hanc
808 1177 934 1210 urbem
951 1176 1102 1209 liberam

197 1232 271 1266 470
299 1231 501 1265 Fecerimus
513 1258 523 1271 ‚
551 1237 585 1264 et
604 1229 681 1262 Diis
697 1228 810 1273 spolia
831 1227 1023 1267 exemeris,

245 1283 338 1315 Volo
355 1289 470 1316 tecum
488 1283 615 1316 ducere
634 1280 826 1314 exercitum
847 1280 883 1312 in
902 1278 1088 1312 Graeciam
1101 1305 1110 1317 ‚

245 1334 291 1367 Et
318 1334 464 1368 veniens
499 1344 701 1378 expugnare
730 1332 824 1365 bello
855 1330 1061 1364 universam
1082 1330 1192 1363 Grae-

612 1395 702 1417 ctam
714 1409 724 1423 ‚

243 1438 292 1471 Ut
310 1444 343 1470 et
360 1437 427 1482 ipsi
443 1435 595 1470 vicissim
614 1435 753 1469 discant
767 1433 860 1466 male
876 1431 1020 1468 habere.

245 1491 341 1522 Hect.
370 1489 406 1522 Si
424 1501 441 1521 a
460 1487 641 1532 praesenti
659 1485 755 1518 malo
772 1485 966 1518 liberemur

196 1538 270 1574 475
296 1539 342 1572 Et
357 1539 464 1574 fuerit
479 1540 584 1577 urbs,
609 1543 649 1571 ut
665 1537 784 1581 prius,
812 1536 850 1568 in
874 1542 947 1569 tuta
967 1547 1073 1580 pace:

246 1591 348 1624 Certe
362 1591 439 1624 Diis
456 1588 625 1624 haberem
643 1588 791 1622 multam
811 1588 974 1631 gratiam.

247 1643 353 1687 Quod
371 1644 415 1675 ad
425 1642 539 1685 Argos
557 1640 703 1680 attinet,
731 1645 765 1672 et
782 1639 994 1672 divisionem
1007 1637 1192 1675 Graeciae,

245 1694 327 1728 Non
344 1693 393 1727 sic
408 1693 522 1726 facilia
542 1698 625 1726 sunt
642 1703 682 1724 ea
700 1696 923 1734 expugnatu,
951 1696 990 1722 ut
1006 1689 1114 1722 dictu.

244 1746 345 1779 Rhes.
371 1745 500 1779 Nonne
529 1742 657 1788 optimi
683 1741 904 1775 Graecorum
932 1741 1099 1774 dicuntur
1124 1737 1191 1772 huc

601 1791 765 1827 venisse?

195 1847 269 1882 480
293 1849 391 1882 Hect.
409 1846 491 1880 Non
507 1846 672 1889 vitupero
691 1856 769 1881 eos;
795 1842 982 1875 difficulter
999 1842 1093 1874 enim
1112 1842 1191 1875 illos

606 1895 783 1939 pellimus.

246 1951 345 1983 Rhes.
372 1947 485 1993 Igitur
502 1947 577 1982 istis
593 1945 786 1980 interfectis
803 1943 924 1977 omnia
943 1943 1169 1977 confecimus.

245 2004 340 2035 Heet.
368 1999 422 2034 Ne
446 2012 560 2039 nunc,
594 2009 684 2044 quae
709 1996 835 2041 procul
857 2001 959 2035 sunt,
993 1995 1190 2035 considera,

570 2049 737 2082 omittens
754 2059 844 2093 quae
861 2053 943 2080 sunt
958 2046 995 2079 in
1012 2047 1189 2081 manibus.

243 2104 343 2137 Rhes.
372 2101 465 2136 Satis
492 2113 564 2135 esse
590 2100 731 2133 videtur
756 2099 820 2132 tibi
844 2097 1002 2142 accipere
1028 2098 1189 2139 iniurias,

599 2163 673 2184 non
691 2151 822 2184 inferre
839 2148 972 2182 etiam?

246 2206 340 2238 Hect.
368 2202 462 2238 Satis
485 2215 616 2248 magno
641 2201 860 2247 principatui
883 2201 1043 2245 impero,
1080 2201 1186 2234 etiam

614 2252 672 2288 hic
690 2265 857 2291 manens;

195 2304 270 2340 485
297 2306 431 2340 Verum
450 2306 522 2340 sive
541 2305 724 2340 sinistrum
744 2305 817 2338 sive
835 2304 998 2337 dextrum
1016 2315 1126 2337 cornu
1139 2331 1148 2344 ,

247 2357 328 2390 Sive
348 2358 440 2391 inter
455 2358 590 2391 medios
607 2357 722 2391 socios
740 2356 843 2389 liceat
857 2354 922 2387 tibi

245 2409 384 2442 Peltam
402 2410 563 2449 firmare,
591 2415 625 2442 et
641 2409 815 2442 collocare
834 2405 1040 2440 exercitum.

245 2462 347 2495 Rhes.
373 2460 475 2494 Solus
491 2472 650 2505 pugnare
670 2473 747 2493 cum
764 2457 925 2492 hostibus
940 2457 1034 2490 volo.

247 2513 315 2546 Sed
332 2511 362 2546 si
378 2518 480 2557 turpe
495 2518 600 2557 putas
616 2523 691 2545 non
709 2511 814 2545 simul
832 2509 1019 2542 incendere
1041 2507 1187 2541 navium

233 2639 280 2666 19)
300 2644 360 2661 cum
378 2636 509 2660 Adrastia
526 2643 593 2661 vero
612 2638 678 2660 haec
702 2635 840 2663 dixerim]
866 2634 908 2657 his
933 2633 1024 2657 verbis
1050 2632 1076 2656 in
1100 2638 1186 2663 marg.

267 2673 352 2697 Editt.
375 2672 468 2699 1558„
495 2671 569 2694 1562.
596 2671 735 2700 adscripta
761 2671 803 2692 est
832 2670 898 2692 haec
922 2667 1078 2691 annotatio:
1113 2668 1187 2690 Haec

266 2707 342 2735 dico,
369 2707 497 2736 precatus
516 2705 639 2734 veniam,
664 2712 697 2728 ne
715 2703 848 2728 Adrastia
864 2703 1003 2726 irascatur
1022 2701 1089 2725 meis
1108 2701 1186 2725 inso-

267 2741 357 2764 lenter
376 2740 465 2764 dictis.

773 125 896 161 PHIL.
930 125 1044 161 MEL.
1081 126 1283 162 SCRIPTA
1315 126 1653 162 PHILOLOGICA.

2172 131 2246 166 788

1252 213 1326 248 490
1354 214 1508 258 Puppes,
1527 225 1606 246 cum
1626 218 1696 245 tam
1713 211 1821 255 longo
1838 218 1998 258 tempore
2014 214 2246 256 laboraveris,

1301 265 1446 298 Colloca
1467 277 1521 297 me
1540 264 1576 296 in
1601 263 1719 308 prima
1743 263 1861 297 fronte
1887 266 2056 300 adversus
2071 264 2246 299 Achillem

1659 320 1693 347 et
1709 314 1912 350 exercitum.

1300 370 1396 401 Hect.
1424 366 1507 401 Non
1529 366 1610 399 licet
1634 365 1787 409 dirigere
1811 373 1933 400 contra
1955 367 2056 401 illum
2075 367 2245 401 Martiam

1664 414 1815 450 hastam.

1300 470 1402 502 Rhes.
1436 467 1548 514 Atqui
1579 480 1696 501 sermo
1728 468 1813 508 suit,
1857 469 1953 514 quod
1987 469 2166 514 navigarit
2199 471 2244 503 ad

1664 518 1780 552 Ilium.

1300 572 1395 604 Hect.
1422 569 1630 614 Navigavit‚
1659 577 1692 603 et
1711 571 1829 609 adest;
1857 570 1915 603 sed
1934 571 2045 604 iratus

1250 620 1324 655 495
1354 621 1510 655 Ducibus
1529 633 1602 653 non
1621 621 1727 655 simul
1743 621 1953 666 proeliatur.

1300 674 1401 706 Rhes.
1430 672 1519 717 Quis
1536 678 1616 717 post
1633 685 1712 706 eum
1732 673 1846 705 clarus
1866 679 1917 706 est
1933 672 1969 705 in
1988 672 2168 708 exercitu'.¹>

1298 726 1393 757 Hect.
1418 725 1510 757 Aiax
1527 721 1616 756 mihi
1634 724 1732 757 nullo
1749 724 1897 756 inferior
1915 724 2074 765 videtur,

1298 774 1346 808 Et
1360 775 1475 820 Tydei
1492 775 1602 814 filius;
1631 781 1681 808 est
1696 781 1878 820 praeterea
1897 774 2091 808 facundum

1305 826 1569 870 Crepitacillum
1590 827 1732 871 Ulysses
1747 827 1832 860 satis
1849 827 1949 860 ferox
1966 827 2107 866 animo,

1222 913 1223 924 ἵ
1249 875 1324 911 500
1352 877 1424 922 Qui
1453 878 1570 911 affecit
1600 877 1815 911 contumelia
1847 875 1939 911 hanc
1959 878 2142 922 regionem
2164 876 2242 921 plu-

1664 929 1754 962 rima
1766 955 1775 969 ‚

1299 979 1371 1024 Qui
1386 992 1501 1024 nuper
1517 980 1662 1014 veniens
1677 981 1714 1012 in
1732 979 1903 1024 templum
1922 979 2098 1020 Palladis,

1298 1030 1451 1065 Furatus
1465 1031 1665 1065 Palladium
1676 1057 1686 1071 ,
1721 1032 1764 1064 ad
1783 1043 1890 1064 naves
1907 1030 2126 1074 Argivorum
2142 1029 2243 1069 tulit;

1298 1081 1438 1114 Deinde
1487 1082 1594 1115 etiam
1638 1083 1888 1126 praestigiator
1932 1080 2066 1116 habens
2110 1087 2243 1115 vestem

1657 1134 1831 1174 mendici,

1299 1181 1477 1226 Ingressus
1494 1189 1544 1216 est
1561 1185 1701 1217 moenia
1713 1210 1722 1224 ,
1752 1191 1785 1217 et
1804 1184 1913 1217 multa
1930 1183 2071 1227 Argivis
2089 1183 2184 1217 mala

1247 1232 1322 1267 505
1350 1234 1540 1274 precatus,
1568 1235 1694 1269 missus
1712 1235 1747 1268 in
1767 1234 1869 1268 Ilium
1888 1235 2112 1278 explorator,

1298 1284 1494 1319 Interfectis
1516 1287 1721 1320 custodibus
1740 1293 1773 1320 et
1790 1286 2011 1331 praesidibus
2028 1292 2215 1330 portarum

1296 1336 1505 1380 Egi-editum
1532 1343 1566 1370 et
1583 1349 1723 1381 semper
1742 1337 1778 1370 in
1796 1338 1933 1371 insidiis
1949 1337 2152 1377 invenitur,

1296 1386 1565 1432 Thymbraeum
1584 1388 1680 1421 iuxta
1699 1389 1869 1433 templum
1887 1401 1999 1433 prope
2016 1388 2142 1422 urbem

1297 1439 1446 1472 Sedens:
1474 1439 1652 1472 luctamur
1670 1452 1747 1473 cum
1767 1440 1860 1472 malo
1878 1439 2182 1472 terriculamento.

1217 1466 1220 1507 Ι
1246 1487 1320 1523 510
1346 1491 1448 1524 Rhes.
1476 1490 1631 1530 „Nullus
1647 1491 1702 1523 vir
1715 1490 1817 1524 sortis
1833 1490 1909 1523 vult
1924 1490 2014 1523 clam

1297 1539 1527 1580 „Interficere
1544 1540 1695 1582 hostem,
1717 1543 1777 1575 sed
1793 1543 1925 1574 vadens
1941 1541 1977 1573 in
1994 1546 2240 1584 conspectum;

1216 1622 1220 1648 ·
1297 1591 1399 1625 Illum
1419 1604 1521 1632 veru,
1548 1605 1652 1638 quem
1673 1594 1794 1626 sedere
1812 1593 1899 1626 dicis
1915 1592 1952 1624 in
1967 1592 2097 1625 furtiva
2116 1592 2197 1625 sede
2209 1617 2218 1631 ‚

1297 1642 1342 1676 Et
1358 1649 1494 1676 struere
1511 1643 1677 1683 insidias,
1703 1644 1825 1677 vivum
1845 1640 2152 1687 comprehendens
2174 1653 2238 1686 ego

1295 1692 1333 1726 In
1353 1695 1446 1728 exitu
1465 1701 1649 1739 portarum
1661 1695 1721 1740 ²⁰),
1747 1696 1956 1739 transfigens
1972 1693 2112 1738 spinam
2130 1692 2240 1733 dorsi,

1245 1743 1320 1778 515
1345 1745 1487 1778 Faciam
1509 1747 1631 1790 epulas
1648 1746 1851 1779 volucribus
1873 1745 2084 1778 vulturibus.

1294 1797 1520 1830 Praedonem
1554 1797 1648 1830 enim
1679 1797 1906 1838 existentem,
1955 1802 1990 1830 et
2015 1795 2177 1829 Deorum
2191 1793 2240 1841 21)

1653 1849 1787 1894 templa

1215 1923 1217 1927 .
1295 1898 1515 1943 Spoliantem
1527 1927 1537 1941 ‚
1566 1907 1708 1945 oportet
1726 1913 1806 1933 eum
1824 1897 1892 1933 hoc
1906 1900 1980 1933 fato
1997 1898 2105 1933 mori.

1294 1952 1389 1985 Hect.
1418 1950 1521 1985 Nunc
1538 1953 1652 1997 capite
1662 1952 1708 1997 22)
1727 1952 1845 1984 locum
1870 1951 2011 1989 castris;
2045 1962 2119 1983 nox
2143 1948 2237 1983 enim

1656 2003 1726 2035 iam
1751 2009 1814 2036 est.

1299 2052 1510 2087 Monstrabo
1527 2066 1612 2088 vero
1634 2054 1700 2087 tibi
1723 2055 1863 2094 locum,
1893 2052 1955 2087 ubi
1978 2058 2120 2098 oportet
2141 2063 2238 2086 exer-

1663 2106 1771 2139 citum

1242 2152 1317 2190 520
1345 2155 1464 2190 Tuum
1481 2163 1694 2200 pernoctare
1717 2168 1876 2190 seorsum
1903 2155 1947 2188 ab
1972 2166 2014 2187 eo
2040 2155 2142 2195 loco,
2175 2153 2238 2200 qui

1656 2208 1734 2241 aliis
1752 2207 1948 2251 assignatus
1966 2211 2029 2239 est.

1293 2257 1442 2290 Tessera
1459 2257 1562 2291 nobis
1579 2258 1623 2292 sit
1639 2256 1805 2292 Phoebus
1817 2284 1826 2298 ‚
1852 2257 1880 2291 si
1897 2257 1982 2302 quid
1999 2269 2088 2302 opus
2105 2263 2176 2298 est,

1292 2308 1475 2342 Memento
1497 2315 1530 2342 te
1556 2309 1754 2350 audivisse,
1798 2315 1832 2342 et
1854 2308 2012 2353 significa
2036 2306 2235 2342 Thracensi

1655 2361 1835 2395 exercitui.

1290 2410 1365 2445 Nos
1380 2417 1502 2445 euntes
1519 2417 1661 2456 oportet
1677 2412 1863 2457 paululum
1881 2417 1963 2445 ante
1978 2410 2122 2444 ordines

1275 2544 1321 2576 20)
1342 2545 1497 2575 portarum]
1518 2543 1558 2567 sic
1573 2542 1619 2574 (=
1630 2544 1723 2574 Eurip.
1742 2543 1852 2576 πυλῶν)
1864 2544 1945 2568 Editt.
1959 2543 2033 2568 1558.
2052 2544 2079 2567 et
2097 2544 2231 2574 recentt.;

1310 2580 1358 2603 Ed.
1374 2579 1447 2602 1562.
1466 2583 1562 2601 errore
1580 2580 1707 2608 typogr:
1732 2581 1912 2609 portaturum.

1272 2622 1320 2654 21)
1342 2624 1368 2646 et
1386 2622 1518 2650 Deorum]
1536 2621 1577 2644 sic
1596 2623 1644 2649 (=
1662 2623 1725 2646 text.
1747 2621 1803 2653 gr.)
1822 2622 1902 2645 Editt.
1920 2621 2011 2653 1558„
2035 2621 2111 2652 Fix.;
2136 2621 2229 2653 Bam„

1306 2658 1428 2687 Musgr.:
1453 2657 1641 2687 Deorumque5
1667 2657 1716 2681 Ed.
1731 2657 1808 2680 1562.
1826 2657 1953 2681 Deorum.

1271 2699 1508 2765 ξῖῗόεέἓῃίἑὲἷὶῆεέο
1534 2698 1580 2731 (=
1599 2699 1667 2723 text.
1692 2698 1748 2731 gr.)
1773 2699 1858 2725 Editt.
1879 2699 1955 2725 1558.
1973 2700 2000 2724 et
2017 2701 2151 2732 recentt.;
2176 2699 2226 2724 Ed.
