2373 2980
104 61 175 94 981
576 64 682 102 LXX.

153 146 278 180 Amica
293 147 536 192 navigationi,

107 197 203 232 1470
230 197 312 232 Dux
328 211 391 232 suo
412 200 537 234 ordine
552 205 753 238 natantium

152 247 393 293 Delphinum,
422 254 566 297 quando

153 301 255 333 Mare
270 302 385 336 ventis
403 311 498 336 caret
510 331 519 342 ,

152 351 199 385 Et
216 352 339 395 glauca
353 353 424 386 filia
441 354 571 395 Ponti,

153 403 414 450 Tranquillitas
424 431 433 445 ,
462 404 548 440 haec
564 407 708 440 dixerit:

105 452 202 489 1475
230 455 382 490 Pandite
401 457 478 490 vela
496 459 609 491 ventis

152 506 322 547 Marinis‚

152 557 311 602 Accipite
326 558 497 603 abiegnos
513 572 631 595 remos
642 589 650 599 ‚

151 608 184 641 O
201 615 348 642 nautae:
378 610 412 643 io
431 618 562 644 nautae

151 659 335 694 Mittentes
351 668 561 705 portuosum

104 709 200 745 1480
226 711 281 744 Ad
299 712 397 746 littus
414 713 566 747 Perseae
585 715 712 748 domus
730 715 915 748 Helenam.

391 792 714 841 [Antistropke
744 795 802 843 1.]

152 860 254 893 Certe
272 861 403 894 alicubi
420 863 556 906 puellas
573 862 672 895 fluvii

151 912 207 944 Ad
224 913 361 945 undam
380 912 638 957 Leucippidas,
668 920 729 947 aut
746 921 827 948 ante
847 915 1018 959 templum

150 962 335 996 Minervae
355 964 505 1008 accipies
516 991 525 1004 ‚

149 1014 236 1047 Sero
255 1015 401 1048 veniens
420 1016 465 1048 ad
482 1015 566 1049 istos
582 1013 710 1050 choros
722 1043 731 1055 ‚

101 1063 199 1099 1485
226 1065 299 1099 Aut
316 1066 354 1098 in
370 1073 473 1099 coetu
489 1066 682 1112 Hyacinthi

146 1117 202 1149 Ad
218 1123 433 1150 nocturnam
450 1118 624 1150 laetitiam
639 1132 644 1149 :

150 1167 267 1211 Quem
283 1174 494 1201 concertans

148 1217 272 1251 Tereti
285 1218 460 1262 fragmine
484 1219 571 1252 disci

148 1267 330 1302 Interfecit
343 1270 473 1314 Apollo
492 1270 529 1302 in
546 1277 640 1303 terra
659 1270 837 1304 Laconica

99 1320 198 1355 1490
224 1319 265 1353 In
280 1321 369 1354 festo
392 1322 460 1354 die.

146 1371 258 1405 Filius
273 1371 367 1405 Iovis
384 1372 485 1405 iussit
501 1373 616 1405 colere

146 1422 310 1455 Puellam
322 1448 331 1462 ,
360 1434 467 1468 quam
484 1423 679 1468 reliquerat
696 1423 733 1456 in
751 1425 860 1457 domo
873 1451 881 1464 ,

145 1473 236 1507 Cum
251 1474 413 1507 nondum
430 1475 524 1508 faces
540 1486 706 1508 accensae
723 1476 865 1509 fuerant
880 1478 924 1509 ad
941 1477 1095 1521 nuptias.

440 1555 659 1605 [Strophe
687 1558 749 1607 2.]

144 1625 295 1659 Utinam
311 1638 376 1670 per
391 1637 510 1659 aerem
529 1626 691 1660 volatiles

98 1675 195 1711 1495
222 1676 389 1711 Essemus
410 1676 565 1722 Libycae

144 1730 258 1770 Aves,
286 1729 412 1762 ordine
432 1729 604 1762 volantes.

144 1780 282 1813 Relicta
298 1778 459 1825 hyberna
480 1786 687 1824 tempestate
701 1807 708 1819 ,

143 1830 250 1865 Ibunt
265 1832 535 1878 antiquissimae

142 1882 298 1917 Fistulae
319 1884 606 1928 obtemperantes

95 1932 193 1969 1500
215 1934 396 1975 Pastoris,
424 1935 486 1980 qui
502 1935 612 1968 siccos

142 1985 299 2030 Campos
317 1992 350 2018 et
366 1986 498 2019 fertiles
516 1992 633 2019 terrae

143 2037 386 2081 Supervolans
402 2037 516 2077 canit,

143 2088 298 2134 Quando
315 2086 485 2122 habentes
499 2088 606 2131 longa
626 2086 713 2119 colla
729 2113 737 2125 ,

143 2140 335 2174 Currentes
352 2140 457 2173 simul
477 2152 556 2172 cum
578 2138 719 2171 nivibus

93 2190 192 2226 1505
218 2191 311 2225 Aves
328 2191 385 2225 itis
402 2204 465 2236 per
484 2190 642 2223 medium
661 2201 778 2221 aerem
794 2217 800 2228 ‚

140 2242 188 2277 Et
201 2242 300 2277 iuxta
315 2249 532 2276 nocturnum
553 2241 741 2275 Orionem.

141 2294 314 2329 Nuntiate
333 2292 402 2327 hoc
418 2293 585 2328 nuntium
597 2319 606 2333 ,

147 2346 317 2380 sedentes
334 2357 441 2390 supra
458 2344 632 2378 Eurotam
645 2371 654 2383 ,

141 2397 250 2443 Quod
266 2396 453 2430 Menelaus
470 2395 637 2429 Dardani

94 2447 190 2482 1510
216 2448 315 2482 Urbe
331 2454 432 2492 capta
445 2473 454 2488 ‚
481 2448 629 2481 domum
650 2445 694 2479 sit
710 2451 892 2478 venturus.

386 2531 708 2580 [Antistropke
734 2529 796 2578 2]

142 2601 269 2635 Venite
287 2600 422 2646 equites

141 2653 212 2687 Per
237 2664 353 2686 aerem
367 2679 376 2690 ‚

735 67 1133 106 INTERPRETATIO
1168 72 1393 108 HELENAE
1428 74 1679 112 EURIPIDIS.

2075 87 2148 122 982

1205 160 1288 192 Filii
1307 161 1489 205 Tyndari,

1123 176 1129 276 1
1203 210 1301 245 Inter
1319 213 1430 246 nubes
1447 213 1511 247 sub
1530 214 1633 248 claris
1650 216 1764 250 astris.

1156 259 1253 296 1515
1280 262 1321 296 In
1339 264 1437 297 coelo
1460 262 1681 306 habitantes,

1123 278 1128 388 ὃ
1204 314 1411 349 Servatores
1430 315 1586 350 Helenae
1597 344 1606 356 ,

1204 364 1318 409 Supra
1334 367 1497 409 glaucum
1516 380 1616 401 mare
1627 395 1636 408 ,

1123 391 1127 470 1
1202 414 1247 448 Et
1266 418 1446 451 caeruleos
1462 418 1587 452 fluctus
1599 446 1608 459 ,

1123 472 1126 543 1
1202 466 1249 500 Et
1266 479 1372 502 canas
1389 470 1503 503 undas
1522 470 1651 510 maris,

1123 546 1126 556 ,
1156 515 1253 554 1520
1281 518 1408 553 Nautis
1428 522 1636 555 commodos
1651 521 1874 566 navigationi
1896 532 2082 560 ventorum

1202 569 1325 603 Flatus
1344 582 1363 602 a
1378 569 1461 604 Iove
1478 572 1670 606 mittentes.
1690 604 1693 607 ,

1202 621 1234 654 A
1251 632 1374 654 sorore
1391 621 1576 655 infamiam

1202 671 1390 705 Barbarici
1407 671 1560 706 thalami
1578 674 1711 707 auferte
1722 701 1731 714 ‚

1124 732 1127 750 ι
1204 722 1321 767 Quam
1338 731 1487 768 propter
1504 725 1769 758 contentionem
1782 752 1790 764 ‚
1818 726 1855 759 in
1873 726 1932 761 Ida
1951 738 2072 765 monte

1124 752 1127 803 1
1157 772 1254 809 1525
1281 774 1469 809 Laborans
1484 783 1589 809 nacta
1609 782 1679 816 est,

1202 825 1279 859 Etsi
1296 838 1371 859 non
1388 827 1486 860 venit
1503 826 1559 860 Ilii

1202 876 1258 909 Ad
1276 884 1403 913 turres.

1202 931 1296 962 Νιιη.
1324 928 1419 969 Rex,
1448 928 1600 973 pessima
1617 928 1655 961 in
1671 930 1808 963 domo'
1799 942 1860 963 mv
1863 932 2017 968 enimus:

1200 978 1283 1013 Ideo
1306 980 1375 1012 cito
1394 981 1516 1013 audies
1533 992 1574 1013 ex
1588 992 1645 1013 me
1662 993 1754 1014 nova
1773 994 1819 1014 111
1812 982 1878 1016 ula.

1155 1029 1252 1065 1530
1294 1032 1424 1065 Theoel.
1461 1031 1558 1077 Quid
1584 1030 1659 1065 est?
1718 1034 1812 1066 nun.
1849 1033 1981 1068 Curato
2006 1040 2148 1083 nuptias

1123 1095 1126 1129 3
1563 1082 1709 1116 alterius

1123 1256 1126 1279 1

1202 1133 1381 1172 Mulieris;
1410 1134 1547 1167 Helena
1565 1134 1652 1167 abiit
1668 1146 1710 1167 ex
1727 1131 1794 1167 hac
1812 1142 1920 1171 terra.

1206 1186 1335 1219 Theocl.
1364 1184 1496 1219 Levata
1516 1185 1600 1226 alis,
1628 1198 1674 1218 an
1690 1186 1840 1230 pedibus
1856 1187 2014 1224 incedit?

1201 1239 1296 1271 Nm
1325 1236 1510 1272 Menelaus
1529 1250 1573 1270 ax
1577 1237 1648 1270 exit
1664 1249 1742 1270 eam
1760 1239 1845 1271 nasi
1863 1252 1904 1273 ex
1922 1238 1989 1275 hac
2008 1249 2120 1287 terra,

1203 1288 1302 1332 Qui
1293 1301 1367 1332 lpse
1383 1289 1481 1322 venit
1494 1289 1664 1323 nuntians
1681 1301 1717 1323 se
1733 1296 1917 1324 mortuum
1936 1305 2020 1328 esse.

1154 1337 1250 1373 1535
1282 1342 1411 1375 Theocl.
1440 1340 1473 1374 O
1489 1353 1597 1386 quam
1612 1338 1794 1374 horrenda
1809 1344 1951 1378 narras!
1977 1347 2038 1379 sed
2056 1361 2147 1394 quae

1560 1392 1742 1436 naxigatio
1762 1404 1839 1426 eam

1121 1418 1126 1498 ἰ
1201 1441 1329 1474 Avexit
1347 1453 1388 1474 ex
1404 1439 1470 1475 hac
1487 1442 1606 1476 terra?
1633 1443 1856 1478 incredibilia
1872 1446 1971 1481 dicis.

1201 1494 1293 1526 Νιιη.
1322 1492 1440 1537 Quam
1458 1499 1497 1526 tu
1510 1494 1638 1528 dedisti
1658 1492 1809 1540 hospiti,
1836 1494 1972 1533 habens
1988 1506 2066 1536 tuos

1199 1542 1335 1577 Nautas
1355 1544 1461 1585 abiit,
1488 1551 1528 1578 ut
1542 1546 1665 1590 paucis
1680 1546 1809 1581 dicam.

1204 1596 1332 1629 Theocl.
1362 1595 1582 1640 Quomodo?
1613 1598 1716 1642 cupio
1734 1598 1877 1638 audire3
1911 1605 2028 1648 neque
2054 1606 2147 1640 enim

1564 1661 1669 1692 spero

1151 1699 1249 1734 1540
1276 1701 1394 1735 Unam
1414 1715 1561 1735 manum
1582 1704 1803 1748 superiorem
1826 1707 1930 1741 fuisse

1199 1752 1272 1785 Tot
1287 1753 1424 1794 nautis,
1452 1767 1531 1787 curn
1549 1754 1676 1799 quibus
1694 1761 1732 1789 tu
1748 1757 1875 1792 missus
1894 1771 1940 1793 es.

1198 1806 1292 1838 ZVtm.
1319 1804 1516 1850 Postquam
1535 1806 1659 1839 relicta
1679 1807 1775 1851 regia
1794 1807 1861 1842 hac
1875 1811 1984 1845 domo

1198 1854 1288 1888 Filia
1307 1854 1400 1890 Iovis
1418 1857 1462 1890 ad
1483 1869 1582 1890 mare
1602 1858 1719 1899 venit,

1200 1906 1335 1940 Callide
1350 1920 1487 1952 ponens
1504 1915 1668 1942 tenerum
1685 1911 1832 1955 pedem,
1858 1912 2002 1957 lugebat

1150 1964 1248 2000 1545
1276 1967 1448 2002 Maritum
1468 1981 1524 2027 Pr‘
1514 1975 1714 2010 a,esentem
1743 1977 1778 2003 et
1792 1984 1867 2005 non
1884 1981 2081 2012 mortuum.

1197 2017 1247 2051 Ut
1265 2026 1382 2052 autem
1403 2020 1566 2054 venimus
1583 2021 1627 2053 ad
1645 1996 1819 2056 ambitum
1839 2024 1889 2058 tui
1904 2033 2047 2069 portus,

1197 2068 1426 2105 Detraximus
1442 2084 1512 2104 nav
1516 2084 1570 2104 em
1589 2072 1773 2105 Sidoniam
1793 2076 2021 2121 praecipuam

1199 2120 1315 2154 Cum
1304 2122 1395 2166 lugis
1412 2129 1446 2155 et
1463 2123 1571 2156 remis
1593 2123 1872 2169 quinquaginta,

1197 2170 1236 2204 In
1255 2185 1327 2218 qua
1342 2174 1444 2207 labor
1462 2174 1579 2207 labori
1595 2176 1815 2210 succedebat.

1149 2229 1245 2266 1550
1271 2232 1373 2267 Alius
1389 2234 1545 2275 malum,
1574 2234 1663 2268 alius
1682 2247 1820 2269 remum
1839 2237 2044 2278 collocavit;

1194 2283 1240 2317 Et
1255 2283 1293 2317 in
1308 2296 1418 2319 manu
1435 2286 1525 2319 remi
1541 2286 1707 2330 capulum
1726 2293 1759 2319 et
1776 2289 1924 2322 candida
1943 2291 2017 2324 vela
2035 2292 2140 2326 simul

1565 2343 1685 2377 erant,

1197 2384 1242 2418 Et
1261 2386 1540 2429 gubernaculum
1557 2388 1705 2422 immisit
1721 2389 1817 2423 loris.

1197 2435 1236 2469 In
1250 2434 1319 2470 hoc
1335 2437 1457 2471 labore
1477 2440 1740 2473 considerantes
1757 2439 1824 2474 hoc

1197 2487 1276 2520 Viri
1294 2488 1441 2529 Graeci,
1469 2490 1556 2523 socii
1572 2490 1746 2532 Menelai,

1148 2546 1247 2582 1555
1271 2549 1505 2583 Accesserunt
1523 2551 1567 2583 ad
1581 2550 1698 2590 littus,
1726 2550 1843 2591 vestiti
1861 2552 2011 2587 nauticis

1197 2599 1380 2641 Vestibus,
1407 2601 1555 2635 formosi
1574 2601 1738 2647 quidem,
1765 2604 1824 2636 sed
1847 2603 1999 2649 squalidi
2017 2605 2060 2637 ad
2077 2607 2136 2639 ad-

1555 2653 1788 2697 spiciendum.

1541 2703 1589 2739 62
1608 2702 1628 2720 '¹⁵
