2373 2980
242 106 333 142 1043

287 194 432 236 Signum
450 193 670 227 notissimum
684 219 692 232 ‚
721 199 755 225 et
771 193 915 226 lucitera

285 247 423 278 Aurora
442 245 574 288 pellens
595 250 687 277 astra
699 270 708 283 ‚
736 244 772 277 in
788 245 982 288 parietibus
1000 256 1083 277 vero

287 295 407 328 Iniecit
425 296 490 327 alia
510 296 630 329 aulaea
648 295 848 335 barbarica,

243 347 335 381 1160
363 345 553 380 lnstructas
570 359 676 380 naves
693 347 801 380 remis
818 346 1016 380 contrarias
1031 347 1189 387 Graecis,

286 397 328 429 Et
348 397 531 431 semiferos
548 398 644 431 viros
655 424 663 437 ‚
691 403 725 430 et
742 404 920 443 equestres
935 398 1142 433 venationes

287 448 501 488 cervorum,
531 455 564 481 et
579 449 722 482 leonum
740 449 930 493 agrestium
948 450 1176 496 capturasss).

285 499 338 531 Ad
358 500 501 532 ianuam
519 512 603 533 vero
624 499 817 544 Cecropem
835 513 903 534 una
922 513 1000 534 cum
1017 501 1155 535 filiabus

807 106 927 142 PHIL.
961 107 1072 143 MEL.
1107 108 1306 143 SCRIPTA
1339 107 1674 142 PHILOLOGICA.

286 549 487 583 lnx‘olutmn
525 551 648 589 nodis,
696 551 729 584 id
769 553 864 597 quod
902 552 1083 586 cuiusdam
1118 549 1253 593 Athe-2

647 603 779 636 niensis

240 652 334 685 1165
362 651 561 685 Donat-ium
579 660 654 686 erat
668 680 676 693 ,
704 666 810 686 aurea
830 654 865 686 in
883 654 1047 687 convivio

286 703 417 736 Pocula
435 703 635 738 collocavit.
686 704 790 739 Stans
807 705 842 738 in
861 705 1007 739 summis
1026 704 1174 750 pedibus

286 754 418 787 Praeco
433 755 648 798 proclamat:
678 755 890 801 Quicunque
909 757 993 789 velit
1009 757 1175 800 indigena

284 806 337 837 Ad
358 806 560 839 convivium
579 813 617 840 ut
635 807 766 840 veniat.
818 808 1014 853 Postquam
1041 808 1223 852 impletum

653 864 703 891 est
721 858 988 892 tabernaculum
1001 885 1009 898 ‚

285 908 436 941 Coronis
456 909 594 948 ornati,
622 909 715 941 laeto
735 910 813 941 cibo

238 959 335 993 1170
361 959 531 992 Animum
550 960 751 1003 explerunt;
779 965 818 992 ut
835 971 918 992 vero
936 960 1153 1003 voluptatem
1173 973 1226 992 re—

645 1016 819 1043 miserunt
830 1036 838 1049 ‚

286 1061 495 1103 Progressus
536 1072 641 1093 senex
681 1061 826 1105 quidam
862 1060 898 1092 in
936 1060 1091 1093 medium
1128 1061 1226 1104 pavi-

648 1118 809 1144 mentum

285 1161 469 1199 Constitit;
497 1161 607 1195 risum
624 1175 708 1196 vero
724 1162 807 1195 fecit
823 1161 981 1195 convivis
996 1174 1166 1207 magnum

284 1212 471 1246 Officiosus
490 1213 651 1248 existens.
706 1213 869 1259 Namque
887 1225 927 1245 ex
942 1211 1079 1258 hydriis
1094 1208 1224 1259 'aquam

283 1263 450 1297 Manibus
466 1265 638 1297 fundebat
654 1265 794 1298 lavacra
806 1292 815 1305 ,
844 1271 877 1297 et
895 1265 1061 1297 adolebat

236 1314 332 1348 1175
360 1313 530 1359 Myrrhae
546 1328 688 1349 succum
701 1343 713 1361 ‚V
738 1323 772 1350 et
791 1315 907 1349 aureis
924 1316 1060 1359 poculis

283 1365 453 1398 Praeerat
470 1366 556 1410 ipse,
576 1366 641 1400 sibi
657 1368 724 1411 ipsi
740 1367 928 1411 iniungens
944 1364 1038 1400 hunc
1053 1368 1225 1401 laborem.

283 1417 477 1461 Postquam
497 1430 580 1451 vero
599 1419 643 1451 ad
660 1419 764 1452 tibias
780 1419 877 1451 venit
889 1445 896 1458 ,
925 1424 958 1450 et
974 1419 1019 1451 ad
1037 1419 1203 1462 poculum

284 1468 424 1501 'Novum
438 1495 446 1507 ,
475 1481 580 1502 senex
596 1470 699 1509 dicit,
728 1476 894 1514 oportere
911 1470 1050 1502 auferre

286 1519 400 1551 Parva
421 1520 548 1563 pocula
563 1547 571 1559 ,
600 1526 632 1552 et
650 1532 778 1564 magna
798 1521 958 1559 adferre,

240 1570 332 1603 1180
369 1570 417 1602 Ut
452 1571 552 1604 citius
590 1571 734 1604 veniant
768 1573 812 1604 ad
839 1572 1059 1614 voluptatem
1089 1571 1225 1603 animo-

650 1634 728 1655 rum
740 1623 798 1668 12).

272 1760 315 1790 11)
335 1758 481 1788 ,accipiens
494 1770 527 1775 —-
541 1759 679 1788 capturas.
699 1760 756 1787 (vs.
771 1756 990 1788 llil—1162.)]
1011 1756 1052 1780 sic
1070 1757 1118 1780 Ed.
1135 1757 1226 1783 1562.;

303 1794 350 1817 Ed.
370 1793 460 1817 1558:

338 1836 455 1865 Capiens
473 1841 540 1859 vero
560 1835 686 1858 texturas
705 1840 801 1858 sacras
820 1840 837 1858 a
856 1834 1010 1861 thesauris,

339 1870 537 1900 Obumbrabat,
561 1869 631 1893 mira
648 1869 802 1892 hominibus
822 1868 893 1892 visu.

338 1904 456 1927 Primum
475 1903 582 1933 quidem
599 1903 710 1926 culmini
728 1903 800 1926 alam
819 1901 997 1931 circumponit
1016 1901 1173 1931 peplorum,

337 1938 487 1962 Donarium
505 1937 616 1960 lovialis
632 1936 725 1967 pueri,
753 1942 820 1966 quos
839 1936 974 1960 Hercules

339 1973 509 1996 Amazonum
528 1971 616 2001 spolia
633 1970 695 1994 tulit
712 1971 779 1994 Deo.

339 2007 451 2030 Inerant
469 2012 536 2029 vero
554 2007 646 2028 textae
662 2004 777 2035 picturis
799 2004 950 2028 huiusmodi
970 2004 1105 2027 texturae.

341 2040 451 2064 Coelum
470 2040 640 2069 amplectens
658 2040 737 2062 astra
755 2039 781 2061 in
800 2039 914 2062 aethere
934 2037 1066 2064 rotundo,

339 2075 432 2104 Equos
451 2074 556 2103 quidem
574 2074 672 2103 agebat
690 2073 725 2096 ad
743 2073 863 2096 ultimam
883 2074 1015 2095 flammam

341 2107 401 2138 sol,
426 2109 569 2131 attrahens
587 2108 690 2130 clarum
707 2107 815 2136 hesperi
835 2107 934 2129 lumen.

339 2143 426 2172 Nigra
443 2147 510 2165 vero
529 2148 583 2165 nox
601 2147 655 2164 non
673 2141 831 2171 colligatum
849 2140 921 2170 iugis

340 2176 456 2199 Currum
474 2177 616 2205 movebat,
640 2177 719 2198 astra
740 2180 807 2198 vero
827 2175 1010 2204 sequebantur
1029 2174 1120 2197 Deam.

339 2210 429 2233 Pleias
447 2210 552 2239 quidem
571 2210 625 2233 ibat
644 2209 759 2232 medium
777 2215 825 2238 per
843 2209 971 2236 aethera,

340 2246 428 2273 Atque
446 2244 550 2267 ensifer
570 2244 672 2272 Orion,
700 2244 818 2272 desuper
837 2249 904 2266 vero

341 2279 411 2301 [rsa
429 2279 540 2301 vertens
557 2278 674 2301 caudata
692 2278 725 2301 ad
743 2283 855 2301 aureum
872 2277 971 2306 polum.

340 2312 420 2335 Orbis
438 2318 503 2335 vero
522 2312 619 2340 plenae
638 2312 719 2334 lunae
736 2312 863 2335 tendebat
882 2317 992 2334 sursum

339 2346 444 2369 Mensis
463 2346 585 2373 divisor,
613 2347 640 2368 et
659 2346 771 2375 Hyades
791 2345 882 2368 nautis

340 2380 530 2403 Certissimum
548 2380 672 2409 signnm,
700 2382 726 2402 et
746 2380 804 2408 ipse
822 2379 931 2402 Lucifer

338 2414 488 2437 Matutinus
508 2416 671 2436 consectans
689 2415 783 2438 astra:
807 2413 841 2436 ad
861 2413 981 2442 parietes
999 2419 1065 2436 vero

341 2448 428 2470 lnduit
447 2448 516 2471 alias
536 2448 713 2471 barbarorum
734 2449 866 2471 texturas

340 2482 432 2504 Remis
452 2482 518 2504 hene
537 2481 687 2504 instructas
706 2487 792 2504 naves
812 2481 947 2504 adversas
967 2481 1160 2504 Graecanicis.

341 2517 373 2539 Et
393 2515 537 2538 semiferos
556 2515 649 2543 viros,
675 2516 872 2545 equestresque
890 2515 1052 2538 venationes

339 2550 489 2574 Cei-vorum
501 2565 507 2577 ‚
534 2551 560 2572 et
577 2550 686 2572 leonum
704 2550 854 2580 agrestium
877 2552 1018 2579 capturas.

271 2602 316 2632 12)
336 2602 376 2624 Ad
401 2600 507 2623 ianuam
528 2613 561 2616 —
580 2599 739 2623 animorum.
765 2599 820 2630 (vs.
844 2600 910 2623 1163
924 2601 1077 2629 —1180.)]
1107 2601 1145 2623 sic
1172 2601 1218 2623 Ed.

305 2635 396 2665 1562.;
424 2634 472 2658 Ed.
488 2634 578 2657 1555:

336 2669 486 2693 secundum
506 2667 636 2691 introitus
655 2673 738 2695 vero,
764 2668 911 2697 Cecropem
930 2668 1002 2691 filias
1022 2674 1106 2698 prope

335 2703 420 2727 Nodis
440 2702 634 2729 constrictum,
659 2701 832 2725 Atheniensis
851 2702 966 2725 alicuius

1250 598 1254 674 l

1250 678 1254 720 ι

1251 737 1254 790 1

1250 2019 1253 2056 ι

1249 2090 1252 2203 3

1249 2209 1252 2271 ἓ

1248 2276 1251 2346 ἶ

2170 113 2268 148 1044

1328 193 1415 227 Erat
1430 201 1505 228 tum
1523 195 1625 228 labor
1641 193 1875 227 adferentium
1893 201 2060 239 argentea

1328 246 1445 291 Atque
1462 257 1566 279 aurea
1583 256 1678 279 vasa.
1730 244 1806 289 Ipse
1823 257 1908 279 vero
1925 247 2067 291 capiens
2086 247 2269 289 eximium,

1329 297 1519 342 Tanquam
1537 308 1632 329 novo
1650 296 1723 328 iam
1739 294 1826 329 hero
1845 298 2105 341 gratificaturus
2132 326 2140 338 ‚

1329 347 1436 381 Dedit
1453 348 1597 391 plenum
1618 359 1697 386 vas,
1725 347 1855 381 iaciens
1873 348 1911 381 in
1929 349 2051 383 vinum

1283 398 1378 432 1185
1407 398 1537 431 Efficax
1555 411 1749 439 venenum,
1777 400 1873 444 quod
1889 399 2012 434 dicunt
2025 400 2161 434 dedisse

1330 450 1524 482 Dominam
1536 476 1545 490 ‚
1572 456 1612 484 ut
1626 451 1882 484 interficeretur
1897 463 2012 485 novus
2028 451 2130 485 filius.

1330 500 1374 533 Et
1390 512 1496 533 nemo
1513 499 1581 534 hoc
1596 508 1718 539 norat;
1747 502 1784 534 in
1801 503 1966 537 manibus
1983 514 2068 535 vero
2086 500 2233 535 habenti

1330 552 1557 585 Libationem
1574 559 1657 586 tunc
1672 553 1745 585 filio
1761 554 1940 587 declarato
1953 581 1962 594 ‚

1328 603 1426 636 Dixit
1443 603 1571 649 aliquis
1589 616 1630 637 ex
1644 605 1845 638 domesticis
1863 606 1996 650 aliquid
2015 604 2098 636 mali
2118 604 2258 637 ominis.

1283 654 1379 688 1190
1414 653 1474 687 Ille
1497 668 1581 688 vero
1613 662 1785 700 tanquam
1813 657 1968 690 nutritus
2001 656 2037 688 in
2071 655 2205 699 templo
2239 661 2272 687 et

1692 718 1770 739 cuin
1792 707 1950 748 vatibus,

1331 758 1596 791 Animadvertit
1614 770 1738 797 omen,
1766 764 1800 791 et
1815 758 1915 792 iussit
1931 759 2039 792 alium
2058 768 2191 790 novum

1331 807 1512 841 Cratereni
1530 809 1695 853 implere;
1713 809 1869 852 priorem
1887 822 1971 842 vero
1989 805 2273 842 libationemDei

1331 858 1493 893 Effundit
1527 861 1563 893 in
1602 867 1733 893 terram
1751 887 1760 900 ‚
1814 861 2050 905 omnibusque
2092 858 2272 892 effundere

1693 911 1809 945 edicit.

1332 962 1518 994 Silentium
1538 962 1722 1002 successit,
1750 962 1939 1006 implemus
1955 973 2037 994 rore

1285 1011 1380 1045 1195
1408 1012 1572 1045 Crateras
1587 1025 1705 1046 sacros
1724 1020 1756 1046 et
1776 1014 1860 1045 vino
1875 1012 2019 1045 Bibliuo
2030 1012 2088 1057 ¹3).

1331 1062 1377 1095 Et
1394 1063 1430 1095 in
1448 1061 1515 1095 hoe
1530 1063 1652 1095 labore
1670 1064 1774 1097 irruit
1790 1064 1827 1096 in
1845 1065 1992 1097 domum
2011 1063 2153 1096 volucre

1329 1114 1466 1157 Agmeu
1483 1114 1728 1147 columbarum
1747 1115 1938 1158 (Apollinis
1955 1115 2048 1147 enim
2068 1114 2103 1145 in
2121 1111 2253 1154 templo

1331 1165 1425 1198 Tuto
1444 1163 1636 1210 habitant).
1684 1165 1879 1210 Postquam
1897 1177 1958 1197 eae
1976 1168 2208 1208 gustaverunt
2222 1161 2274 1192 vi-

1690 1228 1776 1249 num
1789 1243 1797 1255 ‚

1328 1266 1375 1299 Et
1393 1267 1429 1299 in
1445 1267 1560 1310 ipsum
1578 1273 1693 1301 rostra
1713 1273 1852 1310 egentes
1871 1272 1958 1311 potu

1283 1319 1379 1352 1200
1407 1318 1657 1358 Demiserunt,
1685 1324 1719 1350 et
1745 1324 1929 1351 traxerunt
1953 1320 2108 1360 pennata
2136 1313 2172 1346 in
2197 1319 2274 1357 gut-

1685 1376 1763 1402 tura
1778 1382 1784 1401 t

1333 1419 1489 1453 Caeteris
1506 1426 1581 1452 erat
1600 1419 1766 1453 innoxius
1784 1426 1908 1464 potus,

1382 1558 1548 1587 Donarimn,
1572 1564 1726 1588 aureosque
1745 1558 1773 1581 in
1792 1556 1880 1580 medio
1900 1556 1952 1580 loci
1970 1554 2090 1579 convivii

1383 1595 1514 1618 Crateres
1534 1593 1649 1621 statum
1674 1592 1787 1616 summis
1804 1591 1934 1615 incedens
1953 1589 2066 1620 pedibus

1382 1629 1484 1652 Praeco
1504 1627 1616 1658 indixit,
1645 1626 1798 1656 quicunque
1817 1625 1884 1648 velit
1901 1625 2031 1654 indigena

1382 1663 1424 1686 Ad
1443 1663 1550 1692 epulum
1568 1661 1672 1685 venire.
1709 1661 1745 1684 Ut
1761 1666 1828 1683 vero
1847 1659 2011 1689 completum
2028 1658 2131 1681 tentum
2149 1658 2208 1685 est,

1383 1696 1499 1721 Coronis
1519 1695 1625 1724 ornati,
1651 1694 1752 1717 festivo
1772 1694 1832 1717 cibo

1381 1730 1505 1754 Animam
1523 1730 1715 1759 impleverunt.
1751 1728 1819 1752 Cum
1836 1727 2003 1751 remiserunt
2021 1726 2203 1755 voluptatem,

1382 1765 1552 1795 Progressus
1569 1770 1653 1787 senex
1670 1762 1699 1786 in
1718 1762 1833 1786 medium
1851 1761 2035 1791 pavimentum

1383 1798 1512 1823 Constitit
1519 1805 1528 1827 ;
1553 1798 1638 1820 risum
1658 1803 1725 1821 vero
1743 1796 1863 1820 exhibuit
1880 1794 2005 1819 convivis
2027 1794 2183 1824 ingentem,

1383 1833 1529 1857 Officiosus
1547 1832 1680 1855 existens.
1717 1832 1838 1860 Namque
1856 1836 1890 1853 ex
1907 1828 2015 1858 hydriis
2033 1833 2132 1857 aquam

1381 1867 1506 1890 Manibus
1526 1866 1655 1889 fundebat
1673 1865 1804 1892 lavacra,
1829 1865 1857 1886 et
1875 1863 2002 1886 adolebat

1381 1901 1514 1930 Myrrhae
1533 1905 1658 1928 succum,
1683 1900 1710 1921 et
1729 1898 1822 1921 aureis
1841 1896 1946 1926 poculis

1382 1935 1515 1957 Praeerat
1533 1934 1608 1963 ipse,
1636 1932 1689 1955 sibi
1706 1932 1758 1961 ipsi
1776 1932 1847 1955 hunc
1864 1930 2010 1960 iniungens
2030 1929 2160 1952 laborem.

1382 1969 1449 1992 Cum
1468 1974 1534 1991 vero
1553 1967 1587 1990 ad
1606 1966 1688 1989 tibias
1706 1966 1867 1993 venissent,
1896 1964 1930 1987 ad
1949 1964 2141 1992 crateremque

1381 2004 1501 2029 Novum,
1526 2007 1612 2024 senex
1629 1999 1715 2030 dixit,
1739 1999 1853 2023 auferre
1871 2000 1999 2027 oportere
2015 1999 2017 2002 '

1380 2036 1498 2059 vinaria
1517 2040 1584 2058 vasa
1603 2039 1706 2063 parva,
1731 2038 1832 2063 magna
1849 2038 1916 2055 vero
1934 2031 2062 2055 adferre-

1382 2072 1417 2093 Ut
1435 2069 1516 2093 citius
1537 2068 1664 2092 venirent
1682 2067 1730 2090 isti
1747 2067 1781 2090 ad
1801 2066 1960 2096 voluptates
1977 2065 2139 2088 animorum.

1315 2121 1358 2153 13)
1378 2122 1446 2146 Erat
1464 2123 1519 2144 tum
1539 2132 1570 2137 -—
1589 2118 1706 2142 Biblino.
1727 2119 1785 2146 (vs.
1805 2114 2025 2146 ¹181—1195.)]
2050 2115 2090 2139 sic
2107 2116 2156 2141 Ed.
2176 2116 2267 2142 maz:

1380 2191 1447 2213 Erat
1466 2191 1522 2212 tum
1540 2186 1714 2211 afferentium
1732 2187 1812 2210 labor
1829 2187 1976 2216 argenteas

1380 2224 1415 2247 Et
1433 2228 1533 2246 aureas
1552 2221 1667 2251 phialas.
1702 2221 1764 2250 Ipse
1782 2225 1850 2244 vero
1869 2217 1980 2248 capiens
1998 2218 2150 2249 insignem,

1380 2259 1517 2286 Tanquam
1535 2253 1606 2279 novo
1625 2255 1680 2278 iam
1699 2254 1806 2278 domino
1824 2252 2047 2283 gratificaturus,

1379 2290 1501 2315 Tradidit
1519 2290 1627 2320 plenum
1645 2289 1787 2311 vasculum
1805 2287 1832 2310 in
1850 2287 1941 2310 vinum
1960 2285 2079 2315 iaciens,

1381 2325 1457 2355 Quod
1474 2324 1587 2347 tradunt
1605 2322 1714 2346 dedisse
1731 2327 1866 2345 venenum
1886 2320 1981 2344 efficax

1379 2358 1536 2388 Dominam,
1555 2358 1585 2380 ut
1602 2356 1676 2380 filius
1695 2362 1784 2379 novus
1804 2355 1973 2385 relinqueret
1990 2354 2086 2378 lucem.

1378 2395 1413 2417 Et
1432 2398 1510 2416 nemo
1529 2392 1595 2415 haec
1614 2390 1732 2418 sciehat3
1760 2389 1787 2413 in
1806 2389 1930 2413 manibus
1948 2389 2058 2412 habenti
2076 2394 2143 2412 vero

1377 2427 1521 2451 Libamina
1539 2431 1600 2449 cum
1617 2425 1682 2448 aliis
1701 2423 1757 2448 filio
1777 2424 1935 2451 declarato,

1377 2461 1551 2485 Maledictum
1569 2459 1667 2489 aliquis
1687 2465 1720 2482 ex
1739 2458 1895 2482 domesticis
1914 2456 1988 2480 dixit.

1377 2497 1403 2519 ls
1422 2501 1489 2519 vero
1507 2496 1635 2524 tanquam
1658 2493 1686 2517 in
1710 2493 1810 2522 templo
1835 2495 1861 2515 et
1886 2498 1945 2515 cuin
1971 2492 2048 2515 honis
2069 2492 2175 2516 vatibus
2195 2493 2261 2517 edu-

1680 2528 1773 2554 catus,

1378 2563 1464 2589 Omen
1483 2561 1692 2590 animadvertit,
1717 2562 1745 2584 et
1763 2560 1843 2584 iussit
1862 2560 1944 2583 alium
1964 2566 2061 2583 novum

1379 2599 1520 2622 Cratercm
1539 2595 1668 2625 implere,
1696 2595 1804 2624 priores
1823 2600 1889 2617 vero
1911 2594 2054 2618 libationes
2074 2594 2124 2618 nei

1377 2633 1430 2656 Dat
1447 2634 1555 2659 terrae,
1580 2630 1757 2658 omnibusque
1775 2627 1913 2651 effundere
1932 2628 2021 2653 edicit.

1376 2666 1518 2690 silentium
1538 2670 1606 2688 vero
1625 2664 1777 2691 successit;
1803 2662 1944 2691 explemus
1963 2668 2028 2686 rore

1375 2701 1506 2724 crateres
1527 2704 1640 2722 sacros.
1669 2703 1693 2720 et
1713 2696 1817 2719 Biblina
1838 2696 1954 2725 potione.
