2373 2980
240 131 288 168 47

241 229 319 249 cum
339 216 439 259 signo
453 243 460 255 ‚
490 215 525 248 in
544 227 614 260 quo
638 214 703 247 suit
728 214 901 252 desectus,
934 213 1165 257 copulentur,
1199 219 1233 245 et

240 268 268 301 si
287 269 440 300 desectus
460 267 525 300 illis
543 266 746 309 regionibus
769 276 875 308 supra
894 270 1024 296 terram
1043 263 1232 297 extiterint.

523 361 574 392 De
601 363 742 400 {empore
767 362 950 391 eventuum.

345 427 503 460 Secunda
538 426 700 458 doctrina
732 427 775 458 de
808 432 968 468 tempore
1007 423 1233 467 significatio-

241 492 325 512 num
344 485 376 510 et
393 477 599 515 duratione,
628 477 708 510 talis
724 483 785 510 est.
847 476 936 509 Cum
963 475 1056 508 enim
1080 475 1233 507 desectus

241 530 332 564 Solis
357 536 389 561 et
407 528 530 561 Lunae
555 540 628 560 non
655 528 778 562 iisdem
805 525 902 560 boris
926 526 1171 571 inaequalibus
1196 525 1232 557 in

241 580 406 613 omnibus
425 579 627 623 regionibns
652 580 756 618 fiant,
790 590 853 611 nec
880 577 1081 611 obscuratio
1108 588 1233 620 corpo-

240 645 338 671 rum,
367 643 430 664 nec
446 631 586 663 duratio
605 630 729 663 similis
747 629 809 663 sit:
835 630 990 673 primum
1014 628 1051 660 in
1076 627 1234 673 qualibet

239 684 384 727 regione
403 694 466 726 pro
485 682 718 726 proportione
745 686 948 719 sumentur,
985 677 1072 711 hora
1100 678 1232 723 eclipti-

240 746 300 772 ca,
336 740 369 766 et
395 733 467 777 poli
494 733 663 771 altitudo,
706 738 739 764 et
765 731 946 769 cardines,
980 736 1020 762 ut
1043 729 1079 762 in
1103 729 1232 773 genesi.

239 784 396 823 Deinde,
435 789 521 829 quot
546 781 644 816 boris
672 781 990 827 aequinoctialibus
1014 781 1050 812 in
1075 781 1234 825 qualibet

240 836 402 878 regione,
430 847 495 878 pro
515 834 761 878 proportione,
788 835 892 866 duret
907 832 1122 872 obscuratio,
1151 844 1233 865 con-

240 887 468 921 siderandum
489 891 551 918 est.

342 945 404 978 His
423 944 619 990 inquisitis,
647 949 733 988 quot
753 941 859 976 boras
882 941 1156 987 aequinoctiales
1182 941 1233 973 in-

240 997 440 1035 veniemus,
469 1002 521 1028 tot
537 994 639 1028 annis
657 995 799 1027 durabit
817 999 962 1026 eventus
981 993 1118 1037 eclipsis
1135 991 1234 1025 Sola-

239 1049 304 1088 ris,
334 1054 386 1080 tot
402 1058 486 1079 vero
506 1046 684 1079 nwusihus
708 1044 844 1088 eclipsis
861 1043 1027 1077 Lunaris.

341 1106 443 1139 Initia
462 1118 546 1138 vero
566 1112 599 1138 et
617 1105 834 1137 incrementa
856 1103 1082 1136 effectionum
1105 1114 1234 1146 cogno-

239 1171 375 1192 scemus
410 1170 450 1190 ex
479 1158 556 1189 loco
593 1157 766 1195 desectus,
815 1154 1030 1198 adspiciente
1060 1153 1234 1185 cardines.

238 1210 330 1244 Nam
356 1222 435 1242 cuin
461 1208 557 1241 locus
581 1208 648 1239 erit
673 1207 707 1238 in
735 1204 921 1239 horizonte
945 1204 1132 1243 orientali,
1168 1203 1234 1235 iui-

240 1261 329 1293 tium
356 1260 422 1292 erit
439 1271 457 1291 a
479 1258 732 1304 quadrimestri
756 1257 921 1301 proximo
943 1261 1023 1300 post
1047 1255 1233 1288 desectum.

238 1309 532 1344 Veliementiores
550 1316 665 1342 autem
686 1307 950 1352 progressiones
970 1312 1074 1339 erunt
1100 1306 1137 1338 in
1163 1305 1234 1349 pri-

239 1375 298 1395 mo
318 1362 445 1394 triente
465 1361 649 1394 universae
666 1358 877 1393 durationis.
930 1357 998 1390 Sed
1015 1357 1044 1390 si
1060 1357 1156 1389 locus
1176 1358 1234 1389 de-

238 1415 348 1447 fectus
372 1413 439 1446 erit
461 1412 497 1444 in
524 1411 642 1444 medio
668 1411 773 1450 coeli,
816 1409 917 1442 initia
950 1414 1053 1441 erunt
1080 1408 1233 1441 secundo

240 1463 510 1510 quadrimestri,
538 1468 572 1496 et
596 1460 879 1495 vehementiores
905 1459 1171 1504 progressiones
1196 1459 1232 1490 in

239 1516 393 1550 secundo
414 1515 554 1547 triente.
615 1513 676 1546 Sin
692 1519 809 1546 autem
828 1511 894 1545 erit
909 1512 1006 1544 locus
1024 1511 1178 1543 defectus
1198 1510 1235 1542 in

240 1566 451 1599 occidentali
486 1564 693 1603 horizonte,
740 1563 840 1596 initia
873 1568 978 1595 erunt
1010 1562 1115 1594 tertio
1148 1573 1234 1606 qua-

238 1616 419 1650 drimestri
449 1623 482 1649 et
511 1613 793 1648 vehementiores
826 1613 1028 1647 effectiones
1060 1613 1098 1645 in
1129 1612 1234 1645 tertio

240 1669 380 1702 triente.

342 1727 477 1760 Verum
504 1726 736 1771 particulares
762 1725 987 1758 remissiones
1010 1730 1045 1756 et
1068 1722 1236 1755 intentio-

241 1792 301 1813 nes
326 1779 577 1811 iudicabuntur
610 1790 650 1810 ex
686 1775 1016 1814 coniunctionibus,
1060 1786 1150 1819 quae
1183 1774 1235 1805 in-

242 1830 345 1863 terim
371 1831 454 1862 flent
478 1829 512 1860 in
537 1829 596 1860 illo
619 1829 716 1868 loco,
748 1827 809 1860 ubi
831 1828 897 1859 suit
923 1825 1078 1869 eclipsis,
1114 1831 1175 1857 aut
1198 1824 1234 1856 in

242 1880 518 1925 adspicientibus
536 1892 614 1912 eum
638 1880 774 1918 locum,
813 1885 846 1910 et
869 1879 911 1909 ab
935 1877 1010 1909 aliis
1034 1876 1140 1909 stellis
1164 1888 1232 1908 una

242 1931 458 1970 orientibus,
486 1943 575 1975 quae
596 1930 794 1973 significant
819 1928 1039 1966 effectiones,
1071 1939 1150 1959 cum
1175 1933 1236 1959 aut

240 1983 277 2015 in
295 1989 395 2021 ortu,
423 1988 482 2014 aut
502 1982 537 2013 iu
556 1994 698 2021 occasu,
727 1986 787 2013 aut
804 1979 841 2011 in
858 1978 1088 2017 stationibus,
1122 1977 1235 2010 autin

242 2041 324 2067 ortu
342 2032 564 2077 vespertino,
591 2032 690 2076 signa
711 2030 930 2075 adspiciunt,
957 2029 993 2061 in
1017 2029 1144 2073 quihus
1170 2028 1236 2061 suit

242 2086 408 2118 desectus.

345 2144 438 2178 Nam
474 2149 571 2175 ortus
601 2148 635 2174 et
664 2141 833 2174 stationes
857 2140 992 2173 faciunt
1015 2139 1234 2171 incrementa

243 2201 446 2228 eventuum.
515 2192 555 2226 In
589 2204 714 2225 occasu
739 2204 824 2224 vero
852 2197 885 2223 et
910 2190 1145 2223 occultatione
1170 2190 1234 2222 sub

242 2246 376 2285 radiis,
424 2251 457 2278 et
492 2251 573 2277 ortu
608 2243 809 2287 vespertino
830 2268 839 2282 ,
885 2241 1112 2274 remissiones
1148 2242 1235 2273 fiunt

243 2303 446 2330 eventuum.

532 2391 584 2421 De
607 2399 729 2432 yenere
756 2392 941 2421 eventuum.

346 2456 508 2490 Tertium
525 2462 629 2499 caput
646 2462 716 2494 est,
744 2455 838 2488 unde
861 2454 1012 2493 sciatur,
1031 2453 1163 2498 ,quales
1185 2454 1238 2486 su-

244 2508 314 2541 turi
332 2508 402 2541 sint
419 2514 574 2540 eventus.
633 2504 670 2537 Id
689 2518 728 2538 ex
748 2506 976 2551 qualitatibus
994 2511 1027 2537 et
1043 2504 1164 2548 figuris
1180 2516 1237 2537 eo-

243 2571 322 2592 rum
343 2559 525 2602 signorum
550 2556 721 2596 sumitur,
759 2558 795 2588 in
819 2557 947 2601 quibus
969 2556 1114 2588 suerunt
1134 2555 1238 2588 lumi-

243 2622 330 2643 num
350 2610 526 2648 desectus,
553 2614 586 2641 et
602 2608 687 2640 locis
703 2608 882 2641 stellarum
901 2607 1165 2640 dominantium
1185 2619 1238 2640 er-

243 2662 435 2694 raticarum
456 2667 490 2693 et
503 2661 671 2697 fixarum,
707 2664 741 2691 et
762 2658 862 2702 signo
881 2659 978 2702 ipso,
1014 2658 1051 2690 in
1078 2670 1149 2703 quo
1171 2658 1239 2691 suit

245 2713 418 2752 defectus,
444 2719 477 2745 et
493 2712 613 2756 signo,
641 2710 737 2756 quod
757 2716 808 2743 est
825 2709 859 2742 in
879 2709 1033 2743 cardine.

821 127 942 161 PHIL.
977 125 1090 160 MEL.
1125 125 1326 162 SCRIPTA
1365 124 1701 161 PHILOLOGICA.

2231 125 2281 160 48

1388 212 1597 245 Dominatio
1635 217 1754 244 autem
1785 211 1965 244 stellarum
1997 210 2194 245 errantium
2229 211 2279 244 ita
2316 205 2317 209 ¹

1286 270 1456 297 sumetur.
1510 264 1599 297 Nam
1619 262 1679 307 qui
1705 262 1846 305 planeta
1869 262 2029 306 pluribus
2055 262 2171 296 modis
2196 273 2280 295 con-

1286 321 1385 358 gruet
1411 315 1452 346 ad
1476 320 1667 358 utrumque
1690 313 1807 345 locum
1832 313 2006 353 defectus,
2041 319 2076 346 et
2098 314 2142 346 ad
2165 313 2280 346 cardi-

1287 377 1387 404 nem,
1416 365 1475 410 qui
1493 366 1672 409 sequitur,
1700 361 1757 396 hic
1773 363 1868 397 solus
1885 364 2147 404 dominabitur,
2183 364 2279 397 vide-

1286 416 1366 448 licet
1392 416 1452 461 qui
1478 422 1672 460 apparente
1695 426 1834 448 accessu
1855 420 1916 448 aut
1941 414 2140 448 defluxione
2160 415 2279 459 proxi-

1287 479 1364 500 mus
1387 473 1456 507 est,
1491 473 1552 499 aut
1583 466 1644 512 qui
1676 467 1843 511 adspectu
1873 466 1993 511 aliquo
2028 467 2279 510 configuratus,

1287 524 1346 551 aut
1366 519 1443 562 plus
1470 517 1564 550 valet
1587 524 1733 562 propter
1759 517 2000 556 domicilium,
2036 523 2098 550 aut
2121 517 2279 561 triangu-

1286 569 1381 608 lum,
1415 575 1476 602 aut
1499 569 1744 608 altitudinem,
1781 574 1842 602 aut
1871 574 2018 612 propter
2050 568 2148 602 fines.
2214 568 2278 601 Sin

1286 626 1403 653 autem
1422 632 1495 652 non
1519 620 1699 653 invenitur
1720 620 1813 652 idem
1840 619 2006 653 dominus
2029 619 2098 652 loci
2123 619 2278 653 defectus

1287 677 1320 704 et
1335 671 1507 711 cardinis,
1541 672 1602 705 sed
1629 672 1718 704 duo:
1756 671 1973 704 anteferatur
1995 670 2138 716 quidem
2163 670 2278 704 domi-

1287 735 1351 756 nus
1367 723 1434 755 loci
1451 723 1623 761 desectus,
1646 723 1705 755 sed
1722 728 1842 754 tamen
1858 722 2072 765 adlungatur
2088 721 2194 762 alter,
2216 720 2279 766 qui

1287 774 1330 806 ad
1347 780 1537 818 utrumque
1556 773 1669 816 magis
1686 773 1859 816 congruit.

1286 825 1405 858 stellae
1423 825 1499 869 pari
1517 824 1708 858 autoritate
1727 830 1918 869 utrumque
1936 823 2052 856 locum
2071 823 2203 857 intueri
2227 823 2278 855 vi-

1287 876 1483 909 debuntur:
1513 876 1739 908 anteferenda
1764 875 1831 909 erit
1853 874 2002 919 propior
2027 874 2181 914 cardini,
2216 880 2279 908 aut

1287 927 1469 971 potentior
1484 927 1759 971 significatione,
1787 932 1847 959 aut
1865 926 2034 971 qualitate
2053 925 2279 959 familiarior.
2323 936 2330 939 “

1388 986 1576 1019 Stellarum
1601 993 1717 1019 autem
1743 987 1892 1019 fixarum
1916 986 2125 1019 assumenda
2150 991 2202 1018 est
2224 996 2278 1024 ea,

1288 1048 1378 1081 quae
1395 1037 1494 1082 quasi
1513 1037 1688 1081 praesidet
1699 1036 1938 1081 praetereunti
1948 1036 2097 1077 cardini,
2115 1042 2149 1069 et
2161 1035 2278 1080 splen-

1288 1089 1373 1120 dore
1391 1088 1510 1131 potior
1529 1094 1578 1121 est
1595 1090 1786 1121 secundum
1804 1100 1933 1120 novem
1951 1088 2096 1127 modos,
2131 1098 2221 1132 quos
2240 1086 2278 1118 in

1287 1137 1378 1170 libro
1414 1145 1539 1171 octavo
1573 1139 1725 1182 Magnae
1760 1138 2028 1182 compositionis
2044 1138 2087 1183 ¹¹)
2127 1137 2277 1175 tradidi3

1288 1195 1349 1221 aut
1374 1201 1464 1233 quae
1491 1189 1596 1222 simul
1621 1190 1734 1222 oritur
1756 1189 1792 1221 in
1816 1190 1891 1233 ipsa
1909 1187 1997 1221 hora
2016 1190 2191 1227 desectus,
2220 1193 2282 1221 aut

1288 1246 1383 1272 tenet
1401 1239 1557 1273 medium
1576 1240 1664 1272 coeli
1680 1240 1775 1273 iuxta
1792 1240 1966 1279 cardines,
1992 1239 2110 1272 locum
2126 1240 2281 1272 desectus

1288 1297 1485 1336 sequentes.

1389 1341 1453 1375 His
1478 1342 1525 1374 ita
1548 1340 1798 1380 consideratis,
1833 1347 1868 1373 et
1892 1340 2080 1384 assumptis
2103 1340 2212 1374 stellis
2235 1340 2281 1373 ad

1288 1404 1410 1426 causas
1428 1392 1652 1432 iudicandas,
1679 1392 1812 1435 figurae
1826 1392 2008 1435 signorum
2027 1391 2281 1435 adspiciantur,

1288 1444 1325 1476 in
1343 1443 1469 1488 quibus
1486 1445 1524 1476 fit
1539 1444 1711 1481 desectus,
1740 1447 1774 1474 et
1790 1442 1826 1474 in
1843 1442 1971 1487 quibus
1985 1448 2067 1475 sunt
2082 1442 2203 1475 stellae
2218 1441 2281 1474 do—

1287 1494 1484 1535 minantes,
1511 1495 1604 1527 unde
1621 1505 1730 1538 genus
1747 1499 1938 1527 eventuum
1963 1493 2115 1527 iudicari
2138 1491 2282 1537 poterit.

1288 1546 1381 1580 Nam
1400 1558 1490 1591 quae
1514 1544 1648 1579 hahent
1664 1543 1859 1578 humanam
1883 1546 2032 1588 figuram
2057 1544 2094 1577 in
2111 1543 2281 1583 Zodiaco,

1288 1597 1486 1640 significant
1510 1595 1726 1630 hominibus.
1795 1596 1997 1629 Terrestria
2032 1607 2117 1628 vero
2151 1594 2282 1638 signifi·

1289 1654 1370 1680 cant
1387 1649 1428 1682 iis
1441 1675 1449 1689 ,
1478 1661 1630 1694 quorum
1648 1649 1781 1691 figurae
1799 1647 1906 1691 signis
1922 1646 2054 1680 similes
2071 1652 2164 1680 sunt.
2202 1645 2282 1678 Ser-

1288 1705 1411 1743 pentes
1429 1700 1519 1732 mala
1541 1699 1741 1743 significant
1759 1710 1800 1730 ex
1815 1698 2001 1742 anguibus,
2028 1704 2062 1730 et
2077 1698 2170 1730 serae
2186 1696 2281 1729 mala

1289 1762 1330 1783 ex
1355 1750 1450 1784 feris.
1513 1750 1652 1784 Bestiae
1683 1756 1888 1783 mansuetae
1919 1748 2120 1792 significant
2149 1749 2282 1780 damna

1289 1813 1329 1834 ex
1357 1801 1558 1834 domesticis
1582 1808 1614 1834 et
1639 1801 1850 1841 mansuetis,
1900 1806 1933 1833 et
1963 1800 2005 1832 ad
2034 1799 2204 1832 utilitates
2229 1797 2282 1830 vi·

1289 1858 1343 1884 tae
1369 1852 1665 1893 accommodatis,
1691 1859 1730 1885 ut
1753 1851 1973 1895 singularum
1996 1851 2190 1894 figurarum
2213 1849 2283 1882 fert

1288 1903 1400 1943 ratio,
1448 1916 1642 1948 equorum,
1678 1904 1786 1936 boum
1823 1908 1856 1934 et
1889 1902 2053 1935 aliarum.
2120 1900 2166 1934 Et
2195 1901 2282 1944 figu-

1288 1966 1347 1986 rae
1378 1954 1671 1999 septentrionales
1701 1960 1862 1986 terrenae
1896 1953 2031 1986 subitos
2061 1959 2177 1985 terrae
2204 1963 2281 1984 mo-

1289 2012 1343 2039 tus
1362 2033 1370 2045 ,
1425 2005 1642 2038 meridianae
1682 2017 1830 2048 magnos
1868 2010 1901 2036 et
1938 2004 2178 2048 inexpectatos
2214 2003 2282 2035 im-

1288 2058 1378 2090 bres.
1432 2057 1521 2090 Cum
1545 2057 1642 2089 locus
1664 2056 1796 2099 figurae
1820 2055 2036 2098 pennigerae
2061 2055 2280 2094 dominatur,

1288 2115 1326 2141 ut
1344 2108 1474 2151 Virgo,
1502 2107 1730 2152 Sagittarius,
1755 2106 1914 2145 Gallina,
1942 2107 2072 2138 damna
2094 2105 2280 2138 volucrum

1288 2159 1551 2202 significantur,
1589 2170 1710 2192 earum
1736 2157 1944 2201 praecipue,
1979 2170 2130 2203 quarum
2156 2157 2193 2190 iu
2213 2155 2279 2191 hu-

1289 2223 1396 2243 mano
1414 2212 1508 2244 victu
1524 2223 1607 2245 usus
1632 2217 1693 2244 est.
1752 2209 1789 2242 Si
1814 2220 1899 2241 vero
1921 2209 2121 2242 natantium
2146 2210 2279 2253 figurae

1290 2262 1542 2302 dominantur,
1569 2268 1715 2295 eventus
1738 2267 1842 2294 erunt
1867 2260 1903 2292 in
1929 2260 2100 2305 aquaticis
2123 2267 2156 2294 et
2178 2259 2281 2304 pisci-

1288 2313 1373 2351 bus,
1398 2325 1460 2346 seu
1478 2313 1659 2352 marinae,
1686 2319 1725 2345 ut
1743 2311 1889 2350 Cancer,
1919 2311 2170 2355 Capricornus,
2198 2310 2280 2344 Del-

1292 2362 1437 2408 phinus;
1473 2371 1556 2397 tunc
1574 2364 1667 2397 enim
1686 2362 1833 2396 marinis
1852 2363 2070 2406 significatur
2087 2369 2120 2396 et
2135 2362 2282 2406 naviga-

1290 2415 1468 2453 tionibus;
1512 2428 1574 2449 seu
1599 2414 1806 2454 fluviatiles,
1849 2420 1887 2446 ut
1913 2414 2112 2459 Aquarius,
2146 2413 2280 2450 Pisces;

1290 2473 1374 2499 tunc
1409 2466 1502 2499 enirn
1538 2466 1766 2499 fluviatilibus
1802 2471 1836 2497 et
1863 2465 2019 2498 fontanis
2052 2465 2281 2509 significatur.

1290 2518 1386 2561 Argo
1405 2518 1564 2563 utrisque
1578 2516 1761 2560 significat.
1813 2515 1858 2548 Et
1875 2517 1911 2548 in
1928 2516 2073 2560 tropicis
2099 2522 2132 2548 et
2161 2515 2282 2561 aequi-

1290 2569 1502 2602 noctialibus
1519 2568 1626 2602 stellis
1639 2568 1874 2601 communiter
1890 2574 1994 2600 nocet
2009 2566 2144 2611 eclipsis
2161 2573 2195 2600 et
2208 2565 2283 2599 aeri

1326 2691 1372 2718 11)
1389 2689 1429 2713 De
1460 2689 1509 2712 hoc
1533 2685 1684 2711 Ptolemaei
1714 2691 1812 2715 opere,
1848 2683 1964 2716 Μεγάλη
1991 2681 2116 2713 σύνταξις
2146 2684 2279 2715 inscripto

1360 2725 1432 2748 conf.
1452 2723 1651 2752 Protegomena
1668 2727 1692 2751 p.
1710 2721 1721 2743 ι
1733 2721 1797 2743 -4,

1919 772 1982 805 Sin
2005 778 2122 805 autem
2145 772 2277 806 multae
2322 776 2325 778 '
